{"_local_timestamp": "2026-01-25T23:41:27.416321+00:00", "data": [{"market": "0x91d79958939f3e88531fce9bc7eaeec8d7b4769153fa4e53c4503459a0f16c3f", "asset_id": "90269627864460583420982290650021535785505976210587921281195719192141026655307", "timestamp": "1769382376790", "hash": "392a4e3eda123a0db2e3520780dee23c4842d84a", "bids": [{"price": "0.01", "size": "102.04"}, {"price": "0.02", "size": "28.72"}, {"price": "0.03", "size": "39.99"}], "asks": [{"price": "0.99", "size": "99.99"}, {"price": "0.98", "size": "40"}, {"price": "0.95", "size": "15.47"}], "event_type": "book", "last_trade_price": ""}, {"market": "0x1baca8338e2b25ca1cf132612516ac229a3bb0854b9f912edf2094321a1e7682", "asset_id": "96939983979358494409124696452963316471791524314176669493728080115998612165684", "timestamp": "1769384195528", "hash": "445b4303f4ddff576aa243edc7befb0d10c1ca0c", "bids": [{"price": "0.01", "size": "11247.18"}, {"price": "0.02", "size": "899.93"}, {"price": "0.03", "size": "19.9"}, {"price": "0.04", "size": "42.49"}], "asks": [{"price": "0.99", "size": "11244.53"}, {"price": "0.98", "size": "41"}, {"price": "0.95", "size": "15.47"}], "event_type": "book", "last_trade_price": ""}, {"market": "0xef5c5969a92073bb331d390a8fd253247e55db495dd0d282bebcd213fc9e98f9", "asset_id": "111408097440170058305299086416986717861661628547278416005231349202740096264137", "timestamp": "1769383978804", "hash": "66df13d67b959ef7ddd48bdf0d59f1a7ba430d9a", "bids": [{"price": "0.01", "size": "11196.85"}, {"price": "0.02", "size": "40.59"}, {"price": "0.05", "size": "15.47"}], "asks": [{"price": "0.99", "size": "11196.85"}, {"price": "0.98", "size": "30.33"}, {"price": "0.97", "size": "56.65"}], "event_type": "book", "last_trade_price": ""}, {"market": "0x1baca8338e2b25ca1cf132612516ac229a3bb0854b9f912edf2094321a1e7682", "asset_id": "44624636737386069107481745579901218895720830797355610884133049251532864861970", "timestamp": "1769384195528", "hash": "d65ad1b41a9e7efb6e9b92fd341643a89136e203", "bids": [{"price": "0.01", "size": "11244.53"}, {"price": "0.02", "size": "41"}, {"price": "0.05", "size": "15.47"}], "asks": [{"price": "0.99", "size": "11247.18"}, {"price": "0.98", "size": "899.93"}, {"price": "0.97", "size": "19.9"}, {"price": "0.96", "size": "42.49"}], "event_type": "book", "last_trade_price": ""}, {"market": "0xef5c5969a92073bb331d390a8fd253247e55db495dd0d282bebcd213fc9e98f9", "asset_id": "24785562735989416010826268425089148929312550693817152898319391113116435314213", "timestamp": "1769383978804", "hash": "467da2737c78cc3039b0c0cef492b6defa1948be", "bids": [{"price": "0.01", "size": "11196.85"}, {"price": "0.02", "size": "30.33"}, {"price": "0.03", "size": "56.65"}], "asks": [{"price": "0.99", "size": "11196.85"}, {"price": "0.98", "size": "40.59"}, {"price": "0.95", "size": "15.47"}], "event_type": "book", "last_trade_price": ""}, {"market": "0xf21468031abfc62aab279451b55909f1ff3b7d9fa467cc03f7772db7901dc0de", "asset_id": "76630576861944765413506128741840827685262842411745127460503614840988645423562", "timestamp": "1769384193511", "hash": "2b2335977117529d500d9cada9c5b530d9254a76", "bids": [{"price": "0.01", "size": "11245.35"}, {"price": "0.02", "size": "899.05"}, {"price": "0.03", "size": "21.1"}, {"price": "0.05", "size": "15.47"}], "asks": [{"price": "0.99", "size": "11253.63"}, {"price": "0.98", "size": "905.17"}, {"price": "0.97", "size": "14.26"}, {"price": "0.96", "size": "42.49"}], "event_type": "book", "last_trade_price": ""}, {"market": "0xf3eccc339323db0676738e78d7f47442feb23a5d379d8023f74b5d25895e1a26", "asset_id": "17530713902603044125757289872480212103623079013818634835807864395004963048346", "timestamp": "1769384386492", "hash": "86204c9014271cc095ccf41e8ef42c775d6d23da", "bids": [{"price": "0.01", "size": "11231.68"}, {"price": "0.02", "size": "47.42"}, {"price": "0.52", "size": "50"}, {"price": "0.58", "size": "77"}], "asks": [{"price": "0.99", "size": "9274.4"}, {"price": "0.98", "size": "6047.43"}, {"price": "0.97", "size": "5079.03"}, {"price": "0.96", "size": "5999.11"}, {"price": "0.88", "size": "50"}, {"price": "0.78", "size": "10"}, {"price": "0.69", "size": "100"}], "event_type": "book", "last_trade_price": "0.580"}, {"market": "0xf21468031abfc62aab279451b55909f1ff3b7d9fa467cc03f7772db7901dc0de", "asset_id": "58415962039260763296864127629175407898456935938373964769648785657031071549288", "timestamp": "1769384193511", "hash": "d5af49596cdc862a2e7e4a7287fa911b18406ad1", "bids": [{"price": "0.01", "size": "11253.63"}, {"price": "0.02", "size": "905.17"}, {"price": "0.03", "size": "14.26"}, {"price": "0.04", "size": "42.49"}], "asks": [{"price": "0.99", "size": "11245.35"}, {"price": "0.98", "size": "899.05"}, {"price": "0.97", "size": "21.1"}, {"price": "0.95", "size": "15.47"}], "event_type": "book", "last_trade_price": ""}, {"market": "0xf3eccc339323db0676738e78d7f47442feb23a5d379d8023f74b5d25895e1a26", "asset_id": "110235819947154328499387875920481176956297513114069970695287516686707153024869", "timestamp": "1769384386492", "hash": "08cc1afa7b62eef62b5d3e3a62532d32a75b1d8b", "bids": [{"price": "0.01", "size": "9274.4"}, {"price": "0.02", "size": "6047.43"}, {"price": "0.03", "size": "5079.03"}, {"price": "0.04", "size": "5999.11"}, {"price": "0.12", "size": "50"}, {"price": "0.22", "size": "10"}, {"price": "0.31", "size": "100"}], "asks": [{"price": "0.99", "size": "11231.68"}, {"price": "0.98", "size": "47.42"}, {"price": "0.48", "size": "50"}, {"price": "0.42", "size": "77"}], "event_type": "book", "last_trade_price": "0.580"}, {"market": "0x91d79958939f3e88531fce9bc7eaeec8d7b4769153fa4e53c4503459a0f16c3f", "asset_id": "61576362852686876078966954404957716365618073599087383348509717163432723963567", "timestamp": "1769382376790", "hash": "de1dfd2a66973a7c966a19a44cdb4aee06e3a146", "bids": [{"price": "0.01", "size": "99.99"}, {"price": "0.02", "size": "40"}, {"price": "0.05", "size": "15.47"}], "asks": [{"price": "0.99", "size": "102.04"}, {"price": "0.98", "size": "28.72"}, {"price": "0.97", "size": "39.99"}], "event_type": "book", "last_trade_price": ""}]}
{"_local_timestamp": "2026-01-25T23:42:13.433772+00:00", "data": {"market": "0xf21468031abfc62aab279451b55909f1ff3b7d9fa467cc03f7772db7901dc0de", "price_changes": [{"asset_id": "58415962039260763296864127629175407898456935938373964769648785657031071549288", "price": "0.01", "size": "11237.04", "side": "BUY", "hash": "2823dab8da50cb7894f7365bcd09c850150dbe2c", "best_bid": "0.04", "best_ask": "0.95"}, {"asset_id": "76630576861944765413506128741840827685262842411745127460503614840988645423562", "price": "0.99", "size": "11237.04", "side": "SELL", "hash": "9b4168e204e30bbfe6e8c1b8cee940b5c2fd97a6", "best_bid": "0.05", "best_ask": "0.96"}], "timestamp": "1769384533362", "event_type": "price_change"}}
{"_local_timestamp": "2026-01-25T23:42:13.435020+00:00", "data": {"market": "0xf21468031abfc62aab279451b55909f1ff3b7d9fa467cc03f7772db7901dc0de", "price_changes": [{"asset_id": "58415962039260763296864127629175407898456935938373964769648785657031071549288", "price": "0.02", "size": "890.11", "side": "BUY", "hash": "2823dab8da50cb7894f7365bcd09c850150dbe2c", "best_bid": "0.04", "best_ask": "0.95"}, {"asset_id": "76630576861944765413506128741840827685262842411745127460503614840988645423562", "price": "0.98", "size": "890.11", "side": "SELL", "hash": "9b4168e204e30bbfe6e8c1b8cee940b5c2fd97a6", "best_bid": "0.05", "best_ask": "0.96"}], "timestamp": "1769384533362", "event_type": "price_change"}}
{"_local_timestamp": "2026-01-25T23:42:14.050319+00:00", "data": {"market": "0xf21468031abfc62aab279451b55909f1ff3b7d9fa467cc03f7772db7901dc0de", "price_changes": [{"asset_id": "58415962039260763296864127629175407898456935938373964769648785657031071549288", "price": "0.02", "size": "905.17", "side": "BUY", "hash": "b27011ab23d712e8873beb878d3d9936302968d7", "best_bid": "0.04", "best_ask": "0.95"}, {"asset_id": "76630576861944765413506128741840827685262842411745127460503614840988645423562", "price": "0.98", "size": "905.17", "side": "SELL", "hash": "ab1a4ac971728087aad9c79f24477ebce7715555", "best_bid": "0.05", "best_ask": "0.96"}], "timestamp": "1769384533986", "event_type": "price_change"}}
{"_local_timestamp": "2026-01-25T23:42:14.050742+00:00", "data": {"market": "0xf21468031abfc62aab279451b55909f1ff3b7d9fa467cc03f7772db7901dc0de", "price_changes": [{"asset_id": "58415962039260763296864127629175407898456935938373964769648785657031071549288", "price": "0.01", "size": "11253.63", "side": "BUY", "hash": "341feebb6790bcf394713083203dce474528404a", "best_bid": "0.04", "best_ask": "0.95"}, {"asset_id": "76630576861944765413506128741840827685262842411745127460503614840988645423562", "price": "0.99", "size": "11253.63", "side": "SELL", "hash": "72920fc90858be756b8bb0b9dc6a34c09ff4df6c", "best_bid": "0.05", "best_ask": "0.96"}], "timestamp": "1769384533987", "event_type": "price_change"}}
{"_local_timestamp": "2026-01-25T23:42:16.219925+00:00", "data": {"market": "0xf3eccc339323db0676738e78d7f47442feb23a5d379d8023f74b5d25895e1a26", "price_changes": [{"asset_id": "110235819947154328499387875920481176956297513114069970695287516686707153024869", "price": "0.03", "size": "5047.43", "side": "BUY", "hash": "9ca2bd33526593d611df19d2495b3d2c17aba226", "best_bid": "0.31", "best_ask": "0.42"}, {"asset_id": "17530713902603044125757289872480212103623079013818634835807864395004963048346", "price": "0.97", "size": "5047.43", "side": "SELL", "hash": "968921edef74e60a13b08f717b62ac0847515193", "best_bid": "0.58", "best_ask": "0.69"}], "timestamp": "1769384536139", "event_type": "price_change"}}
{"_local_timestamp": "2026-01-25T23:42:16.284606+00:00", "data": {"market": "0xf3eccc339323db0676738e78d7f47442feb23a5d379d8023f74b5d25895e1a26", "price_changes": [{"asset_id": "110235819947154328499387875920481176956297513114069970695287516686707153024869", "price": "0.02", "size": "1890.11", "side": "BUY", "hash": "5bac24fb880337d68c6b27049bca126edfe7714e", "best_bid": "0.31", "best_ask": "0.42"}, {"asset_id": "17530713902603044125757289872480212103623079013818634835807864395004963048346", "price": "0.98", "size": "1890.11", "side": "SELL", "hash": "806042d8907f910f69dc10f8523121b291e5b405", "best_bid": "0.58", "best_ask": "0.69"}], "timestamp": "1769384536218", "event_type": "price_change"}}
{"_local_timestamp": "2026-01-25T23:42:16.285037+00:00", "data": {"market": "0xf3eccc339323db0676738e78d7f47442feb23a5d379d8023f74b5d25895e1a26", "price_changes": [{"asset_id": "110235819947154328499387875920481176956297513114069970695287516686707153024869", "price": "0.04", "size": "0", "side": "BUY", "hash": "5bac24fb880337d68c6b27049bca126edfe7714e", "best_bid": "0.31", "best_ask": "0.42"}, {"asset_id": "17530713902603044125757289872480212103623079013818634835807864395004963048346", "price": "0.96", "size": "0", "side": "SELL", "hash": "806042d8907f910f69dc10f8523121b291e5b405", "best_bid": "0.58", "best_ask": "0.69"}], "timestamp": "1769384536218", "event_type": "price_change"}}
{"_local_timestamp": "2026-01-25T23:42:16.540317+00:00", "data": {"market": "0xf3eccc339323db0676738e78d7f47442feb23a5d379d8023f74b5d25895e1a26", "price_changes": [{"asset_id": "110235819947154328499387875920481176956297513114069970695287516686707153024869", "price": "0.01", "size": "8384.29", "side": "BUY", "hash": "5bac24fb880337d68c6b27049bca126edfe7714e", "best_bid": "0.31", "best_ask": "0.42"}, {"asset_id": "17530713902603044125757289872480212103623079013818634835807864395004963048346", "price": "0.99", "size": "8384.29", "side": "SELL", "hash": "806042d8907f910f69dc10f8523121b291e5b405", "best_bid": "0.58", "best_ask": "0.69"}], "timestamp": "1769384536218", "event_type": "price_change"}}
{"_local_timestamp": "2026-01-25T23:42:16.540826+00:00", "data": {"market": "0xf3eccc339323db0676738e78d7f47442feb23a5d379d8023f74b5d25895e1a26", "price_changes": [{"asset_id": "110235819947154328499387875920481176956297513114069970695287516686707153024869", "price": "0.05", "size": "15.61", "side": "BUY", "hash": "17257d648936640dab6e02230cedb46808e0a083", "best_bid": "0.31", "best_ask": "0.42"}, {"asset_id": "17530713902603044125757289872480212103623079013818634835807864395004963048346", "price": "0.95", "size": "15.61", "side": "SELL", "hash": "feb4d2b1704cb3e88acc4b15ab5313aa28c538c4", "best_bid": "0.58", "best_ask": "0.69"}], "timestamp": "1769384536426", "event_type": "price_change"}}
{"_local_timestamp": "2026-01-25T23:42:16.541165+00:00", "data": {"market": "0xf3eccc339323db0676738e78d7f47442feb23a5d379d8023f74b5d25895e1a26", "price_changes": [{"asset_id": "110235819947154328499387875920481176956297513114069970695287516686707153024869", "price": "0.02", "size": "1898.49", "side": "BUY", "hash": "80446b3dc429027ac979f743fe3aa1ac092ae414", "best_bid": "0.31", "best_ask": "0.42"}, {"asset_id": "17530713902603044125757289872480212103623079013818634835807864395004963048346", "price": "0.98", "size": "1898.49", "side": "SELL", "hash": "d7e024f68c74c4971b599ad3a9bb004df2ca4e5b", "best_bid": "0.58", "best_ask": "0.69"}], "timestamp": "1769384536429", "event_type": "price_change"}}
{"_local_timestamp": "2026-01-25T23:43:48.263497+00:00", "data": {"market": "0xf3eccc339323db0676738e78d7f47442feb23a5d379d8023f74b5d25895e1a26", "price_changes": [{"asset_id": "110235819947154328499387875920481176956297513114069970695287516686707153024869", "price": "0.02", "size": "898.49", "side": "BUY", "hash": "71a9048dbc2c359aa9c28ab023f3c72c39a43267", "best_bid": "0.31", "best_ask": "0.42"}, {"asset_id": "17530713902603044125757289872480212103623079013818634835807864395004963048346", "price": "0.98", "size": "898.49", "side": "SELL", "hash": "2f867add8c7bca3d2bc26ce14a8fe7fee22b7885", "best_bid": "0.58", "best_ask": "0.69"}], "timestamp": "1769384628196", "event_type": "price_change"}}
{"_local_timestamp": "2026-01-25T23:43:48.531329+00:00", "data": {"market": "0xf3eccc339323db0676738e78d7f47442feb23a5d379d8023f74b5d25895e1a26", "price_changes": [{"asset_id": "110235819947154328499387875920481176956297513114069970695287516686707153024869", "price": "0.01", "size": "9274.4", "side": "BUY", "hash": "b51f2cc3b182d498470f17b53eeadbd617148027", "best_bid": "0.31", "best_ask": "0.42"}, {"asset_id": "17530713902603044125757289872480212103623079013818634835807864395004963048346", "price": "0.99", "size": "9274.4", "side": "SELL", "hash": "e13a1e17e3cf38b55b7eafbb762383b1ecda5802", "best_bid": "0.58", "best_ask": "0.69"}], "timestamp": "1769384628467", "event_type": "price_change"}}
{"_local_timestamp": "2026-01-25T23:43:48.531744+00:00", "data": {"market": "0xf3eccc339323db0676738e78d7f47442feb23a5d379d8023f74b5d25895e1a26", "price_changes": [{"asset_id": "110235819947154328499387875920481176956297513114069970695287516686707153024869", "price": "0.02", "size": "2168.59", "side": "BUY", "hash": "07e0b7b13071cf8b1ba779aeba0fca450cf93be2", "best_bid": "0.31", "best_ask": "0.42"}, {"asset_id": "17530713902603044125757289872480212103623079013818634835807864395004963048346", "price": "0.98", "size": "2168.59", "side": "SELL", "hash": "47eb085c891b9199ad556179ce4de133873476e8", "best_bid": "0.58", "best_ask": "0.69"}], "timestamp": "1769384628468", "event_type": "price_change"}}
{"_local_timestamp": "2026-01-25T23:43:48.532083+00:00", "data": {"market": "0xf3eccc339323db0676738e78d7f47442feb23a5d379d8023f74b5d25895e1a26", "price_changes": [{"asset_id": "110235819947154328499387875920481176956297513114069970695287516686707153024869", "price": "0.02", "size": "4165.7", "side": "BUY", "hash": "f24881275cc722e90bce6a71608f1a27e1500caf", "best_bid": "0.31", "best_ask": "0.42"}, {"asset_id": "17530713902603044125757289872480212103623079013818634835807864395004963048346", "price": "0.98", "size": "4165.7", "side": "SELL", "hash": "ec37f5c28c963c8eeac5775d96f214f7e5067f62", "best_bid": "0.58", "best_ask": "0.69"}], "timestamp": "1769384628469", "event_type": "price_change"}}
{"_local_timestamp": "2026-01-25T23:43:48.532410+00:00", "data": {"market": "0xf3eccc339323db0676738e78d7f47442feb23a5d379d8023f74b5d25895e1a26", "price_changes": [{"asset_id": "110235819947154328499387875920481176956297513114069970695287516686707153024869", "price": "0.02", "size": "5055.81", "side": "BUY", "hash": "3fb39b1e1dca5104121386d25ecc9533c233d7fb", "best_bid": "0.31", "best_ask": "0.42"}, {"asset_id": "17530713902603044125757289872480212103623079013818634835807864395004963048346", "price": "0.98", "size": "5055.81", "side": "SELL", "hash": "61e5acfc69867b1c2d3db08e0f5a8c2cb3bffc7c", "best_bid": "0.58", "best_ask": "0.69"}], "timestamp": "1769384628469", "event_type": "price_change"}}
{"_local_timestamp": "2026-01-25T23:45:28.499780+00:00", "data": {"market": "0xf3eccc339323db0676738e78d7f47442feb23a5d379d8023f74b5d25895e1a26", "price_changes": [{"asset_id": "110235819947154328499387875920481176956297513114069970695287516686707153024869", "price": "0.02", "size": "5047.43", "side": "BUY", "hash": "4022ef22d84aa89310df4ee8e668df668fd32d5a", "best_bid": "0.31", "best_ask": "0.42"}, {"asset_id": "17530713902603044125757289872480212103623079013818634835807864395004963048346", "price": "0.98", "size": "5047.43", "side": "SELL", "hash": "8a783654ecbe0ca1122668cb34ca6f838767b238", "best_bid": "0.58", "best_ask": "0.69"}], "timestamp": "1769384728424", "event_type": "price_change"}}
{"_local_timestamp": "2026-01-25T23:45:28.500690+00:00", "data": {"market": "0xf21468031abfc62aab279451b55909f1ff3b7d9fa467cc03f7772db7901dc0de", "price_changes": [{"asset_id": "58415962039260763296864127629175407898456935938373964769648785657031071549288", "price": "0.01", "size": "11237.04", "side": "BUY", "hash": "9e20bc464991a2306492936cc8fff0eb8f895c2d", "best_bid": "0.04", "best_ask": "0.95"}, {"asset_id": "76630576861944765413506128741840827685262842411745127460503614840988645423562", "price": "0.99", "size": "11237.04", "side": "SELL", "hash": "e0bcc13b8c328e28b5b36f39eee2c1756ca34464", "best_bid": "0.05", "best_ask": "0.96"}], "timestamp": "1769384728424", "event_type": "price_change"}}
{"_local_timestamp": "2026-01-25T23:45:28.500994+00:00", "data": {"market": "0xf3eccc339323db0676738e78d7f47442feb23a5d379d8023f74b5d25895e1a26", "price_changes": [{"asset_id": "110235819947154328499387875920481176956297513114069970695287516686707153024869", "price": "0.05", "size": "0", "side": "BUY", "hash": "4022ef22d84aa89310df4ee8e668df668fd32d5a", "best_bid": "0.31", "best_ask": "0.42"}, {"asset_id": "17530713902603044125757289872480212103623079013818634835807864395004963048346", "price": "0.95", "size": "0", "side": "SELL", "hash": "8a783654ecbe0ca1122668cb34ca6f838767b238", "best_bid": "0.58", "best_ask": "0.69"}], "timestamp": "1769384728424", "event_type": "price_change"}}
{"_local_timestamp": "2026-01-25T23:45:28.501278+00:00", "data": {"market": "0xf21468031abfc62aab279451b55909f1ff3b7d9fa467cc03f7772db7901dc0de", "price_changes": [{"asset_id": "58415962039260763296864127629175407898456935938373964769648785657031071549288", "price": "0.02", "size": "890.11", "side": "BUY", "hash": "9e20bc464991a2306492936cc8fff0eb8f895c2d", "best_bid": "0.04", "best_ask": "0.95"}, {"asset_id": "76630576861944765413506128741840827685262842411745127460503614840988645423562", "price": "0.98", "size": "890.11", "side": "SELL", "hash": "e0bcc13b8c328e28b5b36f39eee2c1756ca34464", "best_bid": "0.05", "best_ask": "0.96"}], "timestamp": "1769384728424", "event_type": "price_change"}}
{"_local_timestamp": "2026-01-25T23:45:28.534967+00:00", "data": {"market": "0xf3eccc339323db0676738e78d7f47442feb23a5d379d8023f74b5d25895e1a26", "price_changes": [{"asset_id": "110235819947154328499387875920481176956297513114069970695287516686707153024869", "price": "0.03", "size": "0", "side": "BUY", "hash": "5c5dd7cb5488840b7d1e623a66f8a7d42e833a1e", "best_bid": "0.31", "best_ask": "0.42"}, {"asset_id": "17530713902603044125757289872480212103623079013818634835807864395004963048346", "price": "0.97", "size": "0", "side": "SELL", "hash": "79a341d3f11c4d6fc570f6907a8da8ea27bf822a", "best_bid": "0.58", "best_ask": "0.69"}], "timestamp": "1769384728470", "event_type": "price_change"}}
{"_local_timestamp": "2026-01-25T23:45:31.354733+00:00", "data": {"market": "0xf21468031abfc62aab279451b55909f1ff3b7d9fa467cc03f7772db7901dc0de", "price_changes": [{"asset_id": "58415962039260763296864127629175407898456935938373964769648785657031071549288", "price": "0.01", "size": "11253.63", "side": "BUY", "hash": "4f41b7169557cee72104e6669c6567a929f2d0d8", "best_bid": "0.04", "best_ask": "0.95"}, {"asset_id": "76630576861944765413506128741840827685262842411745127460503614840988645423562", "price": "0.99", "size": "11253.63", "side": "SELL", "hash": "00a684c60425c492b643aff945f81e3ef3acc76c", "best_bid": "0.05", "best_ask": "0.96"}], "timestamp": "1769384731284", "event_type": "price_change"}}
{"_local_timestamp": "2026-01-25T23:45:31.355621+00:00", "data": {"market": "0xf3eccc339323db0676738e78d7f47442feb23a5d379d8023f74b5d25895e1a26", "price_changes": [{"asset_id": "110235819947154328499387875920481176956297513114069970695287516686707153024869", "price": "0.03", "size": "31.6", "side": "BUY", "hash": "b32c315d56609eb895cbd857031afc93bfc2a55e", "best_bid": "0.31", "best_ask": "0.42"}, {"asset_id": "17530713902603044125757289872480212103623079013818634835807864395004963048346", "price": "0.97", "size": "31.6", "side": "SELL", "hash": "2e1c351b5c4d41e59de3538f5c43ad4e2c30d213", "best_bid": "0.58", "best_ask": "0.69"}], "timestamp": "1769384731285", "event_type": "price_change"}}
{"_local_timestamp": "2026-01-25T23:45:31.355987+00:00", "data": {"market": "0xf21468031abfc62aab279451b55909f1ff3b7d9fa467cc03f7772db7901dc0de", "price_changes": [{"asset_id": "58415962039260763296864127629175407898456935938373964769648785657031071549288", "price": "0.02", "size": "905.17", "side": "BUY", "hash": "4924e25e33e4aa8c03296559729235f18007db3d", "best_bid": "0.04", "best_ask": "0.95"}, {"asset_id": "76630576861944765413506128741840827685262842411745127460503614840988645423562", "price": "0.98", "size": "905.17", "side": "SELL", "hash": "d0cec10f24674e7377331646bd73831909df2d77", "best_bid": "0.05", "best_ask": "0.96"}], "timestamp": "1769384731285", "event_type": "price_change"}}
{"_local_timestamp": "2026-01-25T23:46:27.745440+00:00", "data": {"market": "0x1baca8338e2b25ca1cf132612516ac229a3bb0854b9f912edf2094321a1e7682", "price_changes": [{"asset_id": "96939983979358494409124696452963316471791524314176669493728080115998612165684", "price": "0.53", "size": "500", "side": "BUY", "hash": "c017df737b670ff711b96f6683ce146d1f96f771", "best_bid": "0.53", "best_ask": "0.95"}, {"asset_id": "44624636737386069107481745579901218895720830797355610884133049251532864861970", "price": "0.47", "size": "500", "side": "SELL", "hash": "d1757712ff118c9a8e01f6bcb2a58208c6ea1293", "best_bid": "0.05", "best_ask": "0.47"}], "timestamp": "1769384787660", "event_type": "price_change"}}
{"_local_timestamp": "2026-01-25T23:46:27.747012+00:00", "data": {"market": "0xf3eccc339323db0676738e78d7f47442feb23a5d379d8023f74b5d25895e1a26", "price_changes": [{"asset_id": "110235819947154328499387875920481176956297513114069970695287516686707153024869", "price": "0.33", "size": "1000", "side": "BUY", "hash": "441a53acd23bd92c34e812d98882012857642d2e", "best_bid": "0.33", "best_ask": "0.42"}, {"asset_id": "17530713902603044125757289872480212103623079013818634835807864395004963048346", "price": "0.67", "size": "1000", "side": "SELL", "hash": "960ea3461d50931e3165012c104ddc89ed8ee367", "best_bid": "0.58", "best_ask": "0.67"}], "timestamp": "1769384787662", "event_type": "price_change"}}
{"_local_timestamp": "2026-01-25T23:46:27.779824+00:00", "data": {"market": "0xef5c5969a92073bb331d390a8fd253247e55db495dd0d282bebcd213fc9e98f9", "price_changes": [{"asset_id": "24785562735989416010826268425089148929312550693817152898319391113116435314213", "price": "0.49", "size": "500", "side": "BUY", "hash": "123786ef121536da60e9c0965f05097f69fdbf8a", "best_bid": "0.49", "best_ask": "0.95"}, {"asset_id": "111408097440170058305299086416986717861661628547278416005231349202740096264137", "price": "0.51", "size": "500", "side": "SELL", "hash": "9311fea1c39c808078ab71b03f050c221b59075f", "best_bid": "0.05", "best_ask": "0.51"}], "timestamp": "1769384787693", "event_type": "price_change"}}
{"_local_timestamp": "2026-01-25T23:46:27.780274+00:00", "data": {"market": "0x1baca8338e2b25ca1cf132612516ac229a3bb0854b9f912edf2094321a1e7682", "price_changes": [{"asset_id": "44624636737386069107481745579901218895720830797355610884133049251532864861970", "price": "0.37", "size": "500", "side": "BUY", "hash": "9dae6d8fe99e7b5552ec7bb162cfd2f1d3cd955e", "best_bid": "0.37", "best_ask": "0.47"}, {"asset_id": "96939983979358494409124696452963316471791524314176669493728080115998612165684", "price": "0.63", "size": "500", "side": "SELL", "hash": "4c2a73c04843a3033f845f946019513e5c31d98d", "best_bid": "0.53", "best_ask": "0.63"}], "timestamp": "1769384787698", "event_type": "price_change"}}
{"_local_timestamp": "2026-01-25T23:46:27.789014+00:00", "data": {"market": "0xef5c5969a92073bb331d390a8fd253247e55db495dd0d282bebcd213fc9e98f9", "price_changes": [{"asset_id": "111408097440170058305299086416986717861661628547278416005231349202740096264137", "price": "0.41", "size": "500", "side": "BUY", "hash": "58df89135d43b2640e397ea6c47671f4bafcdcc7", "best_bid": "0.41", "best_ask": "0.51"}, {"asset_id": "24785562735989416010826268425089148929312550693817152898319391113116435314213", "price": "0.59", "size": "500", "side": "SELL", "hash": "a14a022055f5f43ebaaac552bb295df4f4ed8f4c", "best_bid": "0.49", "best_ask": "0.59"}], "timestamp": "1769384787701", "event_type": "price_change"}}
{"_local_timestamp": "2026-01-25T23:46:27.789434+00:00", "data": {"market": "0xf21468031abfc62aab279451b55909f1ff3b7d9fa467cc03f7772db7901dc0de", "price_changes": [{"asset_id": "58415962039260763296864127629175407898456935938373964769648785657031071549288", "price": "0.53", "size": "500", "side": "BUY", "hash": "59dc056d517760695caabe0be35b68f019364e4b", "best_bid": "0.53", "best_ask": "0.95"}, {"asset_id": "76630576861944765413506128741840827685262842411745127460503614840988645423562", "price": "0.47", "size": "500", "side": "SELL", "hash": "a7c35540520d0ffcbcdcc4511d56a9a4f544341e", "best_bid": "0.05", "best_ask": "0.47"}], "timestamp": "1769384787707", "event_type": "price_change"}}
{"_local_timestamp": "2026-01-25T23:46:27.795232+00:00", "data": {"market": "0xf3eccc339323db0676738e78d7f47442feb23a5d379d8023f74b5d25895e1a26", "price_changes": [{"asset_id": "17530713902603044125757289872480212103623079013818634835807864395004963048346", "price": "0.56", "size": "1000", "side": "BUY", "hash": "a96e4c25aa882a3db48282afe2df8de0ad3ed08f", "best_bid": "0.58", "best_ask": "0.67"}, {"asset_id": "110235819947154328499387875920481176956297513114069970695287516686707153024869", "price": "0.44", "size": "1000", "side": "SELL", "hash": "2c243979a1a9d88593065c646c0c5835fc2ff39c", "best_bid": "0.33", "best_ask": "0.42"}], "timestamp": "1769384787717", "event_type": "price_change"}}
{"_local_timestamp": "2026-01-25T23:46:27.804936+00:00", "data": {"market": "0xf21468031abfc62aab279451b55909f1ff3b7d9fa467cc03f7772db7901dc0de", "price_changes": [{"asset_id": "76630576861944765413506128741840827685262842411745127460503614840988645423562", "price": "0.37", "size": "500", "side": "BUY", "hash": "40b82e31a46b49b243e337d50d023be193e980fd", "best_bid": "0.37", "best_ask": "0.47"}, {"asset_id": "58415962039260763296864127629175407898456935938373964769648785657031071549288", "price": "0.63", "size": "500", "side": "SELL", "hash": "6c8b2bf1a33293fde509f969635e51793ef27376", "best_bid": "0.53", "best_ask": "0.63"}], "timestamp": "1769384787720", "event_type": "price_change"}}
{"_local_timestamp": "2026-01-25T23:46:27.904963+00:00", "data": {"market": "0xf3eccc339323db0676738e78d7f47442feb23a5d379d8023f74b5d25895e1a26", "price_changes": [{"asset_id": "17530713902603044125757289872480212103623079013818634835807864395004963048346", "price": "0.57", "size": "890.11", "side": "BUY", "hash": "0bcf4180146f03f9858d9cad50d65a243ed86fd2", "best_bid": "0.58", "best_ask": "0.67"}, {"asset_id": "110235819947154328499387875920481176956297513114069970695287516686707153024869", "price": "0.43", "size": "890.11", "side": "SELL", "hash": "299b51850465e60f38566d8535e73f3c702f907a", "best_bid": "0.33", "best_ask": "0.42"}], "timestamp": "1769384787797", "event_type": "price_change"}}
{"_local_timestamp": "2026-01-25T23:46:27.905725+00:00", "data": {"market": "0xf21468031abfc62aab279451b55909f1ff3b7d9fa467cc03f7772db7901dc0de", "price_changes": [{"asset_id": "58415962039260763296864127629175407898456935938373964769648785657031071549288", "price": "0.54", "size": "890.11", "side": "BUY", "hash": "e82ca2d677836fc69d4eb69fcc1baad5affc7eb0", "best_bid": "0.54", "best_ask": "0.63"}, {"asset_id": "76630576861944765413506128741840827685262842411745127460503614840988645423562", "price": "0.46", "size": "890.11", "side": "SELL", "hash": "edb6cf19817ea702813aab81d19d8f4de6cb2b69", "best_bid": "0.37", "best_ask": "0.46"}], "timestamp": "1769384787797", "event_type": "price_change"}}
{"_local_timestamp": "2026-01-25T23:46:27.906124+00:00", "data": {"market": "0x1baca8338e2b25ca1cf132612516ac229a3bb0854b9f912edf2094321a1e7682", "price_changes": [{"asset_id": "96939983979358494409124696452963316471791524314176669493728080115998612165684", "price": "0.54", "size": "890.11", "side": "BUY", "hash": "da02cc057ee2a5e1eadea202c6ccd2147e4d17a9", "best_bid": "0.54", "best_ask": "0.63"}, {"asset_id": "44624636737386069107481745579901218895720830797355610884133049251532864861970", "price": "0.46", "size": "890.11", "side": "SELL", "hash": "cccfb07c2923278f03fe523c839d3543c1960fc5", "best_bid": "0.37", "best_ask": "0.46"}], "timestamp": "1769384787797", "event_type": "price_change"}}
{"_local_timestamp": "2026-01-25T23:46:27.906449+00:00", "data": {"market": "0xef5c5969a92073bb331d390a8fd253247e55db495dd0d282bebcd213fc9e98f9", "price_changes": [{"asset_id": "111408097440170058305299086416986717861661628547278416005231349202740096264137", "price": "0.42", "size": "890.11", "side": "BUY", "hash": "554c6b09cc2bf3a21e8664ceaeac1d5ba79abdbb", "best_bid": "0.42", "best_ask": "0.51"}, {"asset_id": "24785562735989416010826268425089148929312550693817152898319391113116435314213", "price": "0.58", "size": "890.11", "side": "SELL", "hash": "ff8887f6cb0468b4c6f444c6dcdec7b01cfd7ac9", "best_bid": "0.49", "best_ask": "0.58"}], "timestamp": "1769384787797", "event_type": "price_change"}}
{"_local_timestamp": "2026-01-25T23:46:27.906763+00:00", "data": {"market": "0xf21468031abfc62aab279451b55909f1ff3b7d9fa467cc03f7772db7901dc0de", "price_changes": [{"asset_id": "58415962039260763296864127629175407898456935938373964769648785657031071549288", "price": "0.53", "size": "1390.11", "side": "BUY", "hash": "afd90975178c1cffdaeb9b8973336c3f64228037", "best_bid": "0.54", "best_ask": "0.63"}, {"asset_id": "76630576861944765413506128741840827685262842411745127460503614840988645423562", "price": "0.47", "size": "1390.11", "side": "SELL", "hash": "66735f6e08707cad92fe9f83d1aab059c687ce2e", "best_bid": "0.37", "best_ask": "0.46"}], "timestamp": "1769384787799", "event_type": "price_change"}}
{"_local_timestamp": "2026-01-25T23:46:27.907076+00:00", "data": {"market": "0xf3eccc339323db0676738e78d7f47442feb23a5d379d8023f74b5d25895e1a26", "price_changes": [{"asset_id": "17530713902603044125757289872480212103623079013818634835807864395004963048346", "price": "0.56", "size": "1890.11", "side": "BUY", "hash": "5c7cc00a75e31cef26b6aa12532654504a54daff", "best_bid": "0.58", "best_ask": "0.67"}, {"asset_id": "110235819947154328499387875920481176956297513114069970695287516686707153024869", "price": "0.44", "size": "1890.11", "side": "SELL", "hash": "c9e92505ba273bd7136a8a86074c712538e9d10f", "best_bid": "0.33", "best_ask": "0.42"}], "timestamp": "1769384787800", "event_type": "price_change"}}
{"_local_timestamp": "2026-01-25T23:46:27.907389+00:00", "data": {"market": "0x1baca8338e2b25ca1cf132612516ac229a3bb0854b9f912edf2094321a1e7682", "price_changes": [{"asset_id": "96939983979358494409124696452963316471791524314176669493728080115998612165684", "price": "0.53", "size": "1390.11", "side": "BUY", "hash": "4d9a343788dc1abfc295f9a7486680a231113314", "best_bid": "0.54", "best_ask": "0.63"}, {"asset_id": "44624636737386069107481745579901218895720830797355610884133049251532864861970", "price": "0.47", "size": "1390.11", "side": "SELL", "hash": "0f17b4250f308549b4a6f7467092435f01a8493f", "best_bid": "0.37", "best_ask": "0.46"}], "timestamp": "1769384787801", "event_type": "price_change"}}
{"_local_timestamp": "2026-01-25T23:46:27.907717+00:00", "data": {"market": "0xef5c5969a92073bb331d390a8fd253247e55db495dd0d282bebcd213fc9e98f9", "price_changes": [{"asset_id": "111408097440170058305299086416986717861661628547278416005231349202740096264137", "price": "0.41", "size": "1390.11", "side": "BUY", "hash": "2c79ad2ed436525f72b2f187cb58e866d4981c67", "best_bid": "0.42", "best_ask": "0.51"}, {"asset_id": "24785562735989416010826268425089148929312550693817152898319391113116435314213", "price": "0.59", "size": "1390.11", "side": "SELL", "hash": "d591def7a40f0949d1f803fa7a49fd72351e86f7", "best_bid": "0.49", "best_ask": "0.58"}], "timestamp": "1769384787801", "event_type": "price_change"}}
{"_local_timestamp": "2026-01-25T23:46:28.835029+00:00", "data": {"market": "0x1baca8338e2b25ca1cf132612516ac229a3bb0854b9f912edf2094321a1e7682", "price_changes": [{"asset_id": "44624636737386069107481745579901218895720830797355610884133049251532864861970", "price": "0.05", "size": "10.47", "side": "BUY", "hash": "492f8ce6dd7aad266155e029a09be880372d3483", "best_bid": "0.37", "best_ask": "0.46"}, {"asset_id": "96939983979358494409124696452963316471791524314176669493728080115998612165684", "price": "0.95", "size": "10.47", "side": "SELL", "hash": "fc822a6537e1b8017e950560310082630fb49ae6", "best_bid": "0.54", "best_ask": "0.63"}], "timestamp": "1769384788740", "event_type": "price_change"}}
{"_local_timestamp": "2026-01-25T23:46:28.839309+00:00", "data": {"market": "0xef5c5969a92073bb331d390a8fd253247e55db495dd0d282bebcd213fc9e98f9", "price_changes": [{"asset_id": "111408097440170058305299086416986717861661628547278416005231349202740096264137", "price": "0.05", "size": "10.47", "side": "BUY", "hash": "763c06d128c3c318a9295ee5432f46a0ae844986", "best_bid": "0.42", "best_ask": "0.51"}, {"asset_id": "24785562735989416010826268425089148929312550693817152898319391113116435314213", "price": "0.95", "size": "10.47", "side": "SELL", "hash": "a8957287c48c8600d841208feb1a8eda64767855", "best_bid": "0.49", "best_ask": "0.58"}], "timestamp": "1769384788740", "event_type": "price_change"}}
{"_local_timestamp": "2026-01-25T23:46:28.839688+00:00", "data": {"market": "0xf21468031abfc62aab279451b55909f1ff3b7d9fa467cc03f7772db7901dc0de", "price_changes": [{"asset_id": "58415962039260763296864127629175407898456935938373964769648785657031071549288", "price": "0.04", "size": "36.24", "side": "BUY", "hash": "04930c19fdcf73fba5b3939c59ee89cd05ca7e3a", "best_bid": "0.54", "best_ask": "0.63"}, {"asset_id": "76630576861944765413506128741840827685262842411745127460503614840988645423562", "price": "0.96", "size": "36.24", "side": "SELL", "hash": "9af0877b00adf526380bb15b16a096aef78e0663", "best_bid": "0.37", "best_ask": "0.46"}], "timestamp": "1769384788740", "event_type": "price_change"}}
{"_local_timestamp": "2026-01-25T23:46:28.876951+00:00", "data": {"market": "0xef5c5969a92073bb331d390a8fd253247e55db495dd0d282bebcd213fc9e98f9", "price_changes": [{"asset_id": "24785562735989416010826268425089148929312550693817152898319391113116435314213", "price": "0.03", "size": "48.32", "side": "BUY", "hash": "29d106c762597071492a2cf03d59c74c081ea574", "best_bid": "0.49", "best_ask": "0.58"}, {"asset_id": "111408097440170058305299086416986717861661628547278416005231349202740096264137", "price": "0.97", "size": "48.32", "side": "SELL", "hash": "9733e64a548fcb2b550f8742c35235eb6f54e88c", "best_bid": "0.42", "best_ask": "0.51"}], "timestamp": "1769384788741", "event_type": "price_change"}}
{"_local_timestamp": "2026-01-25T23:46:28.877335+00:00", "data": {"market": "0x1baca8338e2b25ca1cf132612516ac229a3bb0854b9f912edf2094321a1e7682", "price_changes": [{"asset_id": "96939983979358494409124696452963316471791524314176669493728080115998612165684", "price": "0.04", "size": "36.24", "side": "BUY", "hash": "7b0cb5d8cb8f62922c0bd1d93875ecc1516529a1", "best_bid": "0.54", "best_ask": "0.63"}, {"asset_id": "44624636737386069107481745579901218895720830797355610884133049251532864861970", "price": "0.96", "size": "36.24", "side": "SELL", "hash": "4d7637c50d9bf9d2f9cbc15c2e994d5c9a36296c", "best_bid": "0.37", "best_ask": "0.46"}], "timestamp": "1769384788742", "event_type": "price_change"}}
{"_local_timestamp": "2026-01-25T23:46:28.877795+00:00", "data": {"market": "0xf21468031abfc62aab279451b55909f1ff3b7d9fa467cc03f7772db7901dc0de", "price_changes": [{"asset_id": "76630576861944765413506128741840827685262842411745127460503614840988645423562", "price": "0.05", "size": "10.47", "side": "BUY", "hash": "eae320553c190dfe527f86bbbd4efb23454e4631", "best_bid": "0.37", "best_ask": "0.46"}, {"asset_id": "58415962039260763296864127629175407898456935938373964769648785657031071549288", "price": "0.95", "size": "10.47", "side": "SELL", "hash": "c0e52547a29bcf584c2544a0ce809ee5f455d2dc", "best_bid": "0.54", "best_ask": "0.63"}], "timestamp": "1769384788741", "event_type": "price_change"}}
{"_local_timestamp": "2026-01-25T23:46:29.013968+00:00", "data": {"market": "0xef5c5969a92073bb331d390a8fd253247e55db495dd0d282bebcd213fc9e98f9", "price_changes": [{"asset_id": "111408097440170058305299086416986717861661628547278416005231349202740096264137", "price": "0.05", "size": "5.47", "side": "BUY", "hash": "ad37058a047457bd3323b8277f12a24618e1d374", "best_bid": "0.42", "best_ask": "0.51"}, {"asset_id": "24785562735989416010826268425089148929312550693817152898319391113116435314213", "price": "0.95", "size": "5.47", "side": "SELL", "hash": "5fc2321aa28282f358c9235f3474dee553fb802a", "best_bid": "0.49", "best_ask": "0.58"}], "timestamp": "1769384788917", "event_type": "price_change"}}
{"_local_timestamp": "2026-01-25T23:46:29.014427+00:00", "data": {"market": "0x1baca8338e2b25ca1cf132612516ac229a3bb0854b9f912edf2094321a1e7682", "price_changes": [{"asset_id": "44624636737386069107481745579901218895720830797355610884133049251532864861970", "price": "0.05", "size": "5.47", "side": "BUY", "hash": "b89c3b4dea631cff6472713f2d16865a77aa817c", "best_bid": "0.37", "best_ask": "0.46"}, {"asset_id": "96939983979358494409124696452963316471791524314176669493728080115998612165684", "price": "0.95", "size": "5.47", "side": "SELL", "hash": "41b27f0caac48c2fca3cb868b43512149bef1a4b", "best_bid": "0.54", "best_ask": "0.63"}], "timestamp": "1769384788917", "event_type": "price_change"}}
{"_local_timestamp": "2026-01-25T23:46:29.014793+00:00", "data": {"market": "0xf21468031abfc62aab279451b55909f1ff3b7d9fa467cc03f7772db7901dc0de", "price_changes": [{"asset_id": "76630576861944765413506128741840827685262842411745127460503614840988645423562", "price": "0.05", "size": "5.47", "side": "BUY", "hash": "cb690d531f2264f93692486e8d567a961411f747", "best_bid": "0.37", "best_ask": "0.46"}, {"asset_id": "58415962039260763296864127629175407898456935938373964769648785657031071549288", "price": "0.95", "size": "5.47", "side": "SELL", "hash": "054dd1969a4d71598f8ff9f1ed60de5966421520", "best_bid": "0.54", "best_ask": "0.63"}], "timestamp": "1769384788917", "event_type": "price_change"}}
{"_local_timestamp": "2026-01-25T23:46:29.015152+00:00", "data": {"market": "0x1baca8338e2b25ca1cf132612516ac229a3bb0854b9f912edf2094321a1e7682", "price_changes": [{"asset_id": "96939983979358494409124696452963316471791524314176669493728080115998612165684", "price": "0.04", "size": "29.99", "side": "BUY", "hash": "89a1c7ef1caa9bc8657de456b4819942adc5fc34", "best_bid": "0.54", "best_ask": "0.63"}, {"asset_id": "44624636737386069107481745579901218895720830797355610884133049251532864861970", "price": "0.96", "size": "29.99", "side": "SELL", "hash": "46e4ed3dae5ed528c8cb0e61a78c0efcbba1afff", "best_bid": "0.37", "best_ask": "0.46"}], "timestamp": "1769384788918", "event_type": "price_change"}}
{"_local_timestamp": "2026-01-25T23:46:29.019688+00:00", "data": {"market": "0xef5c5969a92073bb331d390a8fd253247e55db495dd0d282bebcd213fc9e98f9", "price_changes": [{"asset_id": "24785562735989416010826268425089148929312550693817152898319391113116435314213", "price": "0.03", "size": "39.99", "side": "BUY", "hash": "ed40d9fbab291cfa77020a65fa998736d90d26dd", "best_bid": "0.49", "best_ask": "0.58"}, {"asset_id": "111408097440170058305299086416986717861661628547278416005231349202740096264137", "price": "0.97", "size": "39.99", "side": "SELL", "hash": "2ea3b4066ac5007c2aa9d632b29bd6dbe90d47f7", "best_bid": "0.42", "best_ask": "0.51"}], "timestamp": "1769384788918", "event_type": "price_change"}}
{"_local_timestamp": "2026-01-25T23:46:29.021727+00:00", "data": {"market": "0xf21468031abfc62aab279451b55909f1ff3b7d9fa467cc03f7772db7901dc0de", "price_changes": [{"asset_id": "58415962039260763296864127629175407898456935938373964769648785657031071549288", "price": "0.04", "size": "29.99", "side": "BUY", "hash": "8968ac2e93fc613b6702a82d248b54ffaf216eb7", "best_bid": "0.54", "best_ask": "0.63"}, {"asset_id": "76630576861944765413506128741840827685262842411745127460503614840988645423562", "price": "0.96", "size": "29.99", "side": "SELL", "hash": "22d8a2536a630e8712f24ad7766ac70ac73c1762", "best_bid": "0.37", "best_ask": "0.46"}], "timestamp": "1769384788920", "event_type": "price_change"}}
{"_local_timestamp": "2026-01-25T23:46:30.306695+00:00", "data": {"market": "0xf21468031abfc62aab279451b55909f1ff3b7d9fa467cc03f7772db7901dc0de", "price_changes": [{"asset_id": "76630576861944765413506128741840827685262842411745127460503614840988645423562", "price": "0.05", "size": "0", "side": "BUY", "hash": "12c0ccecf99a0c09d5d4bacbaf911215787d97cc", "best_bid": "0.37", "best_ask": "0.46"}, {"asset_id": "58415962039260763296864127629175407898456935938373964769648785657031071549288", "price": "0.95", "size": "0", "side": "SELL", "hash": "4b0e7a464493dad190ac419327ad44de605e7673", "best_bid": "0.54", "best_ask": "0.63"}], "timestamp": "1769384790227", "event_type": "price_change"}}
{"_local_timestamp": "2026-01-25T23:46:30.307142+00:00", "data": {"market": "0x1baca8338e2b25ca1cf132612516ac229a3bb0854b9f912edf2094321a1e7682", "price_changes": [{"asset_id": "44624636737386069107481745579901218895720830797355610884133049251532864861970", "price": "0.05", "size": "0", "side": "BUY", "hash": "4e95a81fdb58e6f7043834c30935e37c44d10a32", "best_bid": "0.37", "best_ask": "0.46"}, {"asset_id": "96939983979358494409124696452963316471791524314176669493728080115998612165684", "price": "0.95", "size": "0", "side": "SELL", "hash": "819b5cc24351b44266c8509e6ffaeee631b95ce8", "best_bid": "0.54", "best_ask": "0.63"}], "timestamp": "1769384790227", "event_type": "price_change"}}
{"_local_timestamp": "2026-01-25T23:46:30.307531+00:00", "data": {"market": "0xef5c5969a92073bb331d390a8fd253247e55db495dd0d282bebcd213fc9e98f9", "price_changes": [{"asset_id": "111408097440170058305299086416986717861661628547278416005231349202740096264137", "price": "0.05", "size": "0", "side": "BUY", "hash": "b04a0eaca8736dde07244ff5d5684959d6efb525", "best_bid": "0.42", "best_ask": "0.51"}, {"asset_id": "24785562735989416010826268425089148929312550693817152898319391113116435314213", "price": "0.95", "size": "0", "side": "SELL", "hash": "8692d2a921430f24f5763286eca2710bf34a6f9b", "best_bid": "0.49", "best_ask": "0.58"}], "timestamp": "1769384790227", "event_type": "price_change"}}
{"_local_timestamp": "2026-01-25T23:46:30.347362+00:00", "data": {"market": "0xf21468031abfc62aab279451b55909f1ff3b7d9fa467cc03f7772db7901dc0de", "price_changes": [{"asset_id": "58415962039260763296864127629175407898456935938373964769648785657031071549288", "price": "0.01", "size": "10363.52", "side": "BUY", "hash": "1b09beed5fb3ff0cc7503f21a5a22d7cc16fbb33", "best_bid": "0.54", "best_ask": "0.63"}, {"asset_id": "76630576861944765413506128741840827685262842411745127460503614840988645423562", "price": "0.99", "size": "10363.52", "side": "SELL", "hash": "738451e8186f1749a1be8c83c22d633669af2acb", "best_bid": "0.37", "best_ask": "0.46"}], "timestamp": "1769384790269", "event_type": "price_change"}}
{"_local_timestamp": "2026-01-25T23:46:30.348872+00:00", "data": {"market": "0xf21468031abfc62aab279451b55909f1ff3b7d9fa467cc03f7772db7901dc0de", "price_changes": [{"asset_id": "58415962039260763296864127629175407898456935938373964769648785657031071549288", "price": "0.02", "size": "15.06", "side": "BUY", "hash": "1b09beed5fb3ff0cc7503f21a5a22d7cc16fbb33", "best_bid": "0.54", "best_ask": "0.63"}, {"asset_id": "76630576861944765413506128741840827685262842411745127460503614840988645423562", "price": "0.98", "size": "15.06", "side": "SELL", "hash": "738451e8186f1749a1be8c83c22d633669af2acb", "best_bid": "0.37", "best_ask": "0.46"}], "timestamp": "1769384790269", "event_type": "price_change"}}
{"_local_timestamp": "2026-01-25T23:46:30.349270+00:00", "data": {"market": "0x1baca8338e2b25ca1cf132612516ac229a3bb0854b9f912edf2094321a1e7682", "price_changes": [{"asset_id": "96939983979358494409124696452963316471791524314176669493728080115998612165684", "price": "0.01", "size": "10357.07", "side": "BUY", "hash": "1853440171fb008d7086c45888b90f71ff6adb14", "best_bid": "0.54", "best_ask": "0.63"}, {"asset_id": "44624636737386069107481745579901218895720830797355610884133049251532864861970", "price": "0.99", "size": "10357.07", "side": "SELL", "hash": "3f597c143645a5629ebd845ba50235cac16c00f9", "best_bid": "0.37", "best_ask": "0.46"}], "timestamp": "1769384790269", "event_type": "price_change"}}
{"_local_timestamp": "2026-01-25T23:46:30.349653+00:00", "data": {"market": "0xef5c5969a92073bb331d390a8fd253247e55db495dd0d282bebcd213fc9e98f9", "price_changes": [{"asset_id": "111408097440170058305299086416986717861661628547278416005231349202740096264137", "price": "0.01", "size": "10306.74", "side": "BUY", "hash": "8504b8e07c7205559e2514d98690b3a1db0a5c28", "best_bid": "0.42", "best_ask": "0.51"}, {"asset_id": "24785562735989416010826268425089148929312550693817152898319391113116435314213", "price": "0.99", "size": "10306.74", "side": "SELL", "hash": "8b8df10a52f0da2ba231c343a9801572abe6a397", "best_bid": "0.49", "best_ask": "0.58"}], "timestamp": "1769384790269", "event_type": "price_change"}}
{"_local_timestamp": "2026-01-25T23:46:30.350025+00:00", "data": {"market": "0x1baca8338e2b25ca1cf132612516ac229a3bb0854b9f912edf2094321a1e7682", "price_changes": [{"asset_id": "96939983979358494409124696452963316471791524314176669493728080115998612165684", "price": "0.02", "size": "9.82", "side": "BUY", "hash": "1853440171fb008d7086c45888b90f71ff6adb14", "best_bid": "0.54", "best_ask": "0.63"}, {"asset_id": "44624636737386069107481745579901218895720830797355610884133049251532864861970", "price": "0.98", "size": "9.82", "side": "SELL", "hash": "3f597c143645a5629ebd845ba50235cac16c00f9", "best_bid": "0.37", "best_ask": "0.46"}], "timestamp": "1769384790269", "event_type": "price_change"}}
{"_local_timestamp": "2026-01-25T23:46:30.350405+00:00", "data": {"market": "0x1baca8338e2b25ca1cf132612516ac229a3bb0854b9f912edf2094321a1e7682", "price_changes": [{"asset_id": "44624636737386069107481745579901218895720830797355610884133049251532864861970", "price": "0.01", "size": "10354.42", "side": "BUY", "hash": "bb025cc18c45a19f4f17db0e243592040fa77f11", "best_bid": "0.37", "best_ask": "0.46"}, {"asset_id": "96939983979358494409124696452963316471791524314176669493728080115998612165684", "price": "0.99", "size": "10354.42", "side": "SELL", "hash": "548cabb01d147715368757a2c52cf7bbbcbfd9c5", "best_bid": "0.54", "best_ask": "0.63"}], "timestamp": "1769384790269", "event_type": "price_change"}}
{"_local_timestamp": "2026-01-25T23:46:30.350770+00:00", "data": {"market": "0xf21468031abfc62aab279451b55909f1ff3b7d9fa467cc03f7772db7901dc0de", "price_changes": [{"asset_id": "76630576861944765413506128741840827685262842411745127460503614840988645423562", "price": "0.01", "size": "10355.24", "side": "BUY", "hash": "bfc3ac8161ab09057878abe1d235c68ed0da4efe", "best_bid": "0.37", "best_ask": "0.46"}, {"asset_id": "58415962039260763296864127629175407898456935938373964769648785657031071549288", "price": "0.99", "size": "10355.24", "side": "SELL", "hash": "2bb8bf201c1af34e00460f453fe1591cd64a91e5", "best_bid": "0.54", "best_ask": "0.63"}], "timestamp": "1769384790269", "event_type": "price_change"}}
{"_local_timestamp": "2026-01-25T23:46:30.444329+00:00", "data": {"market": "0xf21468031abfc62aab279451b55909f1ff3b7d9fa467cc03f7772db7901dc0de", "price_changes": [{"asset_id": "76630576861944765413506128741840827685262842411745127460503614840988645423562", "price": "0.02", "size": "8.94", "side": "BUY", "hash": "bfc3ac8161ab09057878abe1d235c68ed0da4efe", "best_bid": "0.37", "best_ask": "0.46"}, {"asset_id": "58415962039260763296864127629175407898456935938373964769648785657031071549288", "price": "0.98", "size": "8.94", "side": "SELL", "hash": "2bb8bf201c1af34e00460f453fe1591cd64a91e5", "best_bid": "0.54", "best_ask": "0.63"}], "timestamp": "1769384790269", "event_type": "price_change"}}
{"_local_timestamp": "2026-01-25T23:46:30.593077+00:00", "data": {"market": "0x1baca8338e2b25ca1cf132612516ac229a3bb0854b9f912edf2094321a1e7682", "price_changes": [{"asset_id": "44624636737386069107481745579901218895720830797355610884133049251532864861970", "price": "0.02", "size": "931.11", "side": "BUY", "hash": "f300c322c430054525c49bc16b31de7c5f110cd2", "best_bid": "0.37", "best_ask": "0.46"}, {"asset_id": "96939983979358494409124696452963316471791524314176669493728080115998612165684", "price": "0.98", "size": "931.11", "side": "SELL", "hash": "35e07a8564419e6fbfe8fc1dcfae1341a826caea", "best_bid": "0.54", "best_ask": "0.63"}], "timestamp": "1769384790477", "event_type": "price_change"}}
{"_local_timestamp": "2026-01-25T23:46:30.593564+00:00", "data": {"market": "0xf21468031abfc62aab279451b55909f1ff3b7d9fa467cc03f7772db7901dc0de", "price_changes": [{"asset_id": "76630576861944765413506128741840827685262842411745127460503614840988645423562", "price": "0.03", "size": "911.21", "side": "BUY", "hash": "dc5d666577379a7623347ef2c325822d5a0d4549", "best_bid": "0.37", "best_ask": "0.46"}, {"asset_id": "58415962039260763296864127629175407898456935938373964769648785657031071549288", "price": "0.97", "size": "911.21", "side": "SELL", "hash": "6f434273f8ba6905f0c6233f596eafd0b559d4ba", "best_bid": "0.54", "best_ask": "0.63"}], "timestamp": "1769384790477", "event_type": "price_change"}}
{"_local_timestamp": "2026-01-25T23:46:30.593973+00:00", "data": {"market": "0xf21468031abfc62aab279451b55909f1ff3b7d9fa467cc03f7772db7901dc0de", "price_changes": [{"asset_id": "76630576861944765413506128741840827685262842411745127460503614840988645423562", "price": "0.03", "size": "2908.32", "side": "BUY", "hash": "dd34b5f6d79df47d42e2680f01bd40359cd9a5f9", "best_bid": "0.37", "best_ask": "0.46"}, {"asset_id": "58415962039260763296864127629175407898456935938373964769648785657031071549288", "price": "0.97", "size": "2908.32", "side": "SELL", "hash": "d50b021a2170035e4e44cac4d920f62b401af355", "best_bid": "0.54", "best_ask": "0.63"}], "timestamp": "1769384790478", "event_type": "price_change"}}
{"_local_timestamp": "2026-01-25T23:46:30.594423+00:00", "data": {"market": "0xf21468031abfc62aab279451b55909f1ff3b7d9fa467cc03f7772db7901dc0de", "price_changes": [{"asset_id": "76630576861944765413506128741840827685262842411745127460503614840988645423562", "price": "0.03", "size": "4178.42", "side": "BUY", "hash": "6d685cdecbcdbef388d36b300755271a0670b4d7", "best_bid": "0.37", "best_ask": "0.46"}, {"asset_id": "58415962039260763296864127629175407898456935938373964769648785657031071549288", "price": "0.97", "size": "4178.42", "side": "SELL", "hash": "170f38da654c1cabf8a66c7dd031bbfbe763b187", "best_bid": "0.54", "best_ask": "0.63"}], "timestamp": "1769384790479", "event_type": "price_change"}}
{"_local_timestamp": "2026-01-25T23:46:37.630750+00:00", "data": {"market": "0xf3eccc339323db0676738e78d7f47442feb23a5d379d8023f74b5d25895e1a26", "price_changes": [{"asset_id": "17530713902603044125757289872480212103623079013818634835807864395004963048346", "price": "0.05", "size": "200", "side": "BUY", "hash": "45d674f38c3e7ab101a7c287dcbc9e1db96c8140", "best_bid": "0.58", "best_ask": "0.67"}, {"asset_id": "110235819947154328499387875920481176956297513114069970695287516686707153024869", "price": "0.95", "size": "200", "side": "SELL", "hash": "3eedd93652c423fea901d17e0a7fa6ebae995096", "best_bid": "0.33", "best_ask": "0.42"}], "timestamp": "1769384797366", "event_type": "price_change"}}
{"_local_timestamp": "2026-01-25T23:46:37.631288+00:00", "data": {"market": "0xf3eccc339323db0676738e78d7f47442feb23a5d379d8023f74b5d25895e1a26", "price_changes": [{"asset_id": "110235819947154328499387875920481176956297513114069970695287516686707153024869", "price": "0.02", "size": "5347.43", "side": "BUY", "hash": "2c73ee654f4b6478e16148586a55113a6b586873", "best_bid": "0.33", "best_ask": "0.42"}, {"asset_id": "17530713902603044125757289872480212103623079013818634835807864395004963048346", "price": "0.98", "size": "5347.43", "side": "SELL", "hash": "cd38bc429adb7addbf9cf920d44ce7395f43729d", "best_bid": "0.58", "best_ask": "0.67"}], "timestamp": "1769384797367", "event_type": "price_change"}}
{"_local_timestamp": "2026-01-25T23:46:37.631747+00:00", "data": {"market": "0xf3eccc339323db0676738e78d7f47442feb23a5d379d8023f74b5d25895e1a26", "price_changes": [{"asset_id": "110235819947154328499387875920481176956297513114069970695287516686707153024869", "price": "0.01", "size": "9674.4", "side": "BUY", "hash": "a26bbe81b7df6ed471ece156615a74244b488e4e", "best_bid": "0.33", "best_ask": "0.42"}, {"asset_id": "17530713902603044125757289872480212103623079013818634835807864395004963048346", "price": "0.99", "size": "9674.4", "side": "SELL", "hash": "a410056ecbcf264c4c1c2285ddb92a797eb00f70", "best_bid": "0.58", "best_ask": "0.67"}], "timestamp": "1769384797367", "event_type": "price_change"}}
{"_local_timestamp": "2026-01-25T23:46:37.636306+00:00", "data": {"market": "0xf3eccc339323db0676738e78d7f47442feb23a5d379d8023f74b5d25895e1a26", "price_changes": [{"asset_id": "17530713902603044125757289872480212103623079013818634835807864395004963048346", "price": "0.02", "size": "347.42", "side": "BUY", "hash": "7776ebe1cf71e942ff7eea691237d9986ebf5f0e", "best_bid": "0.58", "best_ask": "0.67"}, {"asset_id": "110235819947154328499387875920481176956297513114069970695287516686707153024869", "price": "0.98", "size": "347.42", "side": "SELL", "hash": "f16af9dcf59b68a9312cb89a552d11cccb8f1539", "best_bid": "0.33", "best_ask": "0.42"}], "timestamp": "1769384797368", "event_type": "price_change"}}
{"_local_timestamp": "2026-01-25T23:46:37.656683+00:00", "data": {"market": "0xf3eccc339323db0676738e78d7f47442feb23a5d379d8023f74b5d25895e1a26", "price_changes": [{"asset_id": "17530713902603044125757289872480212103623079013818634835807864395004963048346", "price": "0.01", "size": "11631.68", "side": "BUY", "hash": "b4431e8eaeffd1c8d4c96a9f2d16880dcda85a3b", "best_bid": "0.58", "best_ask": "0.67"}, {"asset_id": "110235819947154328499387875920481176956297513114069970695287516686707153024869", "price": "0.99", "size": "11631.68", "side": "SELL", "hash": "52815c07c1b6f3338384b843a7721d3710e0228a", "best_bid": "0.33", "best_ask": "0.42"}], "timestamp": "1769384797368", "event_type": "price_change"}}
{"_local_timestamp": "2026-01-25T23:46:37.701093+00:00", "data": {"market": "0xf3eccc339323db0676738e78d7f47442feb23a5d379d8023f74b5d25895e1a26", "price_changes": [{"asset_id": "17530713902603044125757289872480212103623079013818634835807864395004963048346", "price": "0.01", "size": "10741.57", "side": "BUY", "hash": "673d0a5a0c5804221ae0a1fbb73b8c8710a5740f", "best_bid": "0.58", "best_ask": "0.67"}, {"asset_id": "110235819947154328499387875920481176956297513114069970695287516686707153024869", "price": "0.99", "size": "10741.57", "side": "SELL", "hash": "6dc39f1799fa164b72c549a71aa807c69970303e", "best_bid": "0.33", "best_ask": "0.42"}], "timestamp": "1769384797426", "event_type": "price_change"}}
{"_local_timestamp": "2026-01-25T23:46:37.701644+00:00", "data": {"market": "0xf3eccc339323db0676738e78d7f47442feb23a5d379d8023f74b5d25895e1a26", "price_changes": [{"asset_id": "17530713902603044125757289872480212103623079013818634835807864395004963048346", "price": "0.02", "size": "1237.53", "side": "BUY", "hash": "a96cd0c6b8025377648585662e5b84a771b11a0f", "best_bid": "0.58", "best_ask": "0.67"}, {"asset_id": "110235819947154328499387875920481176956297513114069970695287516686707153024869", "price": "0.98", "size": "1237.53", "side": "SELL", "hash": "f27d30177717c0602974578f2037810cbb62bd1a", "best_bid": "0.33", "best_ask": "0.42"}], "timestamp": "1769384797430", "event_type": "price_change"}}
{"_local_timestamp": "2026-01-25T23:46:37.702164+00:00", "data": {"market": "0xf3eccc339323db0676738e78d7f47442feb23a5d379d8023f74b5d25895e1a26", "price_changes": [{"asset_id": "17530713902603044125757289872480212103623079013818634835807864395004963048346", "price": "0.02", "size": "2507.63", "side": "BUY", "hash": "75e814618ac49ab1873fba52c0a2b0be41788fb7", "best_bid": "0.58", "best_ask": "0.67"}, {"asset_id": "110235819947154328499387875920481176956297513114069970695287516686707153024869", "price": "0.98", "size": "2507.63", "side": "SELL", "hash": "459b47c997fdf0843c91597fa75965bff65e73b0", "best_bid": "0.33", "best_ask": "0.42"}], "timestamp": "1769384797431", "event_type": "price_change"}}
{"_local_timestamp": "2026-01-25T23:46:37.702673+00:00", "data": {"market": "0xf3eccc339323db0676738e78d7f47442feb23a5d379d8023f74b5d25895e1a26", "price_changes": [{"asset_id": "17530713902603044125757289872480212103623079013818634835807864395004963048346", "price": "0.02", "size": "4504.74", "side": "BUY", "hash": "503afa531f55d553dbbde80e201de08c78f57162", "best_bid": "0.58", "best_ask": "0.67"}, {"asset_id": "110235819947154328499387875920481176956297513114069970695287516686707153024869", "price": "0.98", "size": "4504.74", "side": "SELL", "hash": "caa1868326753b1eb7f15ba31bbe0169891df028", "best_bid": "0.33", "best_ask": "0.42"}], "timestamp": "1769384797432", "event_type": "price_change"}}
{"_local_timestamp": "2026-01-25T23:46:37.703126+00:00", "data": {"market": "0xf3eccc339323db0676738e78d7f47442feb23a5d379d8023f74b5d25895e1a26", "price_changes": [{"asset_id": "110235819947154328499387875920481176956297513114069970695287516686707153024869", "price": "0.03", "size": "921.71", "side": "BUY", "hash": "9152b71ee1de81cb20792cc1029f10bc8705e82f", "best_bid": "0.33", "best_ask": "0.42"}, {"asset_id": "17530713902603044125757289872480212103623079013818634835807864395004963048346", "price": "0.97", "size": "921.71", "side": "SELL", "hash": "c43e25e5f6a5909eb57085645c03c715c2492903", "best_bid": "0.58", "best_ask": "0.67"}], "timestamp": "1769384797433", "event_type": "price_change"}}
{"_local_timestamp": "2026-01-25T23:46:37.965816+00:00", "data": {"market": "0xf3eccc339323db0676738e78d7f47442feb23a5d379d8023f74b5d25895e1a26", "price_changes": [{"asset_id": "17530713902603044125757289872480212103623079013818634835807864395004963048346", "price": "0.03", "size": "5999.11", "side": "BUY", "hash": "b54528ef7a2e7b65bce93918dd1210bf846f7094", "best_bid": "0.58", "best_ask": "0.67"}, {"asset_id": "110235819947154328499387875920481176956297513114069970695287516686707153024869", "price": "0.97", "size": "5999.11", "side": "SELL", "hash": "a2a61839694232723006e8dec158edd0fb9f0e96", "best_bid": "0.33", "best_ask": "0.42"}], "timestamp": "1769384797689", "event_type": "price_change"}}
