{"_local_timestamp": "2026-01-25T23:41:28.647811+00:00", "data": [{"market": "0xbddae37387bd17549c151e12ea17a7b848bf5b412723f96b503f23cf59840f31", "asset_id": "103298151325465025586311004588552274618263933250597490568406041630203293537184", "timestamp": "1769384157044", "hash": "aa28b618dc4ab55b7d55ad8ffa888106f1a0fd9c", "bids": [{"price": "0.01", "size": "927.04"}, {"price": "0.02", "size": "225.48"}, {"price": "0.03", "size": "18.99"}, {"price": "0.04", "size": "29.99"}], "asks": [{"price": "0.99", "size": "602.09"}, {"price": "0.98", "size": "410.48"}, {"price": "0.97", "size": "256.65"}, {"price": "0.96", "size": "9.25"}, {"price": "0.95", "size": "5.47"}], "event_type": "book", "last_trade_price": ""}, {"market": "0xbddae37387bd17549c151e12ea17a7b848bf5b412723f96b503f23cf59840f31", "asset_id": "101502436453583329199404636092336292363830579389006513447585339766892196674944", "timestamp": "1769384157044", "hash": "707b2f9483f6048c5c69438b9f2dfb6bb2e4fcec", "bids": [{"price": "0.01", "size": "602.09"}, {"price": "0.02", "size": "410.48"}, {"price": "0.03", "size": "256.65"}, {"price": "0.04", "size": "9.25"}, {"price": "0.05", "size": "5.47"}], "asks": [{"price": "0.99", "size": "927.04"}, {"price": "0.98", "size": "225.48"}, {"price": "0.97", "size": "18.99"}, {"price": "0.96", "size": "29.99"}], "event_type": "book", "last_trade_price": ""}, {"market": "0x1b666c661e6284fb0850859c443f79ae261304fd241d90010c49cb76a78a57f0", "asset_id": "56170364396444275145210656121159436615029426290553803714660896389693786692635", "timestamp": "1769383565735", "hash": "f10536759ecf845f70ddaf40ce511572e1017517", "bids": [{"price": "0.01", "size": "294.79"}, {"price": "0.02", "size": "147.03"}, {"price": "0.03", "size": "23.71"}, {"price": "0.06", "size": "23.8"}], "asks": [{"price": "0.99", "size": "302.04"}, {"price": "0.98", "size": "100.48"}, {"price": "0.97", "size": "18.99"}, {"price": "0.96", "size": "42.49"}], "event_type": "book", "last_trade_price": "0.950"}, {"market": "0x8aca827a6890072b0f7095615ff09209916186a94dbea1d1a4544c0bb40640df", "asset_id": "70031790430780497724181282123642275179340008610576521491922647219290142376121", "timestamp": "1769384438078", "hash": "908f1e5bf5c6c5340cc925270ed7835ffa0e643b", "bids": [{"price": "0.01", "size": "302.04"}, {"price": "0.02", "size": "150.48"}, {"price": "0.03", "size": "18.99"}, {"price": "0.04", "size": "29.99"}], "asks": [{"price": "0.99", "size": "303.52"}, {"price": "0.98", "size": "97.03"}, {"price": "0.97", "size": "20.8"}, {"price": "0.96", "size": "5.47"}], "event_type": "book", "last_trade_price": ""}, {"market": "0x1b666c661e6284fb0850859c443f79ae261304fd241d90010c49cb76a78a57f0", "asset_id": "48185201384087497442403000556614120245109312247065189016124492306663156609319", "timestamp": "1769383565735", "hash": "6b304077f549a9977e474bdc2d2d0dd71a5b2060", "bids": [{"price": "0.01", "size": "302.04"}, {"price": "0.02", "size": "100.48"}, {"price": "0.03", "size": "18.99"}, {"price": "0.04", "size": "42.49"}], "asks": [{"price": "0.99", "size": "294.79"}, {"price": "0.98", "size": "147.03"}, {"price": "0.97", "size": "23.71"}, {"price": "0.94", "size": "23.8"}], "event_type": "book", "last_trade_price": "0.950"}, {"market": "0x692df1631f0ae642080b48635d12460ac3e021e3d1f10ea50a502c832a8e72dc", "asset_id": "78938554535053717778774787405931893701038342401566638987036677705989533015272", "timestamp": "1769384438123", "hash": "00664fd7999c5fc293e2eb7f0b9e60dd6ceda171", "bids": [{"price": "0.01", "size": "255.04"}, {"price": "0.02", "size": "94.48"}, {"price": "0.03", "size": "18.99"}, {"price": "0.04", "size": "29.99"}], "asks": [{"price": "0.99", "size": "256.54"}, {"price": "0.98", "size": "73.03"}, {"price": "0.97", "size": "20.79"}, {"price": "0.96", "size": "5.47"}], "event_type": "book", "last_trade_price": ""}, {"market": "0x8aca827a6890072b0f7095615ff09209916186a94dbea1d1a4544c0bb40640df", "asset_id": "95268996816910033184367809981956870064345026844641101204437690149369356566439", "timestamp": "1769384438078", "hash": "48aef48e985c4c0428ce0155dd48b99d67bc7a4a", "bids": [{"price": "0.01", "size": "303.52"}, {"price": "0.02", "size": "97.03"}, {"price": "0.03", "size": "20.8"}, {"price": "0.04", "size": "5.47"}], "asks": [{"price": "0.99", "size": "302.04"}, {"price": "0.98", "size": "150.48"}, {"price": "0.97", "size": "18.99"}, {"price": "0.96", "size": "29.99"}], "event_type": "book", "last_trade_price": ""}, {"market": "0x692df1631f0ae642080b48635d12460ac3e021e3d1f10ea50a502c832a8e72dc", "asset_id": "12678295853347333723584655380716744547193120357016105270224905309093977704870", "timestamp": "1769384438123", "hash": "9c6b2b3eb025e6bd854378fa2f68d63c41da186c", "bids": [{"price": "0.01", "size": "256.54"}, {"price": "0.02", "size": "73.03"}, {"price": "0.03", "size": "20.79"}, {"price": "0.04", "size": "5.47"}], "asks": [{"price": "0.99", "size": "255.04"}, {"price": "0.98", "size": "94.48"}, {"price": "0.97", "size": "18.99"}, {"price": "0.96", "size": "29.99"}], "event_type": "book", "last_trade_price": ""}]}
{"_local_timestamp": "2026-01-25T23:41:37.412951+00:00", "data": {"market": "0xbddae37387bd17549c151e12ea17a7b848bf5b412723f96b503f23cf59840f31", "price_changes": [{"asset_id": "101502436453583329199404636092336292363830579389006513447585339766892196674944", "price": "0.01", "size": "580", "side": "BUY", "hash": "a4ffb8fa7c5c09f257d912b8583f9de987583e28", "best_bid": "0.05", "best_ask": "0.96"}, {"asset_id": "103298151325465025586311004588552274618263933250597490568406041630203293537184", "price": "0.99", "size": "580", "side": "SELL", "hash": "dd87792bd5f661939ddee05cbf1d9250ef7afbc4", "best_bid": "0.04", "best_ask": "0.95"}], "timestamp": "1769384497339", "event_type": "price_change"}}
{"_local_timestamp": "2026-01-25T23:41:37.714085+00:00", "data": {"market": "0xbddae37387bd17549c151e12ea17a7b848bf5b412723f96b503f23cf59840f31", "price_changes": [{"asset_id": "101502436453583329199404636092336292363830579389006513447585339766892196674944", "price": "0.01", "size": "602.09", "side": "BUY", "hash": "e79bee3154c9a3d33078a7081e6731f78b0b558c", "best_bid": "0.05", "best_ask": "0.96"}, {"asset_id": "103298151325465025586311004588552274618263933250597490568406041630203293537184", "price": "0.99", "size": "602.09", "side": "SELL", "hash": "39bb55c1ab93f7607d3ed11feaa2e7e350254e7f", "best_bid": "0.04", "best_ask": "0.95"}], "timestamp": "1769384497647", "event_type": "price_change"}}
