{"_local_timestamp": "2026-01-25T23:34:23.525037+00:00", "data": [{"market": "0x8aca827a6890072b0f7095615ff09209916186a94dbea1d1a4544c0bb40640df", "asset_id": "70031790430780497724181282123642275179340008610576521491922647219290142376121", "timestamp": "1769383982949", "hash": "5d61d9e0d67024c25cce6c96a9277a672104b9ab", "bids": [{"price": "0.01", "size": "302.04"}, {"price": "0.02", "size": "150.48"}, {"price": "0.03", "size": "18.99"}, {"price": "0.04", "size": "29.99"}], "asks": [{"price": "0.99", "size": "303.52"}, {"price": "0.98", "size": "97.03"}, {"price": "0.97", "size": "20.8"}, {"price": "0.95", "size": "23.99"}, {"price": "0.94", "size": "5.47"}], "event_type": "book", "last_trade_price": ""}, {"market": "0x8aca827a6890072b0f7095615ff09209916186a94dbea1d1a4544c0bb40640df", "asset_id": "95268996816910033184367809981956870064345026844641101204437690149369356566439", "timestamp": "1769383982949", "hash": "f529c5f7269b9fa7d3c9b24aca5d966cc1d4a380", "bids": [{"price": "0.01", "size": "303.52"}, {"price": "0.02", "size": "97.03"}, {"price": "0.03", "size": "20.8"}, {"price": "0.05", "size": "23.99"}, {"price": "0.06", "size": "5.47"}], "asks": [{"price": "0.99", "size": "302.04"}, {"price": "0.98", "size": "150.48"}, {"price": "0.97", "size": "18.99"}, {"price": "0.96", "size": "29.99"}], "event_type": "book", "last_trade_price": ""}, {"market": "0x692df1631f0ae642080b48635d12460ac3e021e3d1f10ea50a502c832a8e72dc", "asset_id": "78938554535053717778774787405931893701038342401566638987036677705989533015272", "timestamp": "1769383982949", "hash": "a057895a34585c90d06696092fb5832576f617a6", "bids": [{"price": "0.01", "size": "255.04"}, {"price": "0.02", "size": "94.48"}, {"price": "0.03", "size": "18.99"}, {"price": "0.04", "size": "29.99"}], "asks": [{"price": "0.99", "size": "247.41"}, {"price": "0.98", "size": "73.03"}, {"price": "0.97", "size": "23.84"}, {"price": "0.95", "size": "23.99"}, {"price": "0.94", "size": "5.47"}], "event_type": "book", "last_trade_price": ""}, {"market": "0x692df1631f0ae642080b48635d12460ac3e021e3d1f10ea50a502c832a8e72dc", "asset_id": "12678295853347333723584655380716744547193120357016105270224905309093977704870", "timestamp": "1769383982949", "hash": "6dcee0b290ad2fec8f03b249a65e8d59276d9760", "bids": [{"price": "0.01", "size": "247.41"}, {"price": "0.02", "size": "73.03"}, {"price": "0.03", "size": "23.84"}, {"price": "0.05", "size": "23.99"}, {"price": "0.06", "size": "5.47"}], "asks": [{"price": "0.99", "size": "255.04"}, {"price": "0.98", "size": "94.48"}, {"price": "0.97", "size": "18.99"}, {"price": "0.96", "size": "29.99"}], "event_type": "book", "last_trade_price": ""}, {"market": "0x1b666c661e6284fb0850859c443f79ae261304fd241d90010c49cb76a78a57f0", "asset_id": "56170364396444275145210656121159436615029426290553803714660896389693786692635", "timestamp": "1769383565735", "hash": "f10536759ecf845f70ddaf40ce511572e1017517", "bids": [{"price": "0.01", "size": "294.79"}, {"price": "0.02", "size": "147.03"}, {"price": "0.03", "size": "23.71"}, {"price": "0.06", "size": "23.8"}], "asks": [{"price": "0.99", "size": "302.04"}, {"price": "0.98", "size": "100.48"}, {"price": "0.97", "size": "18.99"}, {"price": "0.96", "size": "42.49"}], "event_type": "book", "last_trade_price": "0.950"}, {"market": "0xbddae37387bd17549c151e12ea17a7b848bf5b412723f96b503f23cf59840f31", "asset_id": "101502436453583329199404636092336292363830579389006513447585339766892196674944", "timestamp": "1769383787777", "hash": "6a45947628b44619f4a9b8bf08b506941b13da14", "bids": [{"price": "0.01", "size": "602.09"}, {"price": "0.02", "size": "410.48"}, {"price": "0.03", "size": "256.65"}, {"price": "0.04", "size": "9.25"}, {"price": "0.05", "size": "5.47"}], "asks": [{"price": "0.99", "size": "927.04"}, {"price": "0.98", "size": "225.48"}, {"price": "0.97", "size": "18.99"}, {"price": "0.96", "size": "29.99"}], "event_type": "book", "last_trade_price": ""}, {"market": "0xbddae37387bd17549c151e12ea17a7b848bf5b412723f96b503f23cf59840f31", "asset_id": "103298151325465025586311004588552274618263933250597490568406041630203293537184", "timestamp": "1769383787777", "hash": "9a8a83504767081ffe3b8f80fc3f034bfe139d37", "bids": [{"price": "0.01", "size": "927.04"}, {"price": "0.02", "size": "225.48"}, {"price": "0.03", "size": "18.99"}, {"price": "0.04", "size": "29.99"}], "asks": [{"price": "0.99", "size": "602.09"}, {"price": "0.98", "size": "410.48"}, {"price": "0.97", "size": "256.65"}, {"price": "0.96", "size": "9.25"}, {"price": "0.95", "size": "5.47"}], "event_type": "book", "last_trade_price": ""}, {"market": "0x1b666c661e6284fb0850859c443f79ae261304fd241d90010c49cb76a78a57f0", "asset_id": "48185201384087497442403000556614120245109312247065189016124492306663156609319", "timestamp": "1769383565735", "hash": "6b304077f549a9977e474bdc2d2d0dd71a5b2060", "bids": [{"price": "0.01", "size": "302.04"}, {"price": "0.02", "size": "100.48"}, {"price": "0.03", "size": "18.99"}, {"price": "0.04", "size": "42.49"}], "asks": [{"price": "0.99", "size": "294.79"}, {"price": "0.98", "size": "147.03"}, {"price": "0.97", "size": "23.71"}, {"price": "0.94", "size": "23.8"}], "event_type": "book", "last_trade_price": "0.950"}]}
{"_local_timestamp": "2026-01-25T23:34:33.680681+00:00", "data": {"market": "0x692df1631f0ae642080b48635d12460ac3e021e3d1f10ea50a502c832a8e72dc", "price_changes": [{"asset_id": "12678295853347333723584655380716744547193120357016105270224905309093977704870", "price": "0.05", "size": "0", "side": "BUY", "hash": "8c6df578f3e4f72714ef2980a3482c18835697cb", "best_bid": "0.06", "best_ask": "0.96"}, {"asset_id": "78938554535053717778774787405931893701038342401566638987036677705989533015272", "price": "0.95", "size": "0", "side": "SELL", "hash": "8a40cd2449f781f3244a2d11ca1539e95496e690", "best_bid": "0.04", "best_ask": "0.94"}], "timestamp": "1769384073594", "event_type": "price_change"}}
{"_local_timestamp": "2026-01-25T23:34:33.751730+00:00", "data": {"market": "0x8aca827a6890072b0f7095615ff09209916186a94dbea1d1a4544c0bb40640df", "price_changes": [{"asset_id": "95268996816910033184367809981956870064345026844641101204437690149369356566439", "price": "0.05", "size": "0", "side": "BUY", "hash": "753af78df102670845a373c687f454ae055dde24", "best_bid": "0.06", "best_ask": "0.96"}, {"asset_id": "70031790430780497724181282123642275179340008610576521491922647219290142376121", "price": "0.95", "size": "0", "side": "SELL", "hash": "65fc8cafafaa5172e6d31e9a34426f65a8989c0a", "best_bid": "0.04", "best_ask": "0.94"}], "timestamp": "1769384073686", "event_type": "price_change"}}
{"_local_timestamp": "2026-01-25T23:34:35.129870+00:00", "data": {"market": "0x692df1631f0ae642080b48635d12460ac3e021e3d1f10ea50a502c832a8e72dc", "price_changes": [{"asset_id": "12678295853347333723584655380716744547193120357016105270224905309093977704870", "price": "0.06", "size": "0", "side": "BUY", "hash": "0f815868e2335e5b66481a2cc6043cecc19e749f", "best_bid": "0.03", "best_ask": "0.96"}, {"asset_id": "78938554535053717778774787405931893701038342401566638987036677705989533015272", "price": "0.94", "size": "0", "side": "SELL", "hash": "263e6fd39e0884b296015e87865d3dc1abe483ea", "best_bid": "0.04", "best_ask": "0.97"}], "timestamp": "1769384075057", "event_type": "price_change"}}
{"_local_timestamp": "2026-01-25T23:34:35.130272+00:00", "data": {"market": "0x8aca827a6890072b0f7095615ff09209916186a94dbea1d1a4544c0bb40640df", "price_changes": [{"asset_id": "95268996816910033184367809981956870064345026844641101204437690149369356566439", "price": "0.06", "size": "0", "side": "BUY", "hash": "62d26b3ee1c289b341faa15ac8f239ba6db1aeda", "best_bid": "0.03", "best_ask": "0.96"}, {"asset_id": "70031790430780497724181282123642275179340008610576521491922647219290142376121", "price": "0.94", "size": "0", "side": "SELL", "hash": "afbac2afd1a71a83ad7ae652ca735d95e979b897", "best_bid": "0.04", "best_ask": "0.97"}], "timestamp": "1769384075057", "event_type": "price_change"}}
{"_local_timestamp": "2026-01-25T23:34:35.393578+00:00", "data": {"market": "0x692df1631f0ae642080b48635d12460ac3e021e3d1f10ea50a502c832a8e72dc", "price_changes": [{"asset_id": "12678295853347333723584655380716744547193120357016105270224905309093977704870", "price": "0.04", "size": "5.47", "side": "BUY", "hash": "be7550252ac4ba9a5bbd59a9a2f171d6f5c47808", "best_bid": "0.04", "best_ask": "0.96"}, {"asset_id": "78938554535053717778774787405931893701038342401566638987036677705989533015272", "price": "0.96", "size": "5.47", "side": "SELL", "hash": "f276548082f90a07e37e28f53556b1efaf9d4218", "best_bid": "0.04", "best_ask": "0.96"}], "timestamp": "1769384075328", "event_type": "price_change"}}
{"_local_timestamp": "2026-01-25T23:34:35.394036+00:00", "data": {"market": "0x8aca827a6890072b0f7095615ff09209916186a94dbea1d1a4544c0bb40640df", "price_changes": [{"asset_id": "95268996816910033184367809981956870064345026844641101204437690149369356566439", "price": "0.04", "size": "5.47", "side": "BUY", "hash": "3ce38f2247aa46b0510a373b7be605a17f22e8d7", "best_bid": "0.04", "best_ask": "0.96"}, {"asset_id": "70031790430780497724181282123642275179340008610576521491922647219290142376121", "price": "0.96", "size": "5.47", "side": "SELL", "hash": "7e58fbc789aa294e909659fdd40e6851e2cab5b7", "best_bid": "0.04", "best_ask": "0.96"}], "timestamp": "1769384075328", "event_type": "price_change"}}
