{"_local_timestamp": "2026-01-25T23:41:27.714933+00:00", "data": [{"market": "0x15beb6ee455f9837b69cd7dcd110770b2f489d88651e4ffb21cd54f617a23e04", "asset_id": "44868850067599122384522819337153865676781090849621105309651139851616912647528", "timestamp": "1769384425876", "hash": "dadf11661f1e33d188ac8ab6f92d8dea7642bf94", "bids": [{"price": "0.01", "size": "1138.33"}, {"price": "0.02", "size": "47.33"}, {"price": "0.48", "size": "500"}], "asks": [{"price": "0.99", "size": "1138.52"}, {"price": "0.98", "size": "47.23"}, {"price": "0.58", "size": "500"}], "event_type": "book", "last_trade_price": ""}, {"market": "0xecbb7178261e45c45a2d40f3ba28f7b90da88f208a43e3c8f0bd9f7d69900ddc", "asset_id": "75087175062739028357071911202249876424512123621414420427750062298373802728902", "timestamp": "1769384465499", "hash": "4bee8f4b4a2225fac86ae193365d3385decc20e0", "bids": [{"price": "0.01", "size": "8789.01"}, {"price": "0.02", "size": "2100"}, {"price": "0.03", "size": "8.13"}, {"price": "0.07", "size": "1700"}, {"price": "0.08", "size": "4857.32"}, {"price": "0.09", "size": "4157.32"}, {"price": "0.1", "size": "6.57"}, {"price": "0.14", "size": "300"}, {"price": "0.2", "size": "50"}, {"price": "0.27", "size": "50"}, {"price": "0.5", "size": "10"}, {"price": "0.6", "size": "1890.11"}, {"price": "0.61", "size": "890.11"}, {"price": "0.63", "size": "100"}, {"price": "0.64", "size": "50"}], "asks": [{"price": "0.99", "size": "8779.11"}, {"price": "0.98", "size": "4463.36"}, {"price": "0.96", "size": "21.97"}, {"price": "0.8", "size": "10"}, {"price": "0.73", "size": "91.94"}, {"price": "0.72", "size": "1000"}, {"price": "0.7", "size": "2140.11"}, {"price": "0.69", "size": "890.11"}], "event_type": "book", "last_trade_price": "0.270"}, {"market": "0xc2db3c0906ac69232c4998f436e34e5df7e64b6dd2d9cb9ddd6305f2aef23c0d", "asset_id": "26283804933183319314833342421447518362320608677704153347603079425527445471777", "timestamp": "1769384425877", "hash": "6ba13f5d5ad74db9152532d141545a6bc892ec81", "bids": [{"price": "0.01", "size": "7184.21"}, {"price": "0.02", "size": "4157.32"}, {"price": "0.03", "size": "921.74"}, {"price": "0.04", "size": "5047.43"}, {"price": "0.2", "size": "50"}, {"price": "0.56", "size": "1390.11"}, {"price": "0.57", "size": "890.11"}], "asks": [{"price": "0.99", "size": "7184.22"}, {"price": "0.98", "size": "4157.32"}, {"price": "0.97", "size": "31.63"}, {"price": "0.96", "size": "6889.22"}, {"price": "0.95", "size": "5047.43"}, {"price": "0.67", "size": "1390.11"}, {"price": "0.66", "size": "890.11"}], "event_type": "book", "last_trade_price": ""}, {"market": "0xecbb7178261e45c45a2d40f3ba28f7b90da88f208a43e3c8f0bd9f7d69900ddc", "asset_id": "51057777902653789433362935484116310785534127104787453577540080102342088856991", "timestamp": "1769384465499", "hash": "30c406b86aca6c7875a0dc735dad6e295d94006a", "bids": [{"price": "0.01", "size": "8779.11"}, {"price": "0.02", "size": "4463.36"}, {"price": "0.04", "size": "21.97"}, {"price": "0.2", "size": "10"}, {"price": "0.27", "size": "91.94"}, {"price": "0.28", "size": "1000"}, {"price": "0.3", "size": "2140.11"}, {"price": "0.31", "size": "890.11"}], "asks": [{"price": "0.99", "size": "8789.01"}, {"price": "0.98", "size": "2100"}, {"price": "0.97", "size": "8.13"}, {"price": "0.93", "size": "1700"}, {"price": "0.92", "size": "4857.32"}, {"price": "0.91", "size": "4157.32"}, {"price": "0.9", "size": "6.57"}, {"price": "0.86", "size": "300"}, {"price": "0.8", "size": "50"}, {"price": "0.73", "size": "50"}, {"price": "0.5", "size": "10"}, {"price": "0.4", "size": "1890.11"}, {"price": "0.39", "size": "890.11"}, {"price": "0.37", "size": "100"}, {"price": "0.36", "size": "50"}], "event_type": "book", "last_trade_price": "0.270"}, {"market": "0x15beb6ee455f9837b69cd7dcd110770b2f489d88651e4ffb21cd54f617a23e04", "asset_id": "14205737424716982918858761268248742215558565679165887656230879609115111732505", "timestamp": "1769384425876", "hash": "c64632da10d376c6b0a2b40eef095283969055d9", "bids": [{"price": "0.01", "size": "1138.52"}, {"price": "0.02", "size": "47.23"}, {"price": "0.42", "size": "500"}], "asks": [{"price": "0.99", "size": "1138.33"}, {"price": "0.98", "size": "47.33"}, {"price": "0.52", "size": "500"}], "event_type": "book", "last_trade_price": ""}, {"market": "0x171b0625db2b7f2ac2848455143776eec779ee85f6359364c1b423b23b32fc68", "asset_id": "17118621258018130257689540837975706602158094977984538267313954503349864657420", "timestamp": "1769384425884", "hash": "3dbf3b74bb3161149694abe747214205f145a80e", "bids": [{"price": "0.01", "size": "7184.28"}, {"price": "0.02", "size": "4157.32"}, {"price": "0.03", "size": "31.61"}, {"price": "0.04", "size": "890.11"}, {"price": "0.05", "size": "5047.43"}, {"price": "0.34", "size": "1390.11"}, {"price": "0.35", "size": "890.11"}], "asks": [{"price": "0.99", "size": "7189.21"}, {"price": "0.98", "size": "4157.32"}, {"price": "0.97", "size": "920.07"}, {"price": "0.96", "size": "11046.54"}, {"price": "0.8", "size": "50"}, {"price": "0.45", "size": "1390.11"}, {"price": "0.44", "size": "890.11"}], "event_type": "book", "last_trade_price": ""}, {"market": "0x8ccb39356d65ce6cd50d98b896351aaeff3a2d884158f6453fdec83a0f3f2361", "asset_id": "54115704767093899489859926330384345560631205111379974241224327571709257756515", "timestamp": "1769384438040", "hash": "5a7b5a0eb455e6aa92b4a78f13d0f54531b88bbe", "bids": [{"price": "0.01", "size": "106.9"}, {"price": "0.02", "size": "36.54"}, {"price": "0.03", "size": "5.47"}], "asks": [{"price": "0.99", "size": "100"}, {"price": "0.98", "size": "39.99"}, {"price": "0.96", "size": "29.99"}], "event_type": "book", "last_trade_price": ""}, {"market": "0xc2db3c0906ac69232c4998f436e34e5df7e64b6dd2d9cb9ddd6305f2aef23c0d", "asset_id": "68765318567686557797285708330422826706843409708557814702138983780254126785177", "timestamp": "1769384425877", "hash": "7a367983d9d0d1ac79b7a044ed6c232d76c0cbc3", "bids": [{"price": "0.01", "size": "7184.22"}, {"price": "0.02", "size": "4157.32"}, {"price": "0.03", "size": "31.63"}, {"price": "0.04", "size": "6889.22"}, {"price": "0.05", "size": "5047.43"}, {"price": "0.33", "size": "1390.11"}, {"price": "0.34", "size": "890.11"}], "asks": [{"price": "0.99", "size": "7184.21"}, {"price": "0.98", "size": "4157.32"}, {"price": "0.97", "size": "921.74"}, {"price": "0.96", "size": "5047.43"}, {"price": "0.8", "size": "50"}, {"price": "0.44", "size": "1390.11"}, {"price": "0.43", "size": "890.11"}], "event_type": "book", "last_trade_price": ""}, {"market": "0x8ccb39356d65ce6cd50d98b896351aaeff3a2d884158f6453fdec83a0f3f2361", "asset_id": "85979090154771566247057457488185735048733636408042266931260086497748605442725", "timestamp": "1769384438040", "hash": "fc81b4d461b05bdf5afff3685aa046c030e591a5", "bids": [{"price": "0.01", "size": "100"}, {"price": "0.02", "size": "39.99"}, {"price": "0.04", "size": "29.99"}], "asks": [{"price": "0.99", "size": "106.9"}, {"price": "0.98", "size": "36.54"}, {"price": "0.97", "size": "5.47"}], "event_type": "book", "last_trade_price": ""}, {"market": "0x171b0625db2b7f2ac2848455143776eec779ee85f6359364c1b423b23b32fc68", "asset_id": "110208037745521376477218629625161726044793864281199315926557875582085019919669", "timestamp": "1769384425884", "hash": "fcef8857416e526ba26f6923dc35766df4260dc3", "bids": [{"price": "0.01", "size": "7189.21"}, {"price": "0.02", "size": "4157.32"}, {"price": "0.03", "size": "920.07"}, {"price": "0.04", "size": "11046.54"}, {"price": "0.2", "size": "50"}, {"price": "0.55", "size": "1390.11"}, {"price": "0.56", "size": "890.11"}], "asks": [{"price": "0.99", "size": "7184.28"}, {"price": "0.98", "size": "4157.32"}, {"price": "0.97", "size": "31.61"}, {"price": "0.96", "size": "890.11"}, {"price": "0.95", "size": "5047.43"}, {"price": "0.66", "size": "1390.11"}, {"price": "0.65", "size": "890.11"}], "event_type": "book", "last_trade_price": ""}]}
{"_local_timestamp": "2026-01-25T23:41:27.948686+00:00", "data": {"market": "0xecbb7178261e45c45a2d40f3ba28f7b90da88f208a43e3c8f0bd9f7d69900ddc", "price_changes": [{"asset_id": "75087175062739028357071911202249876424512123621414420427750062298373802728902", "price": "0.08", "size": "4457.32", "side": "BUY", "hash": "b56cd39e5a2f81e584df0ef0079b9c4b5f2e1e07", "best_bid": "0.64", "best_ask": "0.69"}, {"asset_id": "51057777902653789433362935484116310785534127104787453577540080102342088856991", "price": "0.92", "size": "4457.32", "side": "SELL", "hash": "1a6a2739464330009ad8e9fd02a563608b2c6653", "best_bid": "0.31", "best_ask": "0.36"}], "timestamp": "1769384487844", "event_type": "price_change"}}
{"_local_timestamp": "2026-01-25T23:41:28.220949+00:00", "data": {"market": "0xecbb7178261e45c45a2d40f3ba28f7b90da88f208a43e3c8f0bd9f7d69900ddc", "price_changes": [{"asset_id": "75087175062739028357071911202249876424512123621414420427750062298373802728902", "price": "0.09", "size": "4557.32", "side": "BUY", "hash": "4568911a3b47ee0c759507159cbc0cc8cab6cff7", "best_bid": "0.64", "best_ask": "0.69"}, {"asset_id": "51057777902653789433362935484116310785534127104787453577540080102342088856991", "price": "0.91", "size": "4557.32", "side": "SELL", "hash": "1cc3bb0a15bb329d130fb87b6b7f99e147591ece", "best_bid": "0.31", "best_ask": "0.36"}], "timestamp": "1769384488124", "event_type": "price_change"}}
{"_local_timestamp": "2026-01-25T23:41:44.738935+00:00", "data": {"market": "0xc2db3c0906ac69232c4998f436e34e5df7e64b6dd2d9cb9ddd6305f2aef23c0d", "price_changes": [{"asset_id": "68765318567686557797285708330422826706843409708557814702138983780254126785177", "price": "0.03", "size": "0", "side": "BUY", "hash": "4b55408a630801dd32479dcbf48ba911aa370a67", "best_bid": "0.34", "best_ask": "0.43"}, {"asset_id": "26283804933183319314833342421447518362320608677704153347603079425527445471777", "price": "0.97", "size": "0", "side": "SELL", "hash": "11f51af6bf54337f2adccdaa0d8669d358e47bd3", "best_bid": "0.57", "best_ask": "0.66"}], "timestamp": "1769384504668", "event_type": "price_change"}}
{"_local_timestamp": "2026-01-25T23:41:44.786575+00:00", "data": {"market": "0xc2db3c0906ac69232c4998f436e34e5df7e64b6dd2d9cb9ddd6305f2aef23c0d", "price_changes": [{"asset_id": "68765318567686557797285708330422826706843409708557814702138983780254126785177", "price": "0.05", "size": "0", "side": "BUY", "hash": "bd1a9fdd76509be7e3d33cdcae74eb3fd0fd5f95", "best_bid": "0.34", "best_ask": "0.43"}, {"asset_id": "26283804933183319314833342421447518362320608677704153347603079425527445471777", "price": "0.95", "size": "0", "side": "SELL", "hash": "beecfb07562b29d1368ee9cd11e9c654194bc912", "best_bid": "0.57", "best_ask": "0.66"}], "timestamp": "1769384504709", "event_type": "price_change"}}
{"_local_timestamp": "2026-01-25T23:41:44.786963+00:00", "data": {"market": "0xc2db3c0906ac69232c4998f436e34e5df7e64b6dd2d9cb9ddd6305f2aef23c0d", "price_changes": [{"asset_id": "68765318567686557797285708330422826706843409708557814702138983780254126785177", "price": "0.04", "size": "0", "side": "BUY", "hash": "bd1a9fdd76509be7e3d33cdcae74eb3fd0fd5f95", "best_bid": "0.34", "best_ask": "0.43"}, {"asset_id": "26283804933183319314833342421447518362320608677704153347603079425527445471777", "price": "0.96", "size": "0", "side": "SELL", "hash": "beecfb07562b29d1368ee9cd11e9c654194bc912", "best_bid": "0.57", "best_ask": "0.66"}], "timestamp": "1769384504709", "event_type": "price_change"}}
{"_local_timestamp": "2026-01-25T23:41:44.792639+00:00", "data": {"market": "0xc2db3c0906ac69232c4998f436e34e5df7e64b6dd2d9cb9ddd6305f2aef23c0d", "price_changes": [{"asset_id": "26283804933183319314833342421447518362320608677704153347603079425527445471777", "price": "0.04", "size": "0", "side": "BUY", "hash": "c50656404342b1cf7d456185fff9410d6f53eedf", "best_bid": "0.57", "best_ask": "0.66"}, {"asset_id": "68765318567686557797285708330422826706843409708557814702138983780254126785177", "price": "0.96", "size": "0", "side": "SELL", "hash": "b208b79c10b769d553c465f7795a6d6c49bdaed7", "best_bid": "0.34", "best_ask": "0.43"}], "timestamp": "1769384504709", "event_type": "price_change"}}
{"_local_timestamp": "2026-01-25T23:41:44.792951+00:00", "data": {"market": "0xc2db3c0906ac69232c4998f436e34e5df7e64b6dd2d9cb9ddd6305f2aef23c0d", "price_changes": [{"asset_id": "26283804933183319314833342421447518362320608677704153347603079425527445471777", "price": "0.03", "size": "31.63", "side": "BUY", "hash": "c50656404342b1cf7d456185fff9410d6f53eedf", "best_bid": "0.57", "best_ask": "0.66"}, {"asset_id": "68765318567686557797285708330422826706843409708557814702138983780254126785177", "price": "0.97", "size": "31.63", "side": "SELL", "hash": "b208b79c10b769d553c465f7795a6d6c49bdaed7", "best_bid": "0.34", "best_ask": "0.43"}], "timestamp": "1769384504709", "event_type": "price_change"}}
{"_local_timestamp": "2026-01-25T23:41:44.814521+00:00", "data": {"market": "0xc2db3c0906ac69232c4998f436e34e5df7e64b6dd2d9cb9ddd6305f2aef23c0d", "price_changes": [{"asset_id": "26283804933183319314833342421447518362320608677704153347603079425527445471777", "price": "0.05", "size": "5999.11", "side": "BUY", "hash": "e5128c464962eb1a7a612aa43dd00a18e318b5ca", "best_bid": "0.57", "best_ask": "0.66"}, {"asset_id": "68765318567686557797285708330422826706843409708557814702138983780254126785177", "price": "0.95", "size": "5999.11", "side": "SELL", "hash": "506fa4da8045315e4e5033457e0a01827be038f8", "best_bid": "0.34", "best_ask": "0.43"}], "timestamp": "1769384504743", "event_type": "price_change"}}
{"_local_timestamp": "2026-01-25T23:41:45.043971+00:00", "data": {"market": "0xc2db3c0906ac69232c4998f436e34e5df7e64b6dd2d9cb9ddd6305f2aef23c0d", "price_changes": [{"asset_id": "26283804933183319314833342421447518362320608677704153347603079425527445471777", "price": "0.05", "size": "6889.22", "side": "BUY", "hash": "4dea521df27c702b0b871462dfc56df6b2ae6c2c", "best_bid": "0.57", "best_ask": "0.66"}, {"asset_id": "68765318567686557797285708330422826706843409708557814702138983780254126785177", "price": "0.95", "size": "6889.22", "side": "SELL", "hash": "24a3a62b54c041657737b042f18e9ac3b473b81d", "best_bid": "0.34", "best_ask": "0.43"}], "timestamp": "1769384504976", "event_type": "price_change"}}
{"_local_timestamp": "2026-01-25T23:41:45.044375+00:00", "data": {"market": "0xc2db3c0906ac69232c4998f436e34e5df7e64b6dd2d9cb9ddd6305f2aef23c0d", "price_changes": [{"asset_id": "26283804933183319314833342421447518362320608677704153347603079425527445471777", "price": "0.04", "size": "1997.11", "side": "BUY", "hash": "76fd373f5a19c552c43b65c493b8e758b70d9ad3", "best_bid": "0.57", "best_ask": "0.66"}, {"asset_id": "68765318567686557797285708330422826706843409708557814702138983780254126785177", "price": "0.96", "size": "1997.11", "side": "SELL", "hash": "6033202717b5c3b25c3a8b38e246160d53beee97", "best_bid": "0.34", "best_ask": "0.43"}], "timestamp": "1769384504977", "event_type": "price_change"}}
{"_local_timestamp": "2026-01-25T23:41:45.044703+00:00", "data": {"market": "0xc2db3c0906ac69232c4998f436e34e5df7e64b6dd2d9cb9ddd6305f2aef23c0d", "price_changes": [{"asset_id": "26283804933183319314833342421447518362320608677704153347603079425527445471777", "price": "0.05", "size": "8159.32", "side": "BUY", "hash": "1db42c9a5eb73ecd79c2b2c49770552a7ea3a998", "best_bid": "0.57", "best_ask": "0.66"}, {"asset_id": "68765318567686557797285708330422826706843409708557814702138983780254126785177", "price": "0.95", "size": "8159.32", "side": "SELL", "hash": "3cfbcec061509ecc401008854f5615cd20b10728", "best_bid": "0.34", "best_ask": "0.43"}], "timestamp": "1769384504978", "event_type": "price_change"}}
{"_local_timestamp": "2026-01-25T23:41:45.377122+00:00", "data": {"market": "0xc2db3c0906ac69232c4998f436e34e5df7e64b6dd2d9cb9ddd6305f2aef23c0d", "price_changes": [{"asset_id": "68765318567686557797285708330422826706843409708557814702138983780254126785177", "price": "0.03", "size": "31.63", "side": "BUY", "hash": "a128bae3af08ffa49a546ce83c49599f6a8d7f20", "best_bid": "0.34", "best_ask": "0.43"}, {"asset_id": "26283804933183319314833342421447518362320608677704153347603079425527445471777", "price": "0.97", "size": "31.63", "side": "SELL", "hash": "71a892d4810a22e7d0674768d6194feb55c09921", "best_bid": "0.57", "best_ask": "0.66"}], "timestamp": "1769384505311", "event_type": "price_change"}}
{"_local_timestamp": "2026-01-25T23:41:45.762641+00:00", "data": {"market": "0xc2db3c0906ac69232c4998f436e34e5df7e64b6dd2d9cb9ddd6305f2aef23c0d", "price_changes": [{"asset_id": "26283804933183319314833342421447518362320608677704153347603079425527445471777", "price": "0.03", "size": "0", "side": "BUY", "hash": "4aa0aeac4c1011003ecba19e6c1e25dc1753d894", "best_bid": "0.57", "best_ask": "0.66"}, {"asset_id": "68765318567686557797285708330422826706843409708557814702138983780254126785177", "price": "0.97", "size": "0", "side": "SELL", "hash": "3f8c66a37df0cd69dd165184f30fc253bbf972fc", "best_bid": "0.34", "best_ask": "0.43"}], "timestamp": "1769384505698", "event_type": "price_change"}}
{"_local_timestamp": "2026-01-25T23:41:45.763085+00:00", "data": {"market": "0x171b0625db2b7f2ac2848455143776eec779ee85f6359364c1b423b23b32fc68", "price_changes": [{"asset_id": "17118621258018130257689540837975706602158094977984538267313954503349864657420", "price": "0.03", "size": "0", "side": "BUY", "hash": "fed10d9f9739271a7b0da3ae051bd6696694a54b", "best_bid": "0.35", "best_ask": "0.44"}, {"asset_id": "110208037745521376477218629625161726044793864281199315926557875582085019919669", "price": "0.97", "size": "0", "side": "SELL", "hash": "8a1113c3eb6f6b3d8b4e49aff7912612b914e80a", "best_bid": "0.56", "best_ask": "0.65"}], "timestamp": "1769384505698", "event_type": "price_change"}}
{"_local_timestamp": "2026-01-25T23:41:45.825173+00:00", "data": {"market": "0x171b0625db2b7f2ac2848455143776eec779ee85f6359364c1b423b23b32fc68", "price_changes": [{"asset_id": "17118621258018130257689540837975706602158094977984538267313954503349864657420", "price": "0.05", "size": "0", "side": "BUY", "hash": "167c501fb75c1325ce21189e0e05675d0638effd", "best_bid": "0.35", "best_ask": "0.44"}, {"asset_id": "110208037745521376477218629625161726044793864281199315926557875582085019919669", "price": "0.95", "size": "0", "side": "SELL", "hash": "52e89e3e17bf4ce25708b2cdc733dbab753cdbfd", "best_bid": "0.56", "best_ask": "0.65"}], "timestamp": "1769384505743", "event_type": "price_change"}}
{"_local_timestamp": "2026-01-25T23:41:45.825637+00:00", "data": {"market": "0x171b0625db2b7f2ac2848455143776eec779ee85f6359364c1b423b23b32fc68", "price_changes": [{"asset_id": "17118621258018130257689540837975706602158094977984538267313954503349864657420", "price": "0.04", "size": "0", "side": "BUY", "hash": "167c501fb75c1325ce21189e0e05675d0638effd", "best_bid": "0.35", "best_ask": "0.44"}, {"asset_id": "110208037745521376477218629625161726044793864281199315926557875582085019919669", "price": "0.96", "size": "0", "side": "SELL", "hash": "52e89e3e17bf4ce25708b2cdc733dbab753cdbfd", "best_bid": "0.56", "best_ask": "0.65"}], "timestamp": "1769384505743", "event_type": "price_change"}}
{"_local_timestamp": "2026-01-25T23:41:45.825995+00:00", "data": {"market": "0x171b0625db2b7f2ac2848455143776eec779ee85f6359364c1b423b23b32fc68", "price_changes": [{"asset_id": "110208037745521376477218629625161726044793864281199315926557875582085019919669", "price": "0.04", "size": "0", "side": "BUY", "hash": "88687885aaca0b114de15e4e2cd4c2118db753ef", "best_bid": "0.56", "best_ask": "0.65"}, {"asset_id": "17118621258018130257689540837975706602158094977984538267313954503349864657420", "price": "0.96", "size": "0", "side": "SELL", "hash": "d62d4ee3bf7cb64b8e2981f8adbf3e8c1063f8c3", "best_bid": "0.35", "best_ask": "0.44"}], "timestamp": "1769384505744", "event_type": "price_change"}}
{"_local_timestamp": "2026-01-25T23:41:45.826354+00:00", "data": {"market": "0x171b0625db2b7f2ac2848455143776eec779ee85f6359364c1b423b23b32fc68", "price_changes": [{"asset_id": "110208037745521376477218629625161726044793864281199315926557875582085019919669", "price": "0.03", "size": "29.96", "side": "BUY", "hash": "88687885aaca0b114de15e4e2cd4c2118db753ef", "best_bid": "0.56", "best_ask": "0.65"}, {"asset_id": "17118621258018130257689540837975706602158094977984538267313954503349864657420", "price": "0.97", "size": "29.96", "side": "SELL", "hash": "d62d4ee3bf7cb64b8e2981f8adbf3e8c1063f8c3", "best_bid": "0.35", "best_ask": "0.44"}], "timestamp": "1769384505744", "event_type": "price_change"}}
{"_local_timestamp": "2026-01-25T23:41:45.930631+00:00", "data": {"market": "0x171b0625db2b7f2ac2848455143776eec779ee85f6359364c1b423b23b32fc68", "price_changes": [{"asset_id": "110208037745521376477218629625161726044793864281199315926557875582085019919669", "price": "0.05", "size": "890.11", "side": "BUY", "hash": "d1e53525bc4a3a349ab5340dd9f85fcd3642b9c5", "best_bid": "0.56", "best_ask": "0.65"}, {"asset_id": "17118621258018130257689540837975706602158094977984538267313954503349864657420", "price": "0.95", "size": "890.11", "side": "SELL", "hash": "a26a1b53eae831c416dc1673520d4c4d24e85c10", "best_bid": "0.35", "best_ask": "0.44"}], "timestamp": "1769384505866", "event_type": "price_change"}}
{"_local_timestamp": "2026-01-25T23:41:45.931406+00:00", "data": {"market": "0x171b0625db2b7f2ac2848455143776eec779ee85f6359364c1b423b23b32fc68", "price_changes": [{"asset_id": "110208037745521376477218629625161726044793864281199315926557875582085019919669", "price": "0.05", "size": "2887.22", "side": "BUY", "hash": "9ac6e29f6fe022ad4e106f72cc113f84088ab987", "best_bid": "0.56", "best_ask": "0.65"}, {"asset_id": "17118621258018130257689540837975706602158094977984538267313954503349864657420", "price": "0.95", "size": "2887.22", "side": "SELL", "hash": "51d91790e66a0c83218384c5155af8f38f6aa400", "best_bid": "0.35", "best_ask": "0.44"}], "timestamp": "1769384505867", "event_type": "price_change"}}
{"_local_timestamp": "2026-01-25T23:41:45.931791+00:00", "data": {"market": "0x171b0625db2b7f2ac2848455143776eec779ee85f6359364c1b423b23b32fc68", "price_changes": [{"asset_id": "110208037745521376477218629625161726044793864281199315926557875582085019919669", "price": "0.05", "size": "4157.32", "side": "BUY", "hash": "d2b1ed5b5d731fd6a866fef0a37ec5d9851dcfec", "best_bid": "0.56", "best_ask": "0.65"}, {"asset_id": "17118621258018130257689540837975706602158094977984538267313954503349864657420", "price": "0.95", "size": "4157.32", "side": "SELL", "hash": "d95069666d0b96de4b151cbecded497719b85d8b", "best_bid": "0.35", "best_ask": "0.44"}], "timestamp": "1769384505867", "event_type": "price_change"}}
{"_local_timestamp": "2026-01-25T23:41:46.133429+00:00", "data": {"market": "0xc2db3c0906ac69232c4998f436e34e5df7e64b6dd2d9cb9ddd6305f2aef23c0d", "price_changes": [{"asset_id": "26283804933183319314833342421447518362320608677704153347603079425527445471777", "price": "0.06", "size": "12.77", "side": "BUY", "hash": "46bdada339afb1f15cb68a5ea67bedb6ea881a18", "best_bid": "0.57", "best_ask": "0.66"}, {"asset_id": "68765318567686557797285708330422826706843409708557814702138983780254126785177", "price": "0.94", "size": "12.77", "side": "SELL", "hash": "680a33fe5d0ef42cf9997c231b77cb6297ed4c3a", "best_bid": "0.34", "best_ask": "0.43"}], "timestamp": "1769384506065", "event_type": "price_change"}}
{"_local_timestamp": "2026-01-25T23:41:46.133918+00:00", "data": {"market": "0x171b0625db2b7f2ac2848455143776eec779ee85f6359364c1b423b23b32fc68", "price_changes": [{"asset_id": "17118621258018130257689540837975706602158094977984538267313954503349864657420", "price": "0.03", "size": "31.61", "side": "BUY", "hash": "471de86b5f42894bece7b53f0a92784265ac06b3", "best_bid": "0.35", "best_ask": "0.44"}, {"asset_id": "110208037745521376477218629625161726044793864281199315926557875582085019919669", "price": "0.97", "size": "31.61", "side": "SELL", "hash": "93832727e3e4ca6b05e208df53278e25b702149a", "best_bid": "0.56", "best_ask": "0.65"}], "timestamp": "1769384506065", "event_type": "price_change"}}
{"_local_timestamp": "2026-01-25T23:41:46.134298+00:00", "data": {"market": "0xc2db3c0906ac69232c4998f436e34e5df7e64b6dd2d9cb9ddd6305f2aef23c0d", "price_changes": [{"asset_id": "26283804933183319314833342421447518362320608677704153347603079425527445471777", "price": "0.02", "size": "4166.44", "side": "BUY", "hash": "e82a3124b945b02ca0a5a63da5f2f50be64abc4e", "best_bid": "0.57", "best_ask": "0.66"}, {"asset_id": "68765318567686557797285708330422826706843409708557814702138983780254126785177", "price": "0.98", "size": "4166.44", "side": "SELL", "hash": "41c23cd8c9ea39fcb2fee5c271ea6d31b424f1a2", "best_bid": "0.34", "best_ask": "0.43"}], "timestamp": "1769384506066", "event_type": "price_change"}}
{"_local_timestamp": "2026-01-25T23:41:46.510637+00:00", "data": {"market": "0x171b0625db2b7f2ac2848455143776eec779ee85f6359364c1b423b23b32fc68", "price_changes": [{"asset_id": "110208037745521376477218629625161726044793864281199315926557875582085019919669", "price": "0.01", "size": "7184.11", "side": "BUY", "hash": "26b8904340166d558bc1a2d44c246ff700bf641c", "best_bid": "0.56", "best_ask": "0.65"}, {"asset_id": "17118621258018130257689540837975706602158094977984538267313954503349864657420", "price": "0.99", "size": "7184.11", "side": "SELL", "hash": "14f8985b6d2b620ea9e9f6febb1b1296732e18c9", "best_bid": "0.35", "best_ask": "0.44"}], "timestamp": "1769384506443", "event_type": "price_change"}}
{"_local_timestamp": "2026-01-25T23:41:46.511082+00:00", "data": {"market": "0x171b0625db2b7f2ac2848455143776eec779ee85f6359364c1b423b23b32fc68", "price_changes": [{"asset_id": "110208037745521376477218629625161726044793864281199315926557875582085019919669", "price": "0.03", "size": "0", "side": "BUY", "hash": "26b8904340166d558bc1a2d44c246ff700bf641c", "best_bid": "0.56", "best_ask": "0.65"}, {"asset_id": "17118621258018130257689540837975706602158094977984538267313954503349864657420", "price": "0.97", "size": "0", "side": "SELL", "hash": "14f8985b6d2b620ea9e9f6febb1b1296732e18c9", "best_bid": "0.35", "best_ask": "0.44"}], "timestamp": "1769384506443", "event_type": "price_change"}}
{"_local_timestamp": "2026-01-25T23:41:47.271164+00:00", "data": {"market": "0x171b0625db2b7f2ac2848455143776eec779ee85f6359364c1b423b23b32fc68", "price_changes": [{"asset_id": "110208037745521376477218629625161726044793864281199315926557875582085019919669", "price": "0.02", "size": "4166.48", "side": "BUY", "hash": "2803d0dc4cb3a006b179fd5ef911672d5c35c8d2", "best_bid": "0.56", "best_ask": "0.65"}, {"asset_id": "17118621258018130257689540837975706602158094977984538267313954503349864657420", "price": "0.98", "size": "4166.48", "side": "SELL", "hash": "d23a766483328e47e0893b98f41a9cc154cb6b52", "best_bid": "0.35", "best_ask": "0.44"}], "timestamp": "1769384507202", "event_type": "price_change"}}
{"_local_timestamp": "2026-01-25T23:41:47.271614+00:00", "data": {"market": "0x171b0625db2b7f2ac2848455143776eec779ee85f6359364c1b423b23b32fc68", "price_changes": [{"asset_id": "110208037745521376477218629625161726044793864281199315926557875582085019919669", "price": "0.06", "size": "12.77", "side": "BUY", "hash": "713d9b325081db7f50c1a42f5267b3f335ba2e57", "best_bid": "0.56", "best_ask": "0.65"}, {"asset_id": "17118621258018130257689540837975706602158094977984538267313954503349864657420", "price": "0.94", "size": "12.77", "side": "SELL", "hash": "6a0d21f142ce2e9d99a1e16b6ddc7d9b25e5dba1", "best_bid": "0.35", "best_ask": "0.44"}], "timestamp": "1769384507203", "event_type": "price_change"}}
{"_local_timestamp": "2026-01-25T23:41:59.956483+00:00", "data": {"market": "0xecbb7178261e45c45a2d40f3ba28f7b90da88f208a43e3c8f0bd9f7d69900ddc", "price_changes": [{"asset_id": "75087175062739028357071911202249876424512123621414420427750062298373802728902", "price": "0.08", "size": "4357.32", "side": "BUY", "hash": "f5f602774cdabfb5e695d634cb31ee1837bd3dbd", "best_bid": "0.64", "best_ask": "0.69"}, {"asset_id": "51057777902653789433362935484116310785534127104787453577540080102342088856991", "price": "0.92", "size": "4357.32", "side": "SELL", "hash": "db7f29c7462dea5b79c922f94807757992af42d0", "best_bid": "0.31", "best_ask": "0.36"}], "timestamp": "1769384519879", "event_type": "price_change"}}
{"_local_timestamp": "2026-01-25T23:42:00.135438+00:00", "data": {"market": "0xecbb7178261e45c45a2d40f3ba28f7b90da88f208a43e3c8f0bd9f7d69900ddc", "price_changes": [{"asset_id": "75087175062739028357071911202249876424512123621414420427750062298373802728902", "price": "0.09", "size": "400", "side": "BUY", "hash": "04e1fca3b2dc6f49f6fab2af8a0e429be508fb7f", "best_bid": "0.64", "best_ask": "0.69"}, {"asset_id": "51057777902653789433362935484116310785534127104787453577540080102342088856991", "price": "0.91", "size": "400", "side": "SELL", "hash": "1d64af126f935db8ec9491db5073ac3a59043074", "best_bid": "0.31", "best_ask": "0.36"}], "timestamp": "1769384520020", "event_type": "price_change"}}
{"_local_timestamp": "2026-01-25T23:42:00.228440+00:00", "data": {"market": "0xecbb7178261e45c45a2d40f3ba28f7b90da88f208a43e3c8f0bd9f7d69900ddc", "price_changes": [{"asset_id": "75087175062739028357071911202249876424512123621414420427750062298373802728902", "price": "0.09", "size": "500", "side": "BUY", "hash": "72f1eca9114894697ea38666b85e79d3d3ad6530", "best_bid": "0.64", "best_ask": "0.69"}, {"asset_id": "51057777902653789433362935484116310785534127104787453577540080102342088856991", "price": "0.91", "size": "500", "side": "SELL", "hash": "f48b85752635dacc46e20ceb44bb2b8ae05a0463", "best_bid": "0.31", "best_ask": "0.36"}], "timestamp": "1769384520156", "event_type": "price_change"}}
