{"_local_timestamp": "2026-01-25T23:34:23.537692+00:00", "data": [{"market": "0x2c858fae1ac44abf43861346df9f730bb7fa7d4595bc9651e5f4986b299f8fda", "asset_id": "29053463673522811680375299524803323262593880582155242258068983166323669031422", "timestamp": "1769383788083", "hash": "d0e550a42be49520c2543dcfdfde43448e9f4b3f", "bids": [{"price": "0.01", "size": "294.79"}, {"price": "0.02", "size": "42.6"}, {"price": "0.03", "size": "5.47"}, {"price": "0.25", "size": "10"}], "asks": [{"price": "0.99", "size": "302.04"}, {"price": "0.98", "size": "38.97"}, {"price": "0.96", "size": "29.99"}], "event_type": "book", "last_trade_price": ""}, {"market": "0xb6e34a5161309766e14c1681adbe8caf0755d4a2edeaadfd37753b46219db3c9", "asset_id": "38981402395940241963308223579610196874351447275819818193457043163980527843608", "timestamp": "1769381669046", "hash": "be6c50e724ab23fed08f98aa309ad85f89b70ebc", "bids": [{"price": "0.01", "size": "302.04"}, {"price": "0.02", "size": "38.97"}, {"price": "0.04", "size": "42.49"}], "asks": [{"price": "0.99", "size": "298.81"}, {"price": "0.98", "size": "40.59"}, {"price": "0.95", "size": "15.47"}], "event_type": "book", "last_trade_price": ""}, {"market": "0xcc1cefcc8ca26fc489910902ae82604305607631e8e199e14faad438ec5076e5", "asset_id": "21035469543240793753461235313544907125293689942781219955053764991726156555044", "timestamp": "1769381669149", "hash": "779a77fd1ce9b6821f246a8d2fdeb353199b926f", "bids": [{"price": "0.01", "size": "298.81"}, {"price": "0.02", "size": "40.59"}, {"price": "0.05", "size": "15.47"}], "asks": [{"price": "0.99", "size": "302.04"}, {"price": "0.98", "size": "38.97"}, {"price": "0.96", "size": "42.49"}], "event_type": "book", "last_trade_price": ""}, {"market": "0xb6e34a5161309766e14c1681adbe8caf0755d4a2edeaadfd37753b46219db3c9", "asset_id": "66601367240001050621550118589553073395869706891265328584308658468866613770045", "timestamp": "1769381669046", "hash": "87f8d22d77dd09bb9f3fd32ef5c4d09e2b1c26de", "bids": [{"price": "0.01", "size": "298.81"}, {"price": "0.02", "size": "40.59"}, {"price": "0.05", "size": "15.47"}], "asks": [{"price": "0.99", "size": "302.04"}, {"price": "0.98", "size": "38.97"}, {"price": "0.96", "size": "42.49"}], "event_type": "book", "last_trade_price": ""}, {"market": "0x567221dda230673346c8a0e83412c9be6e1f39ce12cff5d20c5a7c25b33cf131", "asset_id": "28629553319603087335356095663208535636719911979699410834800659282603888578427", "timestamp": "1769383795877", "hash": "68d66ff04f5ba012938b4f404d7c3df73de0d5ba", "bids": [{"price": "0.01", "size": "251.81"}, {"price": "0.02", "size": "25.56"}, {"price": "0.05", "size": "11.48"}], "asks": [{"price": "0.99", "size": "255.04"}, {"price": "0.98", "size": "38.97"}, {"price": "0.96", "size": "29.99"}], "event_type": "book", "last_trade_price": ""}, {"market": "0x567221dda230673346c8a0e83412c9be6e1f39ce12cff5d20c5a7c25b33cf131", "asset_id": "7068541760325675640332673498803953203394597119082869263359815314244009614005", "timestamp": "1769383795877", "hash": "be7ed050ea5212d7151735e5d84022d709037c88", "bids": [{"price": "0.01", "size": "255.04"}, {"price": "0.02", "size": "38.97"}, {"price": "0.04", "size": "29.99"}], "asks": [{"price": "0.99", "size": "251.81"}, {"price": "0.98", "size": "25.56"}, {"price": "0.95", "size": "11.48"}], "event_type": "book", "last_trade_price": ""}, {"market": "0xcc1cefcc8ca26fc489910902ae82604305607631e8e199e14faad438ec5076e5", "asset_id": "14071838176571004139044326584941081764856138678191043653845392311220238624710", "timestamp": "1769381669149", "hash": "db9e258925dde16416192e3bd018e8ed5b647197", "bids": [{"price": "0.01", "size": "302.04"}, {"price": "0.02", "size": "38.97"}, {"price": "0.04", "size": "42.49"}], "asks": [{"price": "0.99", "size": "298.81"}, {"price": "0.98", "size": "40.59"}, {"price": "0.95", "size": "15.47"}], "event_type": "book", "last_trade_price": ""}, {"market": "0x2c858fae1ac44abf43861346df9f730bb7fa7d4595bc9651e5f4986b299f8fda", "asset_id": "113835913456616656415678421276306005691976347234252749273651760139686058938488", "timestamp": "1769383788083", "hash": "411b4e0a06484022ad5a95f831f88b5eab3bea9a", "bids": [{"price": "0.01", "size": "302.04"}, {"price": "0.02", "size": "38.97"}, {"price": "0.04", "size": "29.99"}], "asks": [{"price": "0.99", "size": "294.79"}, {"price": "0.98", "size": "42.6"}, {"price": "0.97", "size": "5.47"}, {"price": "0.75", "size": "10"}], "event_type": "book", "last_trade_price": ""}]}
