{"_local_timestamp": "2026-01-25T23:33:56.182073+00:00", "data": [{"market": "0x24c14ec9db68a55368e62cab025afe5a3d31478d791ed0dd04980cabef6e8b8f", "asset_id": "96521257537838472540554754164905370681999785393644142201157554652865749102550", "timestamp": "1769384035530", "hash": "8aa5c77672cffbaa57a6bf448097d524d2a8c3e4", "bids": [], "asks": [{"price": "0.999", "size": "100625"}, {"price": "0.998", "size": "55000"}, {"price": "0.992", "size": "155"}, {"price": "0.99", "size": "27010"}, {"price": "0.989", "size": "55710"}, {"price": "0.92", "size": "155"}, {"price": "0.903", "size": "100"}, {"price": "0.901", "size": "100"}, {"price": "0.9", "size": "3500"}, {"price": "0.899", "size": "10000"}, {"price": "0.53", "size": "100"}, {"price": "0.51", "size": "100"}, {"price": "0.503", "size": "200"}, {"price": "0.501", "size": "100"}, {"price": "0.5", "size": "176"}, {"price": "0.25", "size": "60"}, {"price": "0.233", "size": "60"}, {"price": "0.232", "size": "777"}, {"price": "0.231", "size": "60"}, {"price": "0.23", "size": "60"}, {"price": "0.229", "size": "53"}, {"price": "0.228", "size": "5.51"}, {"price": "0.009", "size": "500"}, {"price": "0.001", "size": "109303"}], "event_type": "book", "last_trade_price": ""}, {"market": "0x24c14ec9db68a55368e62cab025afe5a3d31478d791ed0dd04980cabef6e8b8f", "asset_id": "26523267999357506072105479744089779902889355390554625059173037175194726913847", "timestamp": "1769384035530", "hash": "6dc342c426b819dc8d960e45e5b4ed5157553c5b", "bids": [{"price": "0.001", "size": "100625"}, {"price": "0.002", "size": "55000"}, {"price": "0.008", "size": "155"}, {"price": "0.01", "size": "27010"}, {"price": "0.011", "size": "55710"}, {"price": "0.08", "size": "155"}, {"price": "0.097", "size": "100"}, {"price": "0.099", "size": "100"}, {"price": "0.1", "size": "3500"}, {"price": "0.101", "size": "10000"}, {"price": "0.47", "size": "100"}, {"price": "0.49", "size": "100"}, {"price": "0.497", "size": "200"}, {"price": "0.499", "size": "100"}, {"price": "0.5", "size": "176"}, {"price": "0.75", "size": "60"}, {"price": "0.767", "size": "60"}, {"price": "0.768", "size": "777"}, {"price": "0.769", "size": "60"}, {"price": "0.77", "size": "60"}, {"price": "0.771", "size": "53"}, {"price": "0.772", "size": "5.51"}, {"price": "0.991", "size": "500"}, {"price": "0.999", "size": "109303"}], "asks": [], "event_type": "book", "last_trade_price": ""}]}
{"_local_timestamp": "2026-01-25T23:34:07.972214+00:00", "data": {"market": "0x24c14ec9db68a55368e62cab025afe5a3d31478d791ed0dd04980cabef6e8b8f", "price_changes": [{"asset_id": "26523267999357506072105479744089779902889355390554625059173037175194726913847", "price": "0.999", "size": "104993", "side": "BUY", "hash": "12d11a5bae63d95662227ca93067d635bc2d2a68", "best_bid": "0.999", "best_ask": "1"}, {"asset_id": "96521257537838472540554754164905370681999785393644142201157554652865749102550", "price": "0.001", "size": "104993", "side": "SELL", "hash": "5402e1415bd3aa5c665d38608aaf6a39b6a59698", "best_bid": "0", "best_ask": "0.001"}], "timestamp": "1769384047888", "event_type": "price_change"}}
{"_local_timestamp": "2026-01-25T23:34:08.659324+00:00", "data": {"market": "0x24c14ec9db68a55368e62cab025afe5a3d31478d791ed0dd04980cabef6e8b8f", "price_changes": [{"asset_id": "26523267999357506072105479744089779902889355390554625059173037175194726913847", "price": "0.999", "size": "100000", "side": "BUY", "hash": "15641256bb99d5ed9dc8fe4a7e7b70bb79d10163", "best_bid": "0.999", "best_ask": "1"}, {"asset_id": "96521257537838472540554754164905370681999785393644142201157554652865749102550", "price": "0.001", "size": "100000", "side": "SELL", "hash": "df7eade2377e016d9a6b4b6f5c532ec1d89c1db7", "best_bid": "0", "best_ask": "0.001"}], "timestamp": "1769384048563", "event_type": "price_change"}}
{"_local_timestamp": "2026-01-25T23:34:09.287479+00:00", "data": {"market": "0x24c14ec9db68a55368e62cab025afe5a3d31478d791ed0dd04980cabef6e8b8f", "price_changes": [{"asset_id": "26523267999357506072105479744089779902889355390554625059173037175194726913847", "price": "0.999", "size": "90000", "side": "BUY", "hash": "67e6fc34f910548ade7ad9212c2cf78fe2d98e8d", "best_bid": "0.999", "best_ask": "1"}, {"asset_id": "96521257537838472540554754164905370681999785393644142201157554652865749102550", "price": "0.001", "size": "90000", "side": "SELL", "hash": "95eb865f4c5878bb5cf6e31bd410187a361bafe9", "best_bid": "0", "best_ask": "0.001"}], "timestamp": "1769384049209", "event_type": "price_change"}}
{"_local_timestamp": "2026-01-25T23:34:11.209826+00:00", "data": {"market": "0x24c14ec9db68a55368e62cab025afe5a3d31478d791ed0dd04980cabef6e8b8f", "price_changes": [{"asset_id": "26523267999357506072105479744089779902889355390554625059173037175194726913847", "price": "0.999", "size": "92500", "side": "BUY", "hash": "ddd383c349dccbee42e931a9029e6b27325f25ce", "best_bid": "0.999", "best_ask": "1"}, {"asset_id": "96521257537838472540554754164905370681999785393644142201157554652865749102550", "price": "0.001", "size": "92500", "side": "SELL", "hash": "b5ca2c4ad3255d979ab9236d80d73a3c88a546c8", "best_bid": "0", "best_ask": "0.001"}], "timestamp": "1769384051121", "event_type": "price_change"}}
{"_local_timestamp": "2026-01-25T23:34:12.450555+00:00", "data": {"market": "0x24c14ec9db68a55368e62cab025afe5a3d31478d791ed0dd04980cabef6e8b8f", "price_changes": [{"asset_id": "26523267999357506072105479744089779902889355390554625059173037175194726913847", "price": "0.999", "size": "93124", "side": "BUY", "hash": "99290794ccfd2fd78df88fbdfdea888a7009de74", "best_bid": "0.999", "best_ask": "1"}, {"asset_id": "96521257537838472540554754164905370681999785393644142201157554652865749102550", "price": "0.001", "size": "93124", "side": "SELL", "hash": "07b16cf0269130f73a2b0e4a1d0c6fc2ef6d7070", "best_bid": "0", "best_ask": "0.001"}], "timestamp": "1769384052362", "event_type": "price_change"}}
{"_local_timestamp": "2026-01-25T23:34:13.594297+00:00", "data": {"market": "0x24c14ec9db68a55368e62cab025afe5a3d31478d791ed0dd04980cabef6e8b8f", "price_changes": [{"asset_id": "26523267999357506072105479744089779902889355390554625059173037175194726913847", "price": "0.999", "size": "93279", "side": "BUY", "hash": "2f441668b2dd0c12ff8b21f767cb625dc923fb37", "best_bid": "0.999", "best_ask": "1"}, {"asset_id": "96521257537838472540554754164905370681999785393644142201157554652865749102550", "price": "0.001", "size": "93279", "side": "SELL", "hash": "3682eb85b7de726a76b3222b78f0098fcd6598db", "best_bid": "0", "best_ask": "0.001"}], "timestamp": "1769384053418", "event_type": "price_change"}}
