{"_local_timestamp": "2026-01-25T23:34:23.540126+00:00", "data": [{"market": "0x6c5a4265f81581f0311b17d0e74c07edbfa4dbe7d050040300aeb4fa038f5437", "asset_id": "99155260082027043306617057882542893631877613598652906709999917440053840082929", "timestamp": "1769383979311", "hash": "a792fa5160e8cac3eb1e4e0c161c16885867a5ec", "bids": [{"price": "0.01", "size": "302.04"}, {"price": "0.02", "size": "111.48"}, {"price": "0.03", "size": "18.99"}, {"price": "0.04", "size": "29.99"}], "asks": [{"price": "0.99", "size": "294.79"}, {"price": "0.98", "size": "103.1"}, {"price": "0.97", "size": "24.33"}, {"price": "0.95", "size": "23.99"}, {"price": "0.94", "size": "5.47"}], "event_type": "book", "last_trade_price": ""}, {"market": "0xcff343463c12a86e590ad15f2c72eefeb10b405546181fee1a91c2477f588729", "asset_id": "20156262322105216627515966796792922656738296304180205110025831168315348313934", "timestamp": "1769383979311", "hash": "223bdfaf0b9ce7475e3a7575382757fa591bd98e", "bids": [{"price": "0.01", "size": "302.04"}, {"price": "0.02", "size": "111.48"}, {"price": "0.03", "size": "18.99"}, {"price": "0.04", "size": "29.99"}], "asks": [{"price": "0.99", "size": "294.79"}, {"price": "0.98", "size": "103.1"}, {"price": "0.97", "size": "24.33"}, {"price": "0.95", "size": "23.99"}, {"price": "0.94", "size": "5.47"}], "event_type": "book", "last_trade_price": ""}, {"market": "0xe5d26339c447b291fff38e264bda9985e6f9dab2f5e82fb4c8c4bf794b9006c9", "asset_id": "15241486216025403841781354892824544387233855845778629694825920164167695493062", "timestamp": "1769379441241", "hash": "b09dffa9e73833a2099b3a3d3890302b9febe85e", "bids": [{"price": "0.01", "size": "285.67"}, {"price": "0.02", "size": "18.62"}, {"price": "0.07", "size": "300"}, {"price": "0.08", "size": "325"}, {"price": "0.09", "size": "75"}, {"price": "0.1", "size": "67.7"}, {"price": "0.34", "size": "50"}, {"price": "0.36", "size": "10"}], "asks": [{"price": "0.99", "size": "285.26"}, {"price": "0.98", "size": "18.61"}, {"price": "0.9", "size": "300"}, {"price": "0.89", "size": "205.22"}, {"price": "0.88", "size": "125"}, {"price": "0.87", "size": "75"}, {"price": "0.86", "size": "62"}, {"price": "0.5", "size": "50"}, {"price": "0.49", "size": "10"}], "event_type": "book", "last_trade_price": ""}, {"market": "0x96e33f80379e56277d466a219572bc82d6db2179bc7e7cd0f78477fbefff5310", "asset_id": "5349242390775590256742861377827090425176131339466113634705167377512829134810", "timestamp": "1769383982949", "hash": "aeeb188599d6aad51b991a5bd56bb18d88176476", "bids": [{"price": "0.01", "size": "255.04"}, {"price": "0.02", "size": "87.48"}, {"price": "0.03", "size": "18.99"}, {"price": "0.04", "size": "29.99"}], "asks": [{"price": "0.99", "size": "247.56"}, {"price": "0.98", "size": "80.03"}, {"price": "0.97", "size": "23.79"}, {"price": "0.95", "size": "23.99"}, {"price": "0.94", "size": "5.47"}], "event_type": "book", "last_trade_price": ""}, {"market": "0xcff343463c12a86e590ad15f2c72eefeb10b405546181fee1a91c2477f588729", "asset_id": "50283462589567432876394027001694861115964070311305720657038547197840864441209", "timestamp": "1769383979311", "hash": "53eecc65b8f5ad2c03cc79ac2acce49de3df7b55", "bids": [{"price": "0.01", "size": "294.79"}, {"price": "0.02", "size": "103.1"}, {"price": "0.03", "size": "24.33"}, {"price": "0.05", "size": "23.99"}, {"price": "0.06", "size": "5.47"}], "asks": [{"price": "0.99", "size": "302.04"}, {"price": "0.98", "size": "111.48"}, {"price": "0.97", "size": "18.99"}, {"price": "0.96", "size": "29.99"}], "event_type": "book", "last_trade_price": ""}, {"market": "0x96e33f80379e56277d466a219572bc82d6db2179bc7e7cd0f78477fbefff5310", "asset_id": "13290977623601816734654608736996048302799588034290137559836732183881508301400", "timestamp": "1769383982949", "hash": "2897f30c4438d55d0b75a4b62fb258f70273ca7d", "bids": [{"price": "0.01", "size": "247.56"}, {"price": "0.02", "size": "80.03"}, {"price": "0.03", "size": "23.79"}, {"price": "0.05", "size": "23.99"}, {"price": "0.06", "size": "5.47"}], "asks": [{"price": "0.99", "size": "255.04"}, {"price": "0.98", "size": "87.48"}, {"price": "0.97", "size": "18.99"}, {"price": "0.96", "size": "29.99"}], "event_type": "book", "last_trade_price": ""}, {"market": "0xe5d26339c447b291fff38e264bda9985e6f9dab2f5e82fb4c8c4bf794b9006c9", "asset_id": "75773198950611247405998945611006492532449542755059174259551770003338470096706", "timestamp": "1769379441241", "hash": "4a9e4aa9da9866cfeca2680330cf8d3605abc475", "bids": [{"price": "0.01", "size": "285.26"}, {"price": "0.02", "size": "18.61"}, {"price": "0.1", "size": "300"}, {"price": "0.11", "size": "205.22"}, {"price": "0.12", "size": "125"}, {"price": "0.13", "size": "75"}, {"price": "0.14", "size": "62"}, {"price": "0.5", "size": "50"}, {"price": "0.51", "size": "10"}], "asks": [{"price": "0.99", "size": "285.67"}, {"price": "0.98", "size": "18.62"}, {"price": "0.93", "size": "300"}, {"price": "0.92", "size": "325"}, {"price": "0.91", "size": "75"}, {"price": "0.9", "size": "67.7"}, {"price": "0.66", "size": "50"}, {"price": "0.64", "size": "10"}], "event_type": "book", "last_trade_price": ""}, {"market": "0x6c5a4265f81581f0311b17d0e74c07edbfa4dbe7d050040300aeb4fa038f5437", "asset_id": "77854887657484589965727679868155958579445116903976612644407681347671326162509", "timestamp": "1769383979311", "hash": "ba3917bd493cffd1031d1a96f74a9040a79459cd", "bids": [{"price": "0.01", "size": "294.79"}, {"price": "0.02", "size": "103.1"}, {"price": "0.03", "size": "24.33"}, {"price": "0.05", "size": "23.99"}, {"price": "0.06", "size": "5.47"}], "asks": [{"price": "0.99", "size": "302.04"}, {"price": "0.98", "size": "111.48"}, {"price": "0.97", "size": "18.99"}, {"price": "0.96", "size": "29.99"}], "event_type": "book", "last_trade_price": ""}]}
{"_local_timestamp": "2026-01-25T23:34:33.669183+00:00", "data": {"market": "0x6c5a4265f81581f0311b17d0e74c07edbfa4dbe7d050040300aeb4fa038f5437", "price_changes": [{"asset_id": "77854887657484589965727679868155958579445116903976612644407681347671326162509", "price": "0.05", "size": "0", "side": "BUY", "hash": "ea294da940a1d7bd7f5442cc39f24251963fd934", "best_bid": "0.06", "best_ask": "0.96"}, {"asset_id": "99155260082027043306617057882542893631877613598652906709999917440053840082929", "price": "0.95", "size": "0", "side": "SELL", "hash": "c24b5e6c00cfbf01fd94638545c3dabaf9c38cbe", "best_bid": "0.04", "best_ask": "0.94"}], "timestamp": "1769384073594", "event_type": "price_change"}}
{"_local_timestamp": "2026-01-25T23:34:33.670022+00:00", "data": {"market": "0x96e33f80379e56277d466a219572bc82d6db2179bc7e7cd0f78477fbefff5310", "price_changes": [{"asset_id": "13290977623601816734654608736996048302799588034290137559836732183881508301400", "price": "0.05", "size": "0", "side": "BUY", "hash": "f53e667559330a76899893b870645d468b8a42f4", "best_bid": "0.06", "best_ask": "0.96"}, {"asset_id": "5349242390775590256742861377827090425176131339466113634705167377512829134810", "price": "0.95", "size": "0", "side": "SELL", "hash": "d31bfe55f0d2e7453dd1d9fe885600f84ed6939d", "best_bid": "0.04", "best_ask": "0.94"}], "timestamp": "1769384073594", "event_type": "price_change"}}
{"_local_timestamp": "2026-01-25T23:34:33.755991+00:00", "data": {"market": "0xcff343463c12a86e590ad15f2c72eefeb10b405546181fee1a91c2477f588729", "price_changes": [{"asset_id": "50283462589567432876394027001694861115964070311305720657038547197840864441209", "price": "0.05", "size": "0", "side": "BUY", "hash": "ac76dd7acb860ee42bc662e4b72bb681fc8323dc", "best_bid": "0.06", "best_ask": "0.96"}, {"asset_id": "20156262322105216627515966796792922656738296304180205110025831168315348313934", "price": "0.95", "size": "0", "side": "SELL", "hash": "bdf7ccbab503e12adc494c1951c68b4ab8c6d90c", "best_bid": "0.04", "best_ask": "0.94"}], "timestamp": "1769384073687", "event_type": "price_change"}}
{"_local_timestamp": "2026-01-25T23:34:35.154263+00:00", "data": {"market": "0xcff343463c12a86e590ad15f2c72eefeb10b405546181fee1a91c2477f588729", "price_changes": [{"asset_id": "50283462589567432876394027001694861115964070311305720657038547197840864441209", "price": "0.06", "size": "0", "side": "BUY", "hash": "16b54664810a0028083bdcec0285cc34dc361fa7", "best_bid": "0.03", "best_ask": "0.96"}, {"asset_id": "20156262322105216627515966796792922656738296304180205110025831168315348313934", "price": "0.94", "size": "0", "side": "SELL", "hash": "d8d5cc77f21d26c8377c0caa31e964a9f548c779", "best_bid": "0.04", "best_ask": "0.97"}], "timestamp": "1769384075058", "event_type": "price_change"}}
{"_local_timestamp": "2026-01-25T23:34:35.155320+00:00", "data": {"market": "0x6c5a4265f81581f0311b17d0e74c07edbfa4dbe7d050040300aeb4fa038f5437", "price_changes": [{"asset_id": "77854887657484589965727679868155958579445116903976612644407681347671326162509", "price": "0.06", "size": "0", "side": "BUY", "hash": "af5e17dd2d49b1becf72aa2652dfa8db1aaac4e0", "best_bid": "0.03", "best_ask": "0.96"}, {"asset_id": "99155260082027043306617057882542893631877613598652906709999917440053840082929", "price": "0.94", "size": "0", "side": "SELL", "hash": "46dd87952cc7356df3f28094165f367c7778202b", "best_bid": "0.04", "best_ask": "0.97"}], "timestamp": "1769384075058", "event_type": "price_change"}}
{"_local_timestamp": "2026-01-25T23:34:35.156423+00:00", "data": {"market": "0x96e33f80379e56277d466a219572bc82d6db2179bc7e7cd0f78477fbefff5310", "price_changes": [{"asset_id": "13290977623601816734654608736996048302799588034290137559836732183881508301400", "price": "0.06", "size": "0", "side": "BUY", "hash": "888098372cfabc7b5ad8492740e80c1948729993", "best_bid": "0.03", "best_ask": "0.96"}, {"asset_id": "5349242390775590256742861377827090425176131339466113634705167377512829134810", "price": "0.94", "size": "0", "side": "SELL", "hash": "f6928da6d87f4396e28346bf9bb2fb2c8d469fe9", "best_bid": "0.04", "best_ask": "0.97"}], "timestamp": "1769384075057", "event_type": "price_change"}}
{"_local_timestamp": "2026-01-25T23:34:35.397447+00:00", "data": {"market": "0x6c5a4265f81581f0311b17d0e74c07edbfa4dbe7d050040300aeb4fa038f5437", "price_changes": [{"asset_id": "77854887657484589965727679868155958579445116903976612644407681347671326162509", "price": "0.04", "size": "5.47", "side": "BUY", "hash": "cfa5f5eed07c97b0ec3635ebb646018acf8d9a19", "best_bid": "0.04", "best_ask": "0.96"}, {"asset_id": "99155260082027043306617057882542893631877613598652906709999917440053840082929", "price": "0.96", "size": "5.47", "side": "SELL", "hash": "12bdf6d7dd7e751a36a39f79dc8252c3e5ed0596", "best_bid": "0.04", "best_ask": "0.96"}], "timestamp": "1769384075327", "event_type": "price_change"}}
{"_local_timestamp": "2026-01-25T23:34:35.397880+00:00", "data": {"market": "0xcff343463c12a86e590ad15f2c72eefeb10b405546181fee1a91c2477f588729", "price_changes": [{"asset_id": "50283462589567432876394027001694861115964070311305720657038547197840864441209", "price": "0.04", "size": "5.47", "side": "BUY", "hash": "d102ac26a2b6a2eea79d98238c4772ae8b3ed469", "best_bid": "0.04", "best_ask": "0.96"}, {"asset_id": "20156262322105216627515966796792922656738296304180205110025831168315348313934", "price": "0.96", "size": "5.47", "side": "SELL", "hash": "a43e095862c859a7c1aa36fa64e4f7667c56d2c6", "best_bid": "0.04", "best_ask": "0.96"}], "timestamp": "1769384075327", "event_type": "price_change"}}
{"_local_timestamp": "2026-01-25T23:34:35.398181+00:00", "data": {"market": "0x96e33f80379e56277d466a219572bc82d6db2179bc7e7cd0f78477fbefff5310", "price_changes": [{"asset_id": "13290977623601816734654608736996048302799588034290137559836732183881508301400", "price": "0.04", "size": "5.47", "side": "BUY", "hash": "2483bc476fe49d96f963bc830e9046568630675e", "best_bid": "0.04", "best_ask": "0.96"}, {"asset_id": "5349242390775590256742861377827090425176131339466113634705167377512829134810", "price": "0.96", "size": "5.47", "side": "SELL", "hash": "41e87b6e78e2e09a943005e61ce1a263c7541972", "best_bid": "0.04", "best_ask": "0.96"}], "timestamp": "1769384075328", "event_type": "price_change"}}
{"_local_timestamp": "2026-01-25T23:35:53.342997+00:00", "data": {"market": "0x6c5a4265f81581f0311b17d0e74c07edbfa4dbe7d050040300aeb4fa038f5437", "price_changes": [{"asset_id": "77854887657484589965727679868155958579445116903976612644407681347671326162509", "price": "0.03", "size": "11.26", "side": "BUY", "hash": "f0b4353ad8baebf6e0795e7bf4bbc01897b933bf", "best_bid": "0.04", "best_ask": "0.96"}, {"asset_id": "99155260082027043306617057882542893631877613598652906709999917440053840082929", "price": "0.97", "size": "11.26", "side": "SELL", "hash": "5026ea26b6fab2fc5addd23f914a153dc5db4b1d", "best_bid": "0.04", "best_ask": "0.96"}], "timestamp": "1769384153276", "event_type": "price_change"}}
{"_local_timestamp": "2026-01-25T23:35:53.343977+00:00", "data": {"market": "0x96e33f80379e56277d466a219572bc82d6db2179bc7e7cd0f78477fbefff5310", "price_changes": [{"asset_id": "13290977623601816734654608736996048302799588034290137559836732183881508301400", "price": "0.03", "size": "9.79", "side": "BUY", "hash": "cb4d4785e1589bb5207fdde8afbbb706af5b01a7", "best_bid": "0.04", "best_ask": "0.96"}, {"asset_id": "5349242390775590256742861377827090425176131339466113634705167377512829134810", "price": "0.97", "size": "9.79", "side": "SELL", "hash": "f83b94baf613b6c98af5bff1726373f323a03727", "best_bid": "0.04", "best_ask": "0.96"}], "timestamp": "1769384153276", "event_type": "price_change"}}
{"_local_timestamp": "2026-01-25T23:35:53.641087+00:00", "data": {"market": "0x6c5a4265f81581f0311b17d0e74c07edbfa4dbe7d050040300aeb4fa038f5437", "price_changes": [{"asset_id": "77854887657484589965727679868155958579445116903976612644407681347671326162509", "price": "0.01", "size": "304.13", "side": "BUY", "hash": "d208615f171704159909c307f3f18ca1e7a4bd60", "best_bid": "0.04", "best_ask": "0.96"}, {"asset_id": "99155260082027043306617057882542893631877613598652906709999917440053840082929", "price": "0.99", "size": "304.13", "side": "SELL", "hash": "b28cc908a688437ba01f968eb9b9a92de041db90", "best_bid": "0.04", "best_ask": "0.96"}], "timestamp": "1769384153572", "event_type": "price_change"}}
{"_local_timestamp": "2026-01-25T23:35:53.641874+00:00", "data": {"market": "0x96e33f80379e56277d466a219572bc82d6db2179bc7e7cd0f78477fbefff5310", "price_changes": [{"asset_id": "13290977623601816734654608736996048302799588034290137559836732183881508301400", "price": "0.01", "size": "256.52", "side": "BUY", "hash": "9a31cfaac555221c032fd83cf634684b5e263ab8", "best_bid": "0.04", "best_ask": "0.96"}, {"asset_id": "5349242390775590256742861377827090425176131339466113634705167377512829134810", "price": "0.99", "size": "256.52", "side": "SELL", "hash": "ed7b47f6bed933843ff8ca91aa5e40115b075987", "best_bid": "0.04", "best_ask": "0.96"}], "timestamp": "1769384153573", "event_type": "price_change"}}
{"_local_timestamp": "2026-01-25T23:35:53.642198+00:00", "data": {"market": "0x6c5a4265f81581f0311b17d0e74c07edbfa4dbe7d050040300aeb4fa038f5437", "price_changes": [{"asset_id": "77854887657484589965727679868155958579445116903976612644407681347671326162509", "price": "0.03", "size": "21.22", "side": "BUY", "hash": "a7dd7127cf9e4505a0750b73c1e19bb770cfb907", "best_bid": "0.04", "best_ask": "0.96"}, {"asset_id": "99155260082027043306617057882542893631877613598652906709999917440053840082929", "price": "0.97", "size": "21.22", "side": "SELL", "hash": "a3014a384a8aa12c6d3191ba41c5b4b6f3bcd2c7", "best_bid": "0.04", "best_ask": "0.96"}], "timestamp": "1769384153573", "event_type": "price_change"}}
{"_local_timestamp": "2026-01-25T23:35:53.648537+00:00", "data": {"market": "0x96e33f80379e56277d466a219572bc82d6db2179bc7e7cd0f78477fbefff5310", "price_changes": [{"asset_id": "13290977623601816734654608736996048302799588034290137559836732183881508301400", "price": "0.03", "size": "20.8", "side": "BUY", "hash": "b08b1fe994bacc35e6487ba584e4facf040a39a6", "best_bid": "0.04", "best_ask": "0.96"}, {"asset_id": "5349242390775590256742861377827090425176131339466113634705167377512829134810", "price": "0.97", "size": "20.8", "side": "SELL", "hash": "04a18679f06a8fbf030ac0ab46026a9236366187", "best_bid": "0.04", "best_ask": "0.96"}], "timestamp": "1769384153573", "event_type": "price_change"}}
{"_local_timestamp": "2026-01-25T23:35:53.769006+00:00", "data": {"market": "0xcff343463c12a86e590ad15f2c72eefeb10b405546181fee1a91c2477f588729", "price_changes": [{"asset_id": "50283462589567432876394027001694861115964070311305720657038547197840864441209", "price": "0.03", "size": "11.26", "side": "BUY", "hash": "6274343081e1f06346681cba0afbb7165562c024", "best_bid": "0.04", "best_ask": "0.96"}, {"asset_id": "20156262322105216627515966796792922656738296304180205110025831168315348313934", "price": "0.97", "size": "11.26", "side": "SELL", "hash": "5e18980014b1168da8a00fe2877c8e0312402373", "best_bid": "0.04", "best_ask": "0.96"}], "timestamp": "1769384153703", "event_type": "price_change"}}
{"_local_timestamp": "2026-01-25T23:35:54.094607+00:00", "data": {"market": "0xcff343463c12a86e590ad15f2c72eefeb10b405546181fee1a91c2477f588729", "price_changes": [{"asset_id": "50283462589567432876394027001694861115964070311305720657038547197840864441209", "price": "0.03", "size": "21.22", "side": "BUY", "hash": "914e1d10c024a29ee08a6f5bd110af323b4610a4", "best_bid": "0.04", "best_ask": "0.96"}, {"asset_id": "20156262322105216627515966796792922656738296304180205110025831168315348313934", "price": "0.97", "size": "21.22", "side": "SELL", "hash": "ea60aadf0a0e1a3f508ca05dfda37fd2d0714306", "best_bid": "0.04", "best_ask": "0.96"}], "timestamp": "1769384154012", "event_type": "price_change"}}
{"_local_timestamp": "2026-01-25T23:35:54.095117+00:00", "data": {"market": "0xcff343463c12a86e590ad15f2c72eefeb10b405546181fee1a91c2477f588729", "price_changes": [{"asset_id": "50283462589567432876394027001694861115964070311305720657038547197840864441209", "price": "0.01", "size": "304.13", "side": "BUY", "hash": "e20978b4c3adcc3105f7aa3a5b39f08caf915097", "best_bid": "0.04", "best_ask": "0.96"}, {"asset_id": "20156262322105216627515966796792922656738296304180205110025831168315348313934", "price": "0.99", "size": "304.13", "side": "SELL", "hash": "b76518d82dcef57f2298b5e941053002d7a52b66", "best_bid": "0.04", "best_ask": "0.96"}], "timestamp": "1769384154017", "event_type": "price_change"}}
{"_local_timestamp": "2026-01-25T23:36:05.653157+00:00", "data": {"market": "0xcff343463c12a86e590ad15f2c72eefeb10b405546181fee1a91c2477f588729", "price_changes": [{"asset_id": "50283462589567432876394027001694861115964070311305720657038547197840864441209", "price": "0.05", "size": "23.99", "side": "BUY", "hash": "6dcb81c40c50edb654a51c819f278f55894a9902", "best_bid": "0.05", "best_ask": "0.96"}, {"asset_id": "20156262322105216627515966796792922656738296304180205110025831168315348313934", "price": "0.95", "size": "23.99", "side": "SELL", "hash": "db953cf7a02aef62d04ab29cf962675113a2111a", "best_bid": "0.04", "best_ask": "0.95"}], "timestamp": "1769384165580", "event_type": "price_change"}}
{"_local_timestamp": "2026-01-25T23:36:05.749919+00:00", "data": {"market": "0x6c5a4265f81581f0311b17d0e74c07edbfa4dbe7d050040300aeb4fa038f5437", "price_changes": [{"asset_id": "77854887657484589965727679868155958579445116903976612644407681347671326162509", "price": "0.05", "size": "23.99", "side": "BUY", "hash": "7947b38389bc4fccbc97bfd672523561b104528e", "best_bid": "0.05", "best_ask": "0.96"}, {"asset_id": "99155260082027043306617057882542893631877613598652906709999917440053840082929", "price": "0.95", "size": "23.99", "side": "SELL", "hash": "b060e9d7e2c1bdef87e3bd400009d26c99a493dd", "best_bid": "0.04", "best_ask": "0.95"}], "timestamp": "1769384165677", "event_type": "price_change"}}
{"_local_timestamp": "2026-01-25T23:36:05.946693+00:00", "data": {"market": "0x96e33f80379e56277d466a219572bc82d6db2179bc7e7cd0f78477fbefff5310", "price_changes": [{"asset_id": "13290977623601816734654608736996048302799588034290137559836732183881508301400", "price": "0.05", "size": "23.99", "side": "BUY", "hash": "6f0584e7eb261fe6fcad16f5ccf1cec029271fb2", "best_bid": "0.05", "best_ask": "0.96"}, {"asset_id": "5349242390775590256742861377827090425176131339466113634705167377512829134810", "price": "0.95", "size": "23.99", "side": "SELL", "hash": "dcb64ca704529bb157f40b60e40e1dd298478962", "best_bid": "0.04", "best_ask": "0.95"}], "timestamp": "1769384165878", "event_type": "price_change"}}
{"_local_timestamp": "2026-01-25T23:36:09.242914+00:00", "data": {"market": "0xcff343463c12a86e590ad15f2c72eefeb10b405546181fee1a91c2477f588729", "price_changes": [{"asset_id": "50283462589567432876394027001694861115964070311305720657038547197840864441209", "price": "0.04", "size": "0", "side": "BUY", "hash": "8e626821b55dd473ff34056722748f930234a011", "best_bid": "0.05", "best_ask": "0.96"}, {"asset_id": "20156262322105216627515966796792922656738296304180205110025831168315348313934", "price": "0.96", "size": "0", "side": "SELL", "hash": "ed67eda86a5994666f8c3cc14d48fee34121b60a", "best_bid": "0.04", "best_ask": "0.95"}], "timestamp": "1769384169171", "event_type": "price_change"}}
{"_local_timestamp": "2026-01-25T23:36:09.243772+00:00", "data": {"market": "0x6c5a4265f81581f0311b17d0e74c07edbfa4dbe7d050040300aeb4fa038f5437", "price_changes": [{"asset_id": "77854887657484589965727679868155958579445116903976612644407681347671326162509", "price": "0.04", "size": "0", "side": "BUY", "hash": "8c1bc9d7f56bc896edf2619158a725db84889341", "best_bid": "0.05", "best_ask": "0.96"}, {"asset_id": "99155260082027043306617057882542893631877613598652906709999917440053840082929", "price": "0.96", "size": "0", "side": "SELL", "hash": "ed096a31051d99b8b7093b36881b0efed02c72fd", "best_bid": "0.04", "best_ask": "0.95"}], "timestamp": "1769384169171", "event_type": "price_change"}}
{"_local_timestamp": "2026-01-25T23:36:09.244163+00:00", "data": {"market": "0x96e33f80379e56277d466a219572bc82d6db2179bc7e7cd0f78477fbefff5310", "price_changes": [{"asset_id": "13290977623601816734654608736996048302799588034290137559836732183881508301400", "price": "0.04", "size": "0", "side": "BUY", "hash": "b1e7b97339accf53cd9535c233c5c4b8b3d6043b", "best_bid": "0.05", "best_ask": "0.96"}, {"asset_id": "5349242390775590256742861377827090425176131339466113634705167377512829134810", "price": "0.96", "size": "0", "side": "SELL", "hash": "ffb5b651ff8a98e66d11b317f7f339c7bdad5cdd", "best_bid": "0.04", "best_ask": "0.95"}], "timestamp": "1769384169171", "event_type": "price_change"}}
{"_local_timestamp": "2026-01-25T23:36:09.595592+00:00", "data": {"market": "0xcff343463c12a86e590ad15f2c72eefeb10b405546181fee1a91c2477f588729", "price_changes": [{"asset_id": "50283462589567432876394027001694861115964070311305720657038547197840864441209", "price": "0.06", "size": "5.47", "side": "BUY", "hash": "c02d61154a0c3c3e9e90f2ab87e764d19997add7", "best_bid": "0.06", "best_ask": "0.96"}, {"asset_id": "20156262322105216627515966796792922656738296304180205110025831168315348313934", "price": "0.94", "size": "5.47", "side": "SELL", "hash": "b88c7035e88ff31cd084adcef51c6a6284eba892", "best_bid": "0.04", "best_ask": "0.94"}], "timestamp": "1769384169516", "event_type": "price_change"}}
{"_local_timestamp": "2026-01-25T23:36:09.630700+00:00", "data": {"market": "0x6c5a4265f81581f0311b17d0e74c07edbfa4dbe7d050040300aeb4fa038f5437", "price_changes": [{"asset_id": "77854887657484589965727679868155958579445116903976612644407681347671326162509", "price": "0.06", "size": "5.47", "side": "BUY", "hash": "55d75931cc2f690516758dc08d1fa4b3798833f8", "best_bid": "0.06", "best_ask": "0.96"}, {"asset_id": "99155260082027043306617057882542893631877613598652906709999917440053840082929", "price": "0.94", "size": "5.47", "side": "SELL", "hash": "a4ca50f3a1c15252ee7c45bb5a46601dbb900444", "best_bid": "0.04", "best_ask": "0.94"}], "timestamp": "1769384169563", "event_type": "price_change"}}
{"_local_timestamp": "2026-01-25T23:36:09.631235+00:00", "data": {"market": "0x96e33f80379e56277d466a219572bc82d6db2179bc7e7cd0f78477fbefff5310", "price_changes": [{"asset_id": "13290977623601816734654608736996048302799588034290137559836732183881508301400", "price": "0.06", "size": "5.47", "side": "BUY", "hash": "ed8808ca89e77971388201615877a60b491ee289", "best_bid": "0.06", "best_ask": "0.96"}, {"asset_id": "5349242390775590256742861377827090425176131339466113634705167377512829134810", "price": "0.94", "size": "5.47", "side": "SELL", "hash": "51d251c31e286421a7e7e527d0432c4d0d84df6e", "best_bid": "0.04", "best_ask": "0.94"}], "timestamp": "1769384169564", "event_type": "price_change"}}
{"_local_timestamp": "2026-01-25T23:37:43.245850+00:00", "data": {"market": "0x6c5a4265f81581f0311b17d0e74c07edbfa4dbe7d050040300aeb4fa038f5437", "price_changes": [{"asset_id": "77854887657484589965727679868155958579445116903976612644407681347671326162509", "price": "0.05", "size": "0", "side": "BUY", "hash": "de4f89f8be57376162b91332e7d371e28cc5c3dc", "best_bid": "0.06", "best_ask": "0.96"}, {"asset_id": "99155260082027043306617057882542893631877613598652906709999917440053840082929", "price": "0.95", "size": "0", "side": "SELL", "hash": "d4436f45e099af7a826374bb9521e3e9202141fd", "best_bid": "0.04", "best_ask": "0.94"}], "timestamp": "1769384263172", "event_type": "price_change"}}
{"_local_timestamp": "2026-01-25T23:37:43.246400+00:00", "data": {"market": "0xcff343463c12a86e590ad15f2c72eefeb10b405546181fee1a91c2477f588729", "price_changes": [{"asset_id": "50283462589567432876394027001694861115964070311305720657038547197840864441209", "price": "0.05", "size": "0", "side": "BUY", "hash": "7d37036c4d43c112f1ca45dbee9646da223ed285", "best_bid": "0.06", "best_ask": "0.96"}, {"asset_id": "20156262322105216627515966796792922656738296304180205110025831168315348313934", "price": "0.95", "size": "0", "side": "SELL", "hash": "8da49eae7ba97d3bec5d28373c0215c736f295a7", "best_bid": "0.04", "best_ask": "0.94"}], "timestamp": "1769384263172", "event_type": "price_change"}}
{"_local_timestamp": "2026-01-25T23:37:43.337648+00:00", "data": {"market": "0x96e33f80379e56277d466a219572bc82d6db2179bc7e7cd0f78477fbefff5310", "price_changes": [{"asset_id": "13290977623601816734654608736996048302799588034290137559836732183881508301400", "price": "0.05", "size": "0", "side": "BUY", "hash": "5667ddf99e5653071f29a035764369590f9dbe9c", "best_bid": "0.06", "best_ask": "0.96"}, {"asset_id": "5349242390775590256742861377827090425176131339466113634705167377512829134810", "price": "0.95", "size": "0", "side": "SELL", "hash": "ddc057f79010e010f092070edd67a13066a21313", "best_bid": "0.04", "best_ask": "0.94"}], "timestamp": "1769384263268", "event_type": "price_change"}}
{"_local_timestamp": "2026-01-25T23:37:46.230343+00:00", "data": {"market": "0xcff343463c12a86e590ad15f2c72eefeb10b405546181fee1a91c2477f588729", "price_changes": [{"asset_id": "50283462589567432876394027001694861115964070311305720657038547197840864441209", "price": "0.06", "size": "0", "side": "BUY", "hash": "a5164d306191c9e1a214fcc1c78891ec6d70a277", "best_bid": "0.03", "best_ask": "0.96"}, {"asset_id": "20156262322105216627515966796792922656738296304180205110025831168315348313934", "price": "0.94", "size": "0", "side": "SELL", "hash": "0ae9cbeaefb2f5bfd0aa6292cb4d52c713a1487e", "best_bid": "0.04", "best_ask": "0.97"}], "timestamp": "1769384266141", "event_type": "price_change"}}
{"_local_timestamp": "2026-01-25T23:37:46.243791+00:00", "data": {"market": "0x96e33f80379e56277d466a219572bc82d6db2179bc7e7cd0f78477fbefff5310", "price_changes": [{"asset_id": "13290977623601816734654608736996048302799588034290137559836732183881508301400", "price": "0.06", "size": "0", "side": "BUY", "hash": "3e7ed9841ee3731345bc578ce360a5ec59798423", "best_bid": "0.03", "best_ask": "0.96"}, {"asset_id": "5349242390775590256742861377827090425176131339466113634705167377512829134810", "price": "0.94", "size": "0", "side": "SELL", "hash": "4ec39c983115b3f602850f0aa765175166cfb466", "best_bid": "0.04", "best_ask": "0.97"}], "timestamp": "1769384266142", "event_type": "price_change"}}
{"_local_timestamp": "2026-01-25T23:37:46.244773+00:00", "data": {"market": "0x6c5a4265f81581f0311b17d0e74c07edbfa4dbe7d050040300aeb4fa038f5437", "price_changes": [{"asset_id": "77854887657484589965727679868155958579445116903976612644407681347671326162509", "price": "0.06", "size": "0", "side": "BUY", "hash": "af9752bf7f13371bc2956a885d4efeffc367a86b", "best_bid": "0.03", "best_ask": "0.96"}, {"asset_id": "99155260082027043306617057882542893631877613598652906709999917440053840082929", "price": "0.94", "size": "0", "side": "SELL", "hash": "e315ad4668fd01e8a1762937b76ba0a1094aeb03", "best_bid": "0.04", "best_ask": "0.97"}], "timestamp": "1769384266142", "event_type": "price_change"}}
{"_local_timestamp": "2026-01-25T23:37:46.496652+00:00", "data": {"market": "0x6c5a4265f81581f0311b17d0e74c07edbfa4dbe7d050040300aeb4fa038f5437", "price_changes": [{"asset_id": "77854887657484589965727679868155958579445116903976612644407681347671326162509", "price": "0.04", "size": "5.47", "side": "BUY", "hash": "3591e5169dbfdde5dbf9d53fb64a479ab3551a6f", "best_bid": "0.04", "best_ask": "0.96"}, {"asset_id": "99155260082027043306617057882542893631877613598652906709999917440053840082929", "price": "0.96", "size": "5.47", "side": "SELL", "hash": "dc07a71bec23da283ea246df27379975e334019c", "best_bid": "0.04", "best_ask": "0.96"}], "timestamp": "1769384266401", "event_type": "price_change"}}
{"_local_timestamp": "2026-01-25T23:37:46.497070+00:00", "data": {"market": "0x96e33f80379e56277d466a219572bc82d6db2179bc7e7cd0f78477fbefff5310", "price_changes": [{"asset_id": "13290977623601816734654608736996048302799588034290137559836732183881508301400", "price": "0.04", "size": "5.47", "side": "BUY", "hash": "7959edff70f29de892561353357cbbb1bd1a71af", "best_bid": "0.04", "best_ask": "0.96"}, {"asset_id": "5349242390775590256742861377827090425176131339466113634705167377512829134810", "price": "0.96", "size": "5.47", "side": "SELL", "hash": "4d255c5ed0e25c90020accd0e816a3ffd01a3980", "best_bid": "0.04", "best_ask": "0.96"}], "timestamp": "1769384266399", "event_type": "price_change"}}
{"_local_timestamp": "2026-01-25T23:37:46.497412+00:00", "data": {"market": "0xcff343463c12a86e590ad15f2c72eefeb10b405546181fee1a91c2477f588729", "price_changes": [{"asset_id": "50283462589567432876394027001694861115964070311305720657038547197840864441209", "price": "0.04", "size": "5.47", "side": "BUY", "hash": "b734776c6ee4a2572da5faa39b1e1fc06d9050ff", "best_bid": "0.04", "best_ask": "0.96"}, {"asset_id": "20156262322105216627515966796792922656738296304180205110025831168315348313934", "price": "0.96", "size": "5.47", "side": "SELL", "hash": "97388d40624024b063cb90d3a12cd4cdec91b555", "best_bid": "0.04", "best_ask": "0.96"}], "timestamp": "1769384266399", "event_type": "price_change"}}
{"_local_timestamp": "2026-01-25T23:39:12.182131+00:00", "data": {"market": "0xcff343463c12a86e590ad15f2c72eefeb10b405546181fee1a91c2477f588729", "price_changes": [{"asset_id": "50283462589567432876394027001694861115964070311305720657038547197840864441209", "price": "0.05", "size": "23.99", "side": "BUY", "hash": "d9fc0a134b10955c0baae7d3a634cd761b1cc86a", "best_bid": "0.05", "best_ask": "0.96"}, {"asset_id": "20156262322105216627515966796792922656738296304180205110025831168315348313934", "price": "0.95", "size": "23.99", "side": "SELL", "hash": "8a5a767f927be2c5589575baa0b0047951b656fb", "best_bid": "0.04", "best_ask": "0.95"}], "timestamp": "1769384352100", "event_type": "price_change"}}
{"_local_timestamp": "2026-01-25T23:39:12.183260+00:00", "data": {"market": "0x96e33f80379e56277d466a219572bc82d6db2179bc7e7cd0f78477fbefff5310", "price_changes": [{"asset_id": "13290977623601816734654608736996048302799588034290137559836732183881508301400", "price": "0.05", "size": "23.99", "side": "BUY", "hash": "b6daf61c5010f9fc51748b2c7d8687601e2ac6da", "best_bid": "0.05", "best_ask": "0.96"}, {"asset_id": "5349242390775590256742861377827090425176131339466113634705167377512829134810", "price": "0.95", "size": "23.99", "side": "SELL", "hash": "139273edfc3df3a18dc188a27fdea347e27c0b0a", "best_bid": "0.04", "best_ask": "0.95"}], "timestamp": "1769384352100", "event_type": "price_change"}}
{"_local_timestamp": "2026-01-25T23:39:12.268321+00:00", "data": {"market": "0x6c5a4265f81581f0311b17d0e74c07edbfa4dbe7d050040300aeb4fa038f5437", "price_changes": [{"asset_id": "77854887657484589965727679868155958579445116903976612644407681347671326162509", "price": "0.05", "size": "23.99", "side": "BUY", "hash": "18099842d5025ad31003a864c132588c8f57a8e9", "best_bid": "0.05", "best_ask": "0.96"}, {"asset_id": "99155260082027043306617057882542893631877613598652906709999917440053840082929", "price": "0.95", "size": "23.99", "side": "SELL", "hash": "c4cb5c6915e650c82a631821d6bb48d725824c6d", "best_bid": "0.04", "best_ask": "0.95"}], "timestamp": "1769384352194", "event_type": "price_change"}}
{"_local_timestamp": "2026-01-25T23:39:15.205954+00:00", "data": {"market": "0xcff343463c12a86e590ad15f2c72eefeb10b405546181fee1a91c2477f588729", "price_changes": [{"asset_id": "50283462589567432876394027001694861115964070311305720657038547197840864441209", "price": "0.04", "size": "0", "side": "BUY", "hash": "3a95e49bfb83cd9955e3514d899cbbe742883aac", "best_bid": "0.05", "best_ask": "0.96"}, {"asset_id": "20156262322105216627515966796792922656738296304180205110025831168315348313934", "price": "0.96", "size": "0", "side": "SELL", "hash": "d44fb2f9568fed68e679d0175749fd7c58d3af77", "best_bid": "0.04", "best_ask": "0.95"}], "timestamp": "1769384355090", "event_type": "price_change"}}
{"_local_timestamp": "2026-01-25T23:39:15.214190+00:00", "data": {"market": "0x96e33f80379e56277d466a219572bc82d6db2179bc7e7cd0f78477fbefff5310", "price_changes": [{"asset_id": "13290977623601816734654608736996048302799588034290137559836732183881508301400", "price": "0.04", "size": "0", "side": "BUY", "hash": "a835e397d202c1168ac9e38e097257fab2924878", "best_bid": "0.05", "best_ask": "0.96"}, {"asset_id": "5349242390775590256742861377827090425176131339466113634705167377512829134810", "price": "0.96", "size": "0", "side": "SELL", "hash": "fe68d77d168ea0de634bb09236e1a96559f6af11", "best_bid": "0.04", "best_ask": "0.95"}], "timestamp": "1769384355090", "event_type": "price_change"}}
{"_local_timestamp": "2026-01-25T23:39:15.221480+00:00", "data": {"market": "0x6c5a4265f81581f0311b17d0e74c07edbfa4dbe7d050040300aeb4fa038f5437", "price_changes": [{"asset_id": "77854887657484589965727679868155958579445116903976612644407681347671326162509", "price": "0.04", "size": "0", "side": "BUY", "hash": "3ebb2ebdb521f7512ae912ec3cd93e85d0d180ad", "best_bid": "0.05", "best_ask": "0.96"}, {"asset_id": "99155260082027043306617057882542893631877613598652906709999917440053840082929", "price": "0.96", "size": "0", "side": "SELL", "hash": "5f04fdbc9ac813a2f236ed75df20fc61e1cd2106", "best_bid": "0.04", "best_ask": "0.95"}], "timestamp": "1769384355091", "event_type": "price_change"}}
{"_local_timestamp": "2026-01-25T23:39:15.649266+00:00", "data": {"market": "0x6c5a4265f81581f0311b17d0e74c07edbfa4dbe7d050040300aeb4fa038f5437", "price_changes": [{"asset_id": "77854887657484589965727679868155958579445116903976612644407681347671326162509", "price": "0.06", "size": "5.47", "side": "BUY", "hash": "bf3d455c13a71acbdb1e57cf925c8d51cd9ef840", "best_bid": "0.06", "best_ask": "0.96"}, {"asset_id": "99155260082027043306617057882542893631877613598652906709999917440053840082929", "price": "0.94", "size": "5.47", "side": "SELL", "hash": "dd558063e6dcb41999be1a435c28fdb2e9c79d79", "best_bid": "0.04", "best_ask": "0.94"}], "timestamp": "1769384355576", "event_type": "price_change"}}
{"_local_timestamp": "2026-01-25T23:39:15.649708+00:00", "data": {"market": "0x96e33f80379e56277d466a219572bc82d6db2179bc7e7cd0f78477fbefff5310", "price_changes": [{"asset_id": "13290977623601816734654608736996048302799588034290137559836732183881508301400", "price": "0.06", "size": "5.47", "side": "BUY", "hash": "c51d9947c01807cfc28cafc1a33a9f3955477180", "best_bid": "0.06", "best_ask": "0.96"}, {"asset_id": "5349242390775590256742861377827090425176131339466113634705167377512829134810", "price": "0.94", "size": "5.47", "side": "SELL", "hash": "d1644ab6e4d4543fcfbf4a808da6a6ae94542a80", "best_bid": "0.04", "best_ask": "0.94"}], "timestamp": "1769384355576", "event_type": "price_change"}}
{"_local_timestamp": "2026-01-25T23:39:15.650072+00:00", "data": {"market": "0xcff343463c12a86e590ad15f2c72eefeb10b405546181fee1a91c2477f588729", "price_changes": [{"asset_id": "50283462589567432876394027001694861115964070311305720657038547197840864441209", "price": "0.06", "size": "5.47", "side": "BUY", "hash": "28bb7d88abee8cddc79ed0e0df73e99f2c9a784b", "best_bid": "0.06", "best_ask": "0.96"}, {"asset_id": "20156262322105216627515966796792922656738296304180205110025831168315348313934", "price": "0.94", "size": "5.47", "side": "SELL", "hash": "a75adf78d329a7aefba3db582ee569d2bf7dae9e", "best_bid": "0.04", "best_ask": "0.94"}], "timestamp": "1769384355576", "event_type": "price_change"}}
