{"_local_timestamp": "2026-01-25T23:34:23.523786+00:00", "data": [{"market": "0x85e775634987a4b9029ba89f778cc38db19895e546c93abef01b5640df0dc78b", "asset_id": "84047650671059172595757396913441674838468233151411423300291768123986024250152", "timestamp": "1769381971169", "hash": "d9905fa8dca1c4b433841f1de8dab50135599660", "bids": [{"price": "0.01", "size": "99.99"}, {"price": "0.02", "size": "40"}, {"price": "0.05", "size": "10"}], "asks": [{"price": "0.99", "size": "99.99"}, {"price": "0.98", "size": "40"}, {"price": "0.95", "size": "15.47"}], "event_type": "book", "last_trade_price": ""}, {"market": "0xbe3e41b36e344f46d42a710323e4d53a0283796acdc9f69e3ea50f97b3852e29", "asset_id": "71059054752109218135442977708485517491025713999386273946008983803286229597957", "timestamp": "1769381669149", "hash": "e6add2ab3d07e8fe39fccd318e4c4af4454c2984", "bids": [{"price": "0.01", "size": "255.04"}, {"price": "0.02", "size": "38.97"}, {"price": "0.04", "size": "42.49"}], "asks": [{"price": "0.99", "size": "251.81"}, {"price": "0.98", "size": "40.59"}, {"price": "0.95", "size": "15.47"}], "event_type": "book", "last_trade_price": ""}, {"market": "0x34c4e60c515641ea80e9f4a0fc9e87e3b6cfa37471f11aa8185def171610a325", "asset_id": "107485712670758238691512013848512989568479240403945749862494136308821891525111", "timestamp": "1769381971169", "hash": "baf8302cfae636cc4ca2600cbb0adecf54a8e476", "bids": [{"price": "0.01", "size": "99.99"}, {"price": "0.02", "size": "40"}, {"price": "0.05", "size": "15.47"}], "asks": [{"price": "0.99", "size": "99.99"}, {"price": "0.98", "size": "40"}, {"price": "0.95", "size": "10"}], "event_type": "book", "last_trade_price": ""}, {"market": "0x222b44f09e35e4954ed6d862e72dcae32edab1eecef0df38d895463dae45efda", "asset_id": "106821949736464842969141974075818573331012743450132449588968188753631559639022", "timestamp": "1769383982950", "hash": "55285fb50457ed9a7b5f8d74841ea227a4367631", "bids": [{"price": "0.01", "size": "300.07"}, {"price": "0.02", "size": "25.56"}, {"price": "0.04", "size": "29.99"}, {"price": "0.05", "size": "5.47"}], "asks": [{"price": "0.99", "size": "286.11"}, {"price": "0.98", "size": "46.94"}, {"price": "0.72", "size": "10"}], "event_type": "book", "last_trade_price": ""}, {"market": "0xbe3e41b36e344f46d42a710323e4d53a0283796acdc9f69e3ea50f97b3852e29", "asset_id": "115313672813075887024731656494404831053595027708298109348013077251737851161241", "timestamp": "1769381669149", "hash": "ac98f38bb80ef9735564b6297aad5fa3083d5b04", "bids": [{"price": "0.01", "size": "251.81"}, {"price": "0.02", "size": "40.59"}, {"price": "0.05", "size": "15.47"}], "asks": [{"price": "0.99", "size": "255.04"}, {"price": "0.98", "size": "38.97"}, {"price": "0.96", "size": "42.49"}], "event_type": "book", "last_trade_price": ""}, {"market": "0x85e775634987a4b9029ba89f778cc38db19895e546c93abef01b5640df0dc78b", "asset_id": "64172190609757201901884274511262494995200075278749300866756401392852993552734", "timestamp": "1769381971169", "hash": "303a47dfb2f5da7b46346bfe9b96621e87e76ace", "bids": [{"price": "0.01", "size": "99.99"}, {"price": "0.02", "size": "40"}, {"price": "0.05", "size": "15.47"}], "asks": [{"price": "0.99", "size": "99.99"}, {"price": "0.98", "size": "40"}, {"price": "0.95", "size": "10"}], "event_type": "book", "last_trade_price": ""}, {"market": "0x34c4e60c515641ea80e9f4a0fc9e87e3b6cfa37471f11aa8185def171610a325", "asset_id": "91444119094523526437791641048054909408304471624572299944237372557542383852920", "timestamp": "1769381971169", "hash": "58a348c2337b3e302a469fd505184e0e898f648e", "bids": [{"price": "0.01", "size": "99.99"}, {"price": "0.02", "size": "40"}, {"price": "0.05", "size": "10"}], "asks": [{"price": "0.99", "size": "99.99"}, {"price": "0.98", "size": "40"}, {"price": "0.95", "size": "15.47"}], "event_type": "book", "last_trade_price": ""}, {"market": "0x222b44f09e35e4954ed6d862e72dcae32edab1eecef0df38d895463dae45efda", "asset_id": "34785458113907976138722474755049796151506506769864489504328277642286350331304", "timestamp": "1769383982950", "hash": "ae92f79fa516b160a923c81603e177061515e6de", "bids": [{"price": "0.01", "size": "286.11"}, {"price": "0.02", "size": "46.94"}, {"price": "0.28", "size": "10"}], "asks": [{"price": "0.99", "size": "300.07"}, {"price": "0.98", "size": "25.56"}, {"price": "0.96", "size": "29.99"}, {"price": "0.95", "size": "5.47"}], "event_type": "book", "last_trade_price": ""}]}
