{"_local_timestamp": "2026-01-25T23:34:24.015901+00:00", "data": [{"market": "0x5367719c260b0f11e84fe0eacab76dc3bc0407d7b63a7e9683adc67a76e7ae4a", "asset_id": "47501244962462514643982456535393749576960416321425538987943730503569365243361", "timestamp": "1769383983025", "hash": "6d620b671b2a84395979be6163839a28deec19fa", "bids": [{"price": "0.01", "size": "247.56"}, {"price": "0.02", "size": "123.03"}, {"price": "0.03", "size": "23.79"}, {"price": "0.05", "size": "23.99"}, {"price": "0.06", "size": "5.47"}], "asks": [{"price": "0.99", "size": "255.04"}, {"price": "0.98", "size": "126.48"}, {"price": "0.97", "size": "18.99"}, {"price": "0.96", "size": "29.99"}], "event_type": "book", "last_trade_price": ""}, {"market": "0x5367719c260b0f11e84fe0eacab76dc3bc0407d7b63a7e9683adc67a76e7ae4a", "asset_id": "104704595195622884911639312634107608529006755548070039431241540867079020955046", "timestamp": "1769383983025", "hash": "f8185747b7c599ef6a1ab0e8569970146dea5e99", "bids": [{"price": "0.01", "size": "255.04"}, {"price": "0.02", "size": "126.48"}, {"price": "0.03", "size": "18.99"}, {"price": "0.04", "size": "29.99"}], "asks": [{"price": "0.99", "size": "247.56"}, {"price": "0.98", "size": "123.03"}, {"price": "0.97", "size": "23.79"}, {"price": "0.95", "size": "23.99"}, {"price": "0.94", "size": "5.47"}], "event_type": "book", "last_trade_price": ""}, {"market": "0x798aeb3b0d8ab50ef27939b008f53119b4d5858bdf49349c25791fcd3fcadcaf", "asset_id": "50329899117108292428584557177879437261513161155956442129755846976034813694949", "timestamp": "1769383982950", "hash": "a3bf7ad7942867eea391cc7a90e64b214c6493c5", "bids": [{"price": "0.01", "size": "202.04"}, {"price": "0.02", "size": "100.48"}, {"price": "0.03", "size": "18.99"}, {"price": "0.04", "size": "29.99"}], "asks": [{"price": "0.99", "size": "194.41"}, {"price": "0.98", "size": "97.03"}, {"price": "0.97", "size": "23.84"}, {"price": "0.95", "size": "23.99"}, {"price": "0.94", "size": "5.47"}], "event_type": "book", "last_trade_price": ""}, {"market": "0x798aeb3b0d8ab50ef27939b008f53119b4d5858bdf49349c25791fcd3fcadcaf", "asset_id": "108019296898664199638382209895389284348242717981595172146181661740979047419234", "timestamp": "1769383982950", "hash": "1ad0e918f0209849453ae770a759570a8ee89f5d", "bids": [{"price": "0.01", "size": "194.41"}, {"price": "0.02", "size": "97.03"}, {"price": "0.03", "size": "23.84"}, {"price": "0.05", "size": "23.99"}, {"price": "0.06", "size": "5.47"}], "asks": [{"price": "0.99", "size": "202.04"}, {"price": "0.98", "size": "100.48"}, {"price": "0.97", "size": "18.99"}, {"price": "0.96", "size": "29.99"}], "event_type": "book", "last_trade_price": ""}, {"market": "0xef46d8aef02c83f0203460751faa083b9fb892ec1d6a69aa856b9a26a3a61038", "asset_id": "6515288417779938267569950852091488264079487480017123334432544130400654176812", "timestamp": "1769383982951", "hash": "59c0e00633f5c1f00eb9cdb50998ebe696c68d81", "bids": [{"price": "0.01", "size": "194.79"}, {"price": "0.02", "size": "96.69"}, {"price": "0.03", "size": "23.94"}, {"price": "0.05", "size": "23.99"}, {"price": "0.06", "size": "5.47"}], "asks": [{"price": "0.99", "size": "202.04"}, {"price": "0.98", "size": "117.48"}, {"price": "0.97", "size": "18.99"}, {"price": "0.96", "size": "29.99"}], "event_type": "book", "last_trade_price": ""}, {"market": "0x6359ce8472129a27096395680e8bedd502f7cc544e08ca45cd48e517319df067", "asset_id": "46950979185336731098252631436173747358176466037136761540109359436604197773305", "timestamp": "1769382326323", "hash": "4636fa5fc12be95246f9f989939ebbf75db3eda8", "bids": [{"price": "0.01", "size": "291.38"}, {"price": "0.02", "size": "639.27"}, {"price": "0.03", "size": "278"}, {"price": "0.04", "size": "15.01"}, {"price": "0.06", "size": "55.47"}], "asks": [{"price": "0.99", "size": "2885.08"}, {"price": "0.98", "size": "47.45"}, {"price": "0.75", "size": "300"}, {"price": "0.71", "size": "200"}, {"price": "0.69", "size": "187"}, {"price": "0.67", "size": "75"}, {"price": "0.5", "size": "10"}, {"price": "0.37", "size": "50"}, {"price": "0.36", "size": "7.81"}], "event_type": "book", "last_trade_price": ""}, {"market": "0xef46d8aef02c83f0203460751faa083b9fb892ec1d6a69aa856b9a26a3a61038", "asset_id": "98491734251687324139335621009311531281070290563154473971916535028562687177976", "timestamp": "1769383982951", "hash": "2ce63c5d89782ee1ff7098f1e6a38d89a40fd377", "bids": [{"price": "0.01", "size": "202.04"}, {"price": "0.02", "size": "117.48"}, {"price": "0.03", "size": "18.99"}, {"price": "0.04", "size": "29.99"}], "asks": [{"price": "0.99", "size": "194.79"}, {"price": "0.98", "size": "96.69"}, {"price": "0.97", "size": "23.94"}, {"price": "0.95", "size": "23.99"}, {"price": "0.94", "size": "5.47"}], "event_type": "book", "last_trade_price": ""}, {"market": "0x6359ce8472129a27096395680e8bedd502f7cc544e08ca45cd48e517319df067", "asset_id": "63058166805197201987359085610167700846203656029173241767913715334727157806997", "timestamp": "1769382326323", "hash": "ccd57a1ec593338b31494178a92ada4f1e0cedd3", "bids": [{"price": "0.01", "size": "2885.08"}, {"price": "0.02", "size": "47.45"}, {"price": "0.25", "size": "300"}, {"price": "0.29", "size": "200"}, {"price": "0.31", "size": "187"}, {"price": "0.33", "size": "75"}, {"price": "0.5", "size": "10"}, {"price": "0.63", "size": "50"}, {"price": "0.64", "size": "7.81"}], "asks": [{"price": "0.99", "size": "291.38"}, {"price": "0.98", "size": "639.27"}, {"price": "0.97", "size": "278"}, {"price": "0.96", "size": "15.01"}, {"price": "0.94", "size": "55.47"}], "event_type": "book", "last_trade_price": ""}]}
{"_local_timestamp": "2026-01-25T23:34:33.850018+00:00", "data": {"market": "0xef46d8aef02c83f0203460751faa083b9fb892ec1d6a69aa856b9a26a3a61038", "price_changes": [{"asset_id": "6515288417779938267569950852091488264079487480017123334432544130400654176812", "price": "0.05", "size": "0", "side": "BUY", "hash": "807757f589cbbcbed8066b6b29097ac5e8bff252", "best_bid": "0.06", "best_ask": "0.96"}, {"asset_id": "98491734251687324139335621009311531281070290563154473971916535028562687177976", "price": "0.95", "size": "0", "side": "SELL", "hash": "e7090246d1d7b2f6b40ce0e04426b119590fc941", "best_bid": "0.04", "best_ask": "0.94"}], "timestamp": "1769384073594", "event_type": "price_change"}}
{"_local_timestamp": "2026-01-25T23:34:33.923625+00:00", "data": {"market": "0x798aeb3b0d8ab50ef27939b008f53119b4d5858bdf49349c25791fcd3fcadcaf", "price_changes": [{"asset_id": "108019296898664199638382209895389284348242717981595172146181661740979047419234", "price": "0.05", "size": "0", "side": "BUY", "hash": "9463ca2555cb27ca11408ac0a57222cbb6d803e3", "best_bid": "0.06", "best_ask": "0.96"}, {"asset_id": "50329899117108292428584557177879437261513161155956442129755846976034813694949", "price": "0.95", "size": "0", "side": "SELL", "hash": "b7495f43b1d16d9f60ec607d86df7602e4a06049", "best_bid": "0.04", "best_ask": "0.94"}], "timestamp": "1769384073686", "event_type": "price_change"}}
{"_local_timestamp": "2026-01-25T23:34:33.926674+00:00", "data": {"market": "0x5367719c260b0f11e84fe0eacab76dc3bc0407d7b63a7e9683adc67a76e7ae4a", "price_changes": [{"asset_id": "47501244962462514643982456535393749576960416321425538987943730503569365243361", "price": "0.05", "size": "0", "side": "BUY", "hash": "e7b2fac2de67ecb97d5d55bd358e57788824998d", "best_bid": "0.06", "best_ask": "0.96"}, {"asset_id": "104704595195622884911639312634107608529006755548070039431241540867079020955046", "price": "0.95", "size": "0", "side": "SELL", "hash": "599cd55c30ce5530f182b75fb5ebb88557e77296", "best_bid": "0.04", "best_ask": "0.94"}], "timestamp": "1769384073686", "event_type": "price_change"}}
{"_local_timestamp": "2026-01-25T23:34:35.314049+00:00", "data": {"market": "0x5367719c260b0f11e84fe0eacab76dc3bc0407d7b63a7e9683adc67a76e7ae4a", "price_changes": [{"asset_id": "47501244962462514643982456535393749576960416321425538987943730503569365243361", "price": "0.06", "size": "0", "side": "BUY", "hash": "89ea722981b168647c69c0ccf227c0846757c14c", "best_bid": "0.03", "best_ask": "0.96"}, {"asset_id": "104704595195622884911639312634107608529006755548070039431241540867079020955046", "price": "0.94", "size": "0", "side": "SELL", "hash": "6285a5dbf10da13444706120b7c0fda694626f6e", "best_bid": "0.04", "best_ask": "0.97"}], "timestamp": "1769384075057", "event_type": "price_change"}}
{"_local_timestamp": "2026-01-25T23:34:35.314469+00:00", "data": {"market": "0x798aeb3b0d8ab50ef27939b008f53119b4d5858bdf49349c25791fcd3fcadcaf", "price_changes": [{"asset_id": "108019296898664199638382209895389284348242717981595172146181661740979047419234", "price": "0.06", "size": "0", "side": "BUY", "hash": "07ed150cec49fd69149f4bb43f53e2f269af2b77", "best_bid": "0.03", "best_ask": "0.96"}, {"asset_id": "50329899117108292428584557177879437261513161155956442129755846976034813694949", "price": "0.94", "size": "0", "side": "SELL", "hash": "589d2258dbc8bb463d2629baf4f0a6fdf83d2bf5", "best_bid": "0.04", "best_ask": "0.97"}], "timestamp": "1769384075057", "event_type": "price_change"}}
{"_local_timestamp": "2026-01-25T23:34:35.330868+00:00", "data": {"market": "0xef46d8aef02c83f0203460751faa083b9fb892ec1d6a69aa856b9a26a3a61038", "price_changes": [{"asset_id": "6515288417779938267569950852091488264079487480017123334432544130400654176812", "price": "0.06", "size": "0", "side": "BUY", "hash": "d6b850439d91226d5886560b180d279fc05dc556", "best_bid": "0.03", "best_ask": "0.96"}, {"asset_id": "98491734251687324139335621009311531281070290563154473971916535028562687177976", "price": "0.94", "size": "0", "side": "SELL", "hash": "3bb95888d47a69c5c78bff228f5c664cb339d066", "best_bid": "0.04", "best_ask": "0.97"}], "timestamp": "1769384075057", "event_type": "price_change"}}
{"_local_timestamp": "2026-01-25T23:34:35.561997+00:00", "data": {"market": "0x5367719c260b0f11e84fe0eacab76dc3bc0407d7b63a7e9683adc67a76e7ae4a", "price_changes": [{"asset_id": "47501244962462514643982456535393749576960416321425538987943730503569365243361", "price": "0.04", "size": "5.47", "side": "BUY", "hash": "4478cc3ccbbf52c69669284e83e6c1a5ab867c45", "best_bid": "0.04", "best_ask": "0.96"}, {"asset_id": "104704595195622884911639312634107608529006755548070039431241540867079020955046", "price": "0.96", "size": "5.47", "side": "SELL", "hash": "754672093ad6259c72fa46f9c4b38bc58bccda3a", "best_bid": "0.04", "best_ask": "0.96"}], "timestamp": "1769384075327", "event_type": "price_change"}}
{"_local_timestamp": "2026-01-25T23:34:35.573242+00:00", "data": {"market": "0x798aeb3b0d8ab50ef27939b008f53119b4d5858bdf49349c25791fcd3fcadcaf", "price_changes": [{"asset_id": "108019296898664199638382209895389284348242717981595172146181661740979047419234", "price": "0.04", "size": "5.47", "side": "BUY", "hash": "5e62b2d19129dbc16eeb5fed1d652b29da998f5f", "best_bid": "0.04", "best_ask": "0.96"}, {"asset_id": "50329899117108292428584557177879437261513161155956442129755846976034813694949", "price": "0.96", "size": "5.47", "side": "SELL", "hash": "1b733e7d9014ed7540c1bad8d6197c751044c6a1", "best_bid": "0.04", "best_ask": "0.96"}], "timestamp": "1769384075328", "event_type": "price_change"}}
{"_local_timestamp": "2026-01-25T23:34:35.573661+00:00", "data": {"market": "0xef46d8aef02c83f0203460751faa083b9fb892ec1d6a69aa856b9a26a3a61038", "price_changes": [{"asset_id": "6515288417779938267569950852091488264079487480017123334432544130400654176812", "price": "0.04", "size": "5.47", "side": "BUY", "hash": "015027c687bfed170e91612753783e16d551302a", "best_bid": "0.04", "best_ask": "0.96"}, {"asset_id": "98491734251687324139335621009311531281070290563154473971916535028562687177976", "price": "0.96", "size": "5.47", "side": "SELL", "hash": "1d0e6c4106e0dace271e790cd4c2ca90ca5fc474", "best_bid": "0.04", "best_ask": "0.96"}], "timestamp": "1769384075328", "event_type": "price_change"}}
{"_local_timestamp": "2026-01-25T23:35:51.453527+00:00", "data": {"market": "0x5367719c260b0f11e84fe0eacab76dc3bc0407d7b63a7e9683adc67a76e7ae4a", "price_changes": [{"asset_id": "47501244962462514643982456535393749576960416321425538987943730503569365243361", "price": "0.03", "size": "9.79", "side": "BUY", "hash": "965b3f88586cd28848e3c42acbb23c9b83fd0a46", "best_bid": "0.04", "best_ask": "0.96"}, {"asset_id": "104704595195622884911639312634107608529006755548070039431241540867079020955046", "price": "0.97", "size": "9.79", "side": "SELL", "hash": "d7b7f033d4fc28dcf054a2ca9229b015540ead78", "best_bid": "0.04", "best_ask": "0.96"}], "timestamp": "1769384151382", "event_type": "price_change"}}
{"_local_timestamp": "2026-01-25T23:35:52.158804+00:00", "data": {"market": "0x5367719c260b0f11e84fe0eacab76dc3bc0407d7b63a7e9683adc67a76e7ae4a", "price_changes": [{"asset_id": "47501244962462514643982456535393749576960416321425538987943730503569365243361", "price": "0.03", "size": "20.8", "side": "BUY", "hash": "7ce235857a68ea9477468728adcb0344418ab7a0", "best_bid": "0.04", "best_ask": "0.96"}, {"asset_id": "104704595195622884911639312634107608529006755548070039431241540867079020955046", "price": "0.97", "size": "20.8", "side": "SELL", "hash": "34b119c53cab2db41e398dda046dee25e22f03c4", "best_bid": "0.04", "best_ask": "0.96"}], "timestamp": "1769384152093", "event_type": "price_change"}}
{"_local_timestamp": "2026-01-25T23:35:52.159269+00:00", "data": {"market": "0x5367719c260b0f11e84fe0eacab76dc3bc0407d7b63a7e9683adc67a76e7ae4a", "price_changes": [{"asset_id": "47501244962462514643982456535393749576960416321425538987943730503569365243361", "price": "0.01", "size": "256.52", "side": "BUY", "hash": "b13339a03a7884d10d91feee8b6b8b36b73f00af", "best_bid": "0.04", "best_ask": "0.96"}, {"asset_id": "104704595195622884911639312634107608529006755548070039431241540867079020955046", "price": "0.99", "size": "256.52", "side": "SELL", "hash": "b1346047a46028e83915ad357dc70302d983440f", "best_bid": "0.04", "best_ask": "0.96"}], "timestamp": "1769384152094", "event_type": "price_change"}}
{"_local_timestamp": "2026-01-25T23:35:52.480461+00:00", "data": {"market": "0x798aeb3b0d8ab50ef27939b008f53119b4d5858bdf49349c25791fcd3fcadcaf", "price_changes": [{"asset_id": "108019296898664199638382209895389284348242717981595172146181661740979047419234", "price": "0.03", "size": "9.79", "side": "BUY", "hash": "6f8e6b350b3b6b46ffe7537791a6f98aad547ce4", "best_bid": "0.04", "best_ask": "0.96"}, {"asset_id": "50329899117108292428584557177879437261513161155956442129755846976034813694949", "price": "0.97", "size": "9.79", "side": "SELL", "hash": "46bef63ebdc1213197e534dbad477f5ac9548be6", "best_bid": "0.04", "best_ask": "0.96"}], "timestamp": "1769384152416", "event_type": "price_change"}}
{"_local_timestamp": "2026-01-25T23:35:52.482076+00:00", "data": {"market": "0xef46d8aef02c83f0203460751faa083b9fb892ec1d6a69aa856b9a26a3a61038", "price_changes": [{"asset_id": "6515288417779938267569950852091488264079487480017123334432544130400654176812", "price": "0.03", "size": "11.08", "side": "BUY", "hash": "c4c6eb6326c8b4fdb5d5ec96b7a622f1b0a67e1e", "best_bid": "0.04", "best_ask": "0.96"}, {"asset_id": "98491734251687324139335621009311531281070290563154473971916535028562687177976", "price": "0.97", "size": "11.08", "side": "SELL", "hash": "afdaf2a47860895e94e3f10da781501d8bfaea4d", "best_bid": "0.04", "best_ask": "0.96"}], "timestamp": "1769384152416", "event_type": "price_change"}}
{"_local_timestamp": "2026-01-25T23:35:52.736599+00:00", "data": {"market": "0xef46d8aef02c83f0203460751faa083b9fb892ec1d6a69aa856b9a26a3a61038", "price_changes": [{"asset_id": "6515288417779938267569950852091488264079487480017123334432544130400654176812", "price": "0.03", "size": "20.93", "side": "BUY", "hash": "496903d9cc723025a986c1e7c4657e6a85670d26", "best_bid": "0.04", "best_ask": "0.96"}, {"asset_id": "98491734251687324139335621009311531281070290563154473971916535028562687177976", "price": "0.97", "size": "20.93", "side": "SELL", "hash": "80c55de746cc9443892ac74dafed25764fe808bd", "best_bid": "0.04", "best_ask": "0.96"}], "timestamp": "1769384152668", "event_type": "price_change"}}
{"_local_timestamp": "2026-01-25T23:35:52.737035+00:00", "data": {"market": "0x798aeb3b0d8ab50ef27939b008f53119b4d5858bdf49349c25791fcd3fcadcaf", "price_changes": [{"asset_id": "108019296898664199638382209895389284348242717981595172146181661740979047419234", "price": "0.03", "size": "20.79", "side": "BUY", "hash": "dbfacccfc66ab99f0a90dd248e943a61e1f91141", "best_bid": "0.04", "best_ask": "0.96"}, {"asset_id": "50329899117108292428584557177879437261513161155956442129755846976034813694949", "price": "0.97", "size": "20.79", "side": "SELL", "hash": "3e2093e3335826712c2bf12facb56d692b93ae16", "best_bid": "0.04", "best_ask": "0.96"}], "timestamp": "1769384152668", "event_type": "price_change"}}
{"_local_timestamp": "2026-01-25T23:35:52.737360+00:00", "data": {"market": "0xef46d8aef02c83f0203460751faa083b9fb892ec1d6a69aa856b9a26a3a61038", "price_changes": [{"asset_id": "6515288417779938267569950852091488264079487480017123334432544130400654176812", "price": "0.01", "size": "203.82", "side": "BUY", "hash": "3994497dfa7ede85f17fd1b7cbd666303c7fe8e4", "best_bid": "0.04", "best_ask": "0.96"}, {"asset_id": "98491734251687324139335621009311531281070290563154473971916535028562687177976", "price": "0.99", "size": "203.82", "side": "SELL", "hash": "db2060e90a35f21b4a9dbb8034fb0620b3e533f8", "best_bid": "0.04", "best_ask": "0.96"}], "timestamp": "1769384152669", "event_type": "price_change"}}
{"_local_timestamp": "2026-01-25T23:35:52.737670+00:00", "data": {"market": "0x798aeb3b0d8ab50ef27939b008f53119b4d5858bdf49349c25791fcd3fcadcaf", "price_changes": [{"asset_id": "108019296898664199638382209895389284348242717981595172146181661740979047419234", "price": "0.01", "size": "203.54", "side": "BUY", "hash": "88d95cf73aae9e6eb9883679744bf9c122364a10", "best_bid": "0.04", "best_ask": "0.96"}, {"asset_id": "50329899117108292428584557177879437261513161155956442129755846976034813694949", "price": "0.99", "size": "203.54", "side": "SELL", "hash": "d878d2d63f860ac1e0910646b545a600e4dad7b6", "best_bid": "0.04", "best_ask": "0.96"}], "timestamp": "1769384152669", "event_type": "price_change"}}
{"_local_timestamp": "2026-01-25T23:36:05.749955+00:00", "data": {"market": "0xef46d8aef02c83f0203460751faa083b9fb892ec1d6a69aa856b9a26a3a61038", "price_changes": [{"asset_id": "6515288417779938267569950852091488264079487480017123334432544130400654176812", "price": "0.05", "size": "23.99", "side": "BUY", "hash": "34eb5e3e51032872a20b1ae27491c1db25523bb4", "best_bid": "0.05", "best_ask": "0.96"}, {"asset_id": "98491734251687324139335621009311531281070290563154473971916535028562687177976", "price": "0.95", "size": "23.99", "side": "SELL", "hash": "53d762850fd1929992fd5e56a13dfd48bbfdb792", "best_bid": "0.04", "best_ask": "0.95"}], "timestamp": "1769384165677", "event_type": "price_change"}}
{"_local_timestamp": "2026-01-25T23:36:05.856645+00:00", "data": {"market": "0x5367719c260b0f11e84fe0eacab76dc3bc0407d7b63a7e9683adc67a76e7ae4a", "price_changes": [{"asset_id": "47501244962462514643982456535393749576960416321425538987943730503569365243361", "price": "0.05", "size": "23.99", "side": "BUY", "hash": "edf3a03eda76d6409fc3cf5f14ffeb13b68207ee", "best_bid": "0.05", "best_ask": "0.96"}, {"asset_id": "104704595195622884911639312634107608529006755548070039431241540867079020955046", "price": "0.95", "size": "23.99", "side": "SELL", "hash": "8228be72e740b467442ddfa339b7c3996d4208b4", "best_bid": "0.04", "best_ask": "0.95"}], "timestamp": "1769384165775", "event_type": "price_change"}}
{"_local_timestamp": "2026-01-25T23:36:05.946742+00:00", "data": {"market": "0x798aeb3b0d8ab50ef27939b008f53119b4d5858bdf49349c25791fcd3fcadcaf", "price_changes": [{"asset_id": "108019296898664199638382209895389284348242717981595172146181661740979047419234", "price": "0.05", "size": "23.99", "side": "BUY", "hash": "05645c543c7b64bc9e46cb26fc137fa041d511f4", "best_bid": "0.05", "best_ask": "0.96"}, {"asset_id": "50329899117108292428584557177879437261513161155956442129755846976034813694949", "price": "0.95", "size": "23.99", "side": "SELL", "hash": "a60e9fdcf61ac41ffc6d7f100fb4e4518c5a8da2", "best_bid": "0.04", "best_ask": "0.95"}], "timestamp": "1769384165878", "event_type": "price_change"}}
{"_local_timestamp": "2026-01-25T23:36:09.242651+00:00", "data": {"market": "0x5367719c260b0f11e84fe0eacab76dc3bc0407d7b63a7e9683adc67a76e7ae4a", "price_changes": [{"asset_id": "47501244962462514643982456535393749576960416321425538987943730503569365243361", "price": "0.04", "size": "0", "side": "BUY", "hash": "972e3bcdc69b1093794e0e5ef2e46f370aa6a111", "best_bid": "0.05", "best_ask": "0.96"}, {"asset_id": "104704595195622884911639312634107608529006755548070039431241540867079020955046", "price": "0.96", "size": "0", "side": "SELL", "hash": "c24fdab86d80ff4e5dd97f78077281b9b58a5d28", "best_bid": "0.04", "best_ask": "0.95"}], "timestamp": "1769384169171", "event_type": "price_change"}}
{"_local_timestamp": "2026-01-25T23:36:09.251597+00:00", "data": {"market": "0xef46d8aef02c83f0203460751faa083b9fb892ec1d6a69aa856b9a26a3a61038", "price_changes": [{"asset_id": "6515288417779938267569950852091488264079487480017123334432544130400654176812", "price": "0.04", "size": "0", "side": "BUY", "hash": "318d4bb29324914852816b0dc31927dd61e596b0", "best_bid": "0.05", "best_ask": "0.96"}, {"asset_id": "98491734251687324139335621009311531281070290563154473971916535028562687177976", "price": "0.96", "size": "0", "side": "SELL", "hash": "35dc50abe17d861c261f20721abfbf74ecfa9bf9", "best_bid": "0.04", "best_ask": "0.95"}], "timestamp": "1769384169171", "event_type": "price_change"}}
{"_local_timestamp": "2026-01-25T23:36:09.252830+00:00", "data": {"market": "0x798aeb3b0d8ab50ef27939b008f53119b4d5858bdf49349c25791fcd3fcadcaf", "price_changes": [{"asset_id": "108019296898664199638382209895389284348242717981595172146181661740979047419234", "price": "0.04", "size": "0", "side": "BUY", "hash": "cb2a1c2f622d52501ed551e57b6bb0bc54060eb0", "best_bid": "0.05", "best_ask": "0.96"}, {"asset_id": "50329899117108292428584557177879437261513161155956442129755846976034813694949", "price": "0.96", "size": "0", "side": "SELL", "hash": "6405e278946018d23514a43223094fb5c060b232", "best_bid": "0.04", "best_ask": "0.95"}], "timestamp": "1769384169172", "event_type": "price_change"}}
{"_local_timestamp": "2026-01-25T23:36:09.630623+00:00", "data": {"market": "0xef46d8aef02c83f0203460751faa083b9fb892ec1d6a69aa856b9a26a3a61038", "price_changes": [{"asset_id": "6515288417779938267569950852091488264079487480017123334432544130400654176812", "price": "0.06", "size": "5.47", "side": "BUY", "hash": "f26a979bf2602c6e13a44488bb145026923658ad", "best_bid": "0.06", "best_ask": "0.96"}, {"asset_id": "98491734251687324139335621009311531281070290563154473971916535028562687177976", "price": "0.94", "size": "5.47", "side": "SELL", "hash": "d3de85ce33206257b3934b07d5d8448064519282", "best_bid": "0.04", "best_ask": "0.94"}], "timestamp": "1769384169563", "event_type": "price_change"}}
{"_local_timestamp": "2026-01-25T23:36:09.631223+00:00", "data": {"market": "0x5367719c260b0f11e84fe0eacab76dc3bc0407d7b63a7e9683adc67a76e7ae4a", "price_changes": [{"asset_id": "47501244962462514643982456535393749576960416321425538987943730503569365243361", "price": "0.06", "size": "5.47", "side": "BUY", "hash": "14455a43fd2191f19ff9c46e14cece5b9ccd1eca", "best_bid": "0.06", "best_ask": "0.96"}, {"asset_id": "104704595195622884911639312634107608529006755548070039431241540867079020955046", "price": "0.94", "size": "5.47", "side": "SELL", "hash": "e8eabccf8d18d85568b071eeef4f4b31288f40f5", "best_bid": "0.04", "best_ask": "0.94"}], "timestamp": "1769384169563", "event_type": "price_change"}}
{"_local_timestamp": "2026-01-25T23:36:09.631604+00:00", "data": {"market": "0x798aeb3b0d8ab50ef27939b008f53119b4d5858bdf49349c25791fcd3fcadcaf", "price_changes": [{"asset_id": "108019296898664199638382209895389284348242717981595172146181661740979047419234", "price": "0.06", "size": "5.47", "side": "BUY", "hash": "3279481262e39ecbfabcf890e3810734992d365a", "best_bid": "0.06", "best_ask": "0.96"}, {"asset_id": "50329899117108292428584557177879437261513161155956442129755846976034813694949", "price": "0.94", "size": "5.47", "side": "SELL", "hash": "8a43f0cf5ad9fd884ccdf1f102f83fab028ac452", "best_bid": "0.04", "best_ask": "0.94"}], "timestamp": "1769384169563", "event_type": "price_change"}}
{"_local_timestamp": "2026-01-25T23:37:43.150149+00:00", "data": {"market": "0x5367719c260b0f11e84fe0eacab76dc3bc0407d7b63a7e9683adc67a76e7ae4a", "price_changes": [{"asset_id": "47501244962462514643982456535393749576960416321425538987943730503569365243361", "price": "0.05", "size": "0", "side": "BUY", "hash": "0e3791b9aade0acfa55473baf978408337484708", "best_bid": "0.06", "best_ask": "0.96"}, {"asset_id": "104704595195622884911639312634107608529006755548070039431241540867079020955046", "price": "0.95", "size": "0", "side": "SELL", "hash": "99ccddab3efcfc70d7889337e29a8ba24063ebe2", "best_bid": "0.04", "best_ask": "0.94"}], "timestamp": "1769384263063", "event_type": "price_change"}}
{"_local_timestamp": "2026-01-25T23:37:43.245851+00:00", "data": {"market": "0xef46d8aef02c83f0203460751faa083b9fb892ec1d6a69aa856b9a26a3a61038", "price_changes": [{"asset_id": "6515288417779938267569950852091488264079487480017123334432544130400654176812", "price": "0.05", "size": "0", "side": "BUY", "hash": "31f9847e6478815eb3eb31fa87d4c00c7ae1c519", "best_bid": "0.06", "best_ask": "0.96"}, {"asset_id": "98491734251687324139335621009311531281070290563154473971916535028562687177976", "price": "0.95", "size": "0", "side": "SELL", "hash": "b5ef2980045c9ca26219068f0da2222f806d2f4c", "best_bid": "0.04", "best_ask": "0.94"}], "timestamp": "1769384263172", "event_type": "price_change"}}
{"_local_timestamp": "2026-01-25T23:37:43.351679+00:00", "data": {"market": "0x798aeb3b0d8ab50ef27939b008f53119b4d5858bdf49349c25791fcd3fcadcaf", "price_changes": [{"asset_id": "108019296898664199638382209895389284348242717981595172146181661740979047419234", "price": "0.05", "size": "0", "side": "BUY", "hash": "728761f92ae806520319013f992603907cb12162", "best_bid": "0.06", "best_ask": "0.96"}, {"asset_id": "50329899117108292428584557177879437261513161155956442129755846976034813694949", "price": "0.95", "size": "0", "side": "SELL", "hash": "e2a5fd73202b7ebd31eaa6f5960ff5389e3a6dad", "best_bid": "0.04", "best_ask": "0.94"}], "timestamp": "1769384263268", "event_type": "price_change"}}
{"_local_timestamp": "2026-01-25T23:37:46.240020+00:00", "data": {"market": "0xef46d8aef02c83f0203460751faa083b9fb892ec1d6a69aa856b9a26a3a61038", "price_changes": [{"asset_id": "6515288417779938267569950852091488264079487480017123334432544130400654176812", "price": "0.06", "size": "0", "side": "BUY", "hash": "800fb35087f843e8aa0e6026bc3cb7ad27132079", "best_bid": "0.03", "best_ask": "0.96"}, {"asset_id": "98491734251687324139335621009311531281070290563154473971916535028562687177976", "price": "0.94", "size": "0", "side": "SELL", "hash": "2965d35a03a21d151d32c9a17d5cd7bbe5b0f261", "best_bid": "0.04", "best_ask": "0.97"}], "timestamp": "1769384266141", "event_type": "price_change"}}
{"_local_timestamp": "2026-01-25T23:37:46.240729+00:00", "data": {"market": "0x5367719c260b0f11e84fe0eacab76dc3bc0407d7b63a7e9683adc67a76e7ae4a", "price_changes": [{"asset_id": "47501244962462514643982456535393749576960416321425538987943730503569365243361", "price": "0.06", "size": "0", "side": "BUY", "hash": "aaac893b6f2a6fe154f84add39a5140867add055", "best_bid": "0.03", "best_ask": "0.96"}, {"asset_id": "104704595195622884911639312634107608529006755548070039431241540867079020955046", "price": "0.94", "size": "0", "side": "SELL", "hash": "67313e91a21c58ba38aa6e429ad33cf29e4e5e7c", "best_bid": "0.04", "best_ask": "0.97"}], "timestamp": "1769384266141", "event_type": "price_change"}}
{"_local_timestamp": "2026-01-25T23:37:46.247599+00:00", "data": {"market": "0x798aeb3b0d8ab50ef27939b008f53119b4d5858bdf49349c25791fcd3fcadcaf", "price_changes": [{"asset_id": "108019296898664199638382209895389284348242717981595172146181661740979047419234", "price": "0.06", "size": "0", "side": "BUY", "hash": "f091a4006298bcf5a40e8ee49924b786d22b6261", "best_bid": "0.03", "best_ask": "0.96"}, {"asset_id": "50329899117108292428584557177879437261513161155956442129755846976034813694949", "price": "0.94", "size": "0", "side": "SELL", "hash": "c12cbe0d1099648807c45a2ac2b41cf60bc44be1", "best_bid": "0.04", "best_ask": "0.97"}], "timestamp": "1769384266142", "event_type": "price_change"}}
{"_local_timestamp": "2026-01-25T23:37:46.487139+00:00", "data": {"market": "0x5367719c260b0f11e84fe0eacab76dc3bc0407d7b63a7e9683adc67a76e7ae4a", "price_changes": [{"asset_id": "47501244962462514643982456535393749576960416321425538987943730503569365243361", "price": "0.04", "size": "5.47", "side": "BUY", "hash": "d9f943787686d1a38c2ef21d8ae6c0c2004f9306", "best_bid": "0.04", "best_ask": "0.96"}, {"asset_id": "104704595195622884911639312634107608529006755548070039431241540867079020955046", "price": "0.96", "size": "5.47", "side": "SELL", "hash": "43d587b2d93b506f38e4756e8f50c92b73308587", "best_bid": "0.04", "best_ask": "0.96"}], "timestamp": "1769384266399", "event_type": "price_change"}}
{"_local_timestamp": "2026-01-25T23:37:46.487673+00:00", "data": {"market": "0xef46d8aef02c83f0203460751faa083b9fb892ec1d6a69aa856b9a26a3a61038", "price_changes": [{"asset_id": "6515288417779938267569950852091488264079487480017123334432544130400654176812", "price": "0.04", "size": "5.47", "side": "BUY", "hash": "42d3889d08d387c2d259f3e3576ed69a18b1d277", "best_bid": "0.04", "best_ask": "0.96"}, {"asset_id": "98491734251687324139335621009311531281070290563154473971916535028562687177976", "price": "0.96", "size": "5.47", "side": "SELL", "hash": "ca7f8fe26a6da2ad9853d2e04d4aa6383b8fd73e", "best_bid": "0.04", "best_ask": "0.96"}], "timestamp": "1769384266399", "event_type": "price_change"}}
{"_local_timestamp": "2026-01-25T23:37:46.495998+00:00", "data": {"market": "0x798aeb3b0d8ab50ef27939b008f53119b4d5858bdf49349c25791fcd3fcadcaf", "price_changes": [{"asset_id": "108019296898664199638382209895389284348242717981595172146181661740979047419234", "price": "0.04", "size": "5.47", "side": "BUY", "hash": "230aeedaf73a57cd683ed2df8390e4472a7b5e69", "best_bid": "0.04", "best_ask": "0.96"}, {"asset_id": "50329899117108292428584557177879437261513161155956442129755846976034813694949", "price": "0.96", "size": "5.47", "side": "SELL", "hash": "1842a134379ac83d118db072f62d22d6eb5954f4", "best_bid": "0.04", "best_ask": "0.96"}], "timestamp": "1769384266401", "event_type": "price_change"}}
{"_local_timestamp": "2026-01-25T23:39:12.182051+00:00", "data": {"market": "0xef46d8aef02c83f0203460751faa083b9fb892ec1d6a69aa856b9a26a3a61038", "price_changes": [{"asset_id": "6515288417779938267569950852091488264079487480017123334432544130400654176812", "price": "0.05", "size": "23.99", "side": "BUY", "hash": "0d80c6b66ce6a958850d6da5545a4099d7341634", "best_bid": "0.05", "best_ask": "0.96"}, {"asset_id": "98491734251687324139335621009311531281070290563154473971916535028562687177976", "price": "0.95", "size": "23.99", "side": "SELL", "hash": "a21ccc6f2836fec2d8349fc37ed32f633b370d66", "best_bid": "0.04", "best_ask": "0.95"}], "timestamp": "1769384352100", "event_type": "price_change"}}
{"_local_timestamp": "2026-01-25T23:39:12.182671+00:00", "data": {"market": "0x798aeb3b0d8ab50ef27939b008f53119b4d5858bdf49349c25791fcd3fcadcaf", "price_changes": [{"asset_id": "108019296898664199638382209895389284348242717981595172146181661740979047419234", "price": "0.05", "size": "23.99", "side": "BUY", "hash": "53559cba5ff3d56c5c930655083f6409824ed392", "best_bid": "0.05", "best_ask": "0.96"}, {"asset_id": "50329899117108292428584557177879437261513161155956442129755846976034813694949", "price": "0.95", "size": "23.99", "side": "SELL", "hash": "92c0989aef847a10e6c0fb0d288158c31ef1cd38", "best_bid": "0.04", "best_ask": "0.95"}], "timestamp": "1769384352100", "event_type": "price_change"}}
{"_local_timestamp": "2026-01-25T23:39:12.183079+00:00", "data": {"market": "0x5367719c260b0f11e84fe0eacab76dc3bc0407d7b63a7e9683adc67a76e7ae4a", "price_changes": [{"asset_id": "47501244962462514643982456535393749576960416321425538987943730503569365243361", "price": "0.05", "size": "23.99", "side": "BUY", "hash": "ae202371786923c716123e7a5881dd97e9388209", "best_bid": "0.05", "best_ask": "0.96"}, {"asset_id": "104704595195622884911639312634107608529006755548070039431241540867079020955046", "price": "0.95", "size": "23.99", "side": "SELL", "hash": "6035dd6aad064d634ce98b2648ec1eeb53a84add", "best_bid": "0.04", "best_ask": "0.95"}], "timestamp": "1769384352100", "event_type": "price_change"}}
{"_local_timestamp": "2026-01-25T23:39:15.213791+00:00", "data": {"market": "0x5367719c260b0f11e84fe0eacab76dc3bc0407d7b63a7e9683adc67a76e7ae4a", "price_changes": [{"asset_id": "47501244962462514643982456535393749576960416321425538987943730503569365243361", "price": "0.04", "size": "0", "side": "BUY", "hash": "7a67236297051f1a394ffaf1bdb0f540603ce513", "best_bid": "0.05", "best_ask": "0.96"}, {"asset_id": "104704595195622884911639312634107608529006755548070039431241540867079020955046", "price": "0.96", "size": "0", "side": "SELL", "hash": "203c8ae670468835f7891a27210c2a7574874aa2", "best_bid": "0.04", "best_ask": "0.95"}], "timestamp": "1769384355090", "event_type": "price_change"}}
{"_local_timestamp": "2026-01-25T23:39:15.214689+00:00", "data": {"market": "0x798aeb3b0d8ab50ef27939b008f53119b4d5858bdf49349c25791fcd3fcadcaf", "price_changes": [{"asset_id": "108019296898664199638382209895389284348242717981595172146181661740979047419234", "price": "0.04", "size": "0", "side": "BUY", "hash": "0c0ba9af3b1c88214031892da2006841cd697efd", "best_bid": "0.05", "best_ask": "0.96"}, {"asset_id": "50329899117108292428584557177879437261513161155956442129755846976034813694949", "price": "0.96", "size": "0", "side": "SELL", "hash": "891c598201b6d3fe916450ce9e5f25f7e9a7b40b", "best_bid": "0.04", "best_ask": "0.95"}], "timestamp": "1769384355090", "event_type": "price_change"}}
{"_local_timestamp": "2026-01-25T23:39:15.223579+00:00", "data": {"market": "0xef46d8aef02c83f0203460751faa083b9fb892ec1d6a69aa856b9a26a3a61038", "price_changes": [{"asset_id": "6515288417779938267569950852091488264079487480017123334432544130400654176812", "price": "0.04", "size": "0", "side": "BUY", "hash": "c0d6a6883953fcdd49631c070bae95ef56898084", "best_bid": "0.05", "best_ask": "0.96"}, {"asset_id": "98491734251687324139335621009311531281070290563154473971916535028562687177976", "price": "0.96", "size": "0", "side": "SELL", "hash": "af291075d67ac515126e593c0524583ac2b402ba", "best_bid": "0.04", "best_ask": "0.95"}], "timestamp": "1769384355091", "event_type": "price_change"}}
{"_local_timestamp": "2026-01-25T23:39:15.649210+00:00", "data": {"market": "0x5367719c260b0f11e84fe0eacab76dc3bc0407d7b63a7e9683adc67a76e7ae4a", "price_changes": [{"asset_id": "47501244962462514643982456535393749576960416321425538987943730503569365243361", "price": "0.06", "size": "5.47", "side": "BUY", "hash": "9b440372111ebf5de993c0206aa6d52c0caae0e2", "best_bid": "0.06", "best_ask": "0.96"}, {"asset_id": "104704595195622884911639312634107608529006755548070039431241540867079020955046", "price": "0.94", "size": "5.47", "side": "SELL", "hash": "49abc345ace1eff730e9f977c1c82fda795214dc", "best_bid": "0.04", "best_ask": "0.94"}], "timestamp": "1769384355576", "event_type": "price_change"}}
{"_local_timestamp": "2026-01-25T23:39:15.649667+00:00", "data": {"market": "0xef46d8aef02c83f0203460751faa083b9fb892ec1d6a69aa856b9a26a3a61038", "price_changes": [{"asset_id": "6515288417779938267569950852091488264079487480017123334432544130400654176812", "price": "0.06", "size": "5.47", "side": "BUY", "hash": "40a2d43bedb8f583841b61c9db53d17be56e3a60", "best_bid": "0.06", "best_ask": "0.96"}, {"asset_id": "98491734251687324139335621009311531281070290563154473971916535028562687177976", "price": "0.94", "size": "5.47", "side": "SELL", "hash": "86719e052a2cc38054ed68c5fc0d7be51193ea31", "best_bid": "0.04", "best_ask": "0.94"}], "timestamp": "1769384355576", "event_type": "price_change"}}
{"_local_timestamp": "2026-01-25T23:39:15.650044+00:00", "data": {"market": "0x798aeb3b0d8ab50ef27939b008f53119b4d5858bdf49349c25791fcd3fcadcaf", "price_changes": [{"asset_id": "108019296898664199638382209895389284348242717981595172146181661740979047419234", "price": "0.06", "size": "5.47", "side": "BUY", "hash": "328753db60114f0f12ba3f59ada0fbf5fc67fc43", "best_bid": "0.06", "best_ask": "0.96"}, {"asset_id": "50329899117108292428584557177879437261513161155956442129755846976034813694949", "price": "0.94", "size": "5.47", "side": "SELL", "hash": "e7ce4ea4fc0010b5078ec2d1cbf03f91c706f399", "best_bid": "0.04", "best_ask": "0.94"}], "timestamp": "1769384355576", "event_type": "price_change"}}
