{"_local_timestamp": "2026-01-25T23:34:23.525037+00:00", "data": [{"market": "0x8aca827a6890072b0f7095615ff09209916186a94dbea1d1a4544c0bb40640df", "asset_id": "70031790430780497724181282123642275179340008610576521491922647219290142376121", "timestamp": "1769383982949", "hash": "5d61d9e0d67024c25cce6c96a9277a672104b9ab", "bids": [{"price": "0.01", "size": "302.04"}, {"price": "0.02", "size": "150.48"}, {"price": "0.03", "size": "18.99"}, {"price": "0.04", "size": "29.99"}], "asks": [{"price": "0.99", "size": "303.52"}, {"price": "0.98", "size": "97.03"}, {"price": "0.97", "size": "20.8"}, {"price": "0.95", "size": "23.99"}, {"price": "0.94", "size": "5.47"}], "event_type": "book", "last_trade_price": ""}, {"market": "0x8aca827a6890072b0f7095615ff09209916186a94dbea1d1a4544c0bb40640df", "asset_id": "95268996816910033184367809981956870064345026844641101204437690149369356566439", "timestamp": "1769383982949", "hash": "f529c5f7269b9fa7d3c9b24aca5d966cc1d4a380", "bids": [{"price": "0.01", "size": "303.52"}, {"price": "0.02", "size": "97.03"}, {"price": "0.03", "size": "20.8"}, {"price": "0.05", "size": "23.99"}, {"price": "0.06", "size": "5.47"}], "asks": [{"price": "0.99", "size": "302.04"}, {"price": "0.98", "size": "150.48"}, {"price": "0.97", "size": "18.99"}, {"price": "0.96", "size": "29.99"}], "event_type": "book", "last_trade_price": ""}, {"market": "0x692df1631f0ae642080b48635d12460ac3e021e3d1f10ea50a502c832a8e72dc", "asset_id": "78938554535053717778774787405931893701038342401566638987036677705989533015272", "timestamp": "1769383982949", "hash": "a057895a34585c90d06696092fb5832576f617a6", "bids": [{"price": "0.01", "size": "255.04"}, {"price": "0.02", "size": "94.48"}, {"price": "0.03", "size": "18.99"}, {"price": "0.04", "size": "29.99"}], "asks": [{"price": "0.99", "size": "247.41"}, {"price": "0.98", "size": "73.03"}, {"price": "0.97", "size": "23.84"}, {"price": "0.95", "size": "23.99"}, {"price": "0.94", "size": "5.47"}], "event_type": "book", "last_trade_price": ""}, {"market": "0x692df1631f0ae642080b48635d12460ac3e021e3d1f10ea50a502c832a8e72dc", "asset_id": "12678295853347333723584655380716744547193120357016105270224905309093977704870", "timestamp": "1769383982949", "hash": "6dcee0b290ad2fec8f03b249a65e8d59276d9760", "bids": [{"price": "0.01", "size": "247.41"}, {"price": "0.02", "size": "73.03"}, {"price": "0.03", "size": "23.84"}, {"price": "0.05", "size": "23.99"}, {"price": "0.06", "size": "5.47"}], "asks": [{"price": "0.99", "size": "255.04"}, {"price": "0.98", "size": "94.48"}, {"price": "0.97", "size": "18.99"}, {"price": "0.96", "size": "29.99"}], "event_type": "book", "last_trade_price": ""}, {"market": "0x1b666c661e6284fb0850859c443f79ae261304fd241d90010c49cb76a78a57f0", "asset_id": "56170364396444275145210656121159436615029426290553803714660896389693786692635", "timestamp": "1769383565735", "hash": "f10536759ecf845f70ddaf40ce511572e1017517", "bids": [{"price": "0.01", "size": "294.79"}, {"price": "0.02", "size": "147.03"}, {"price": "0.03", "size": "23.71"}, {"price": "0.06", "size": "23.8"}], "asks": [{"price": "0.99", "size": "302.04"}, {"price": "0.98", "size": "100.48"}, {"price": "0.97", "size": "18.99"}, {"price": "0.96", "size": "42.49"}], "event_type": "book", "last_trade_price": "0.950"}, {"market": "0xbddae37387bd17549c151e12ea17a7b848bf5b412723f96b503f23cf59840f31", "asset_id": "101502436453583329199404636092336292363830579389006513447585339766892196674944", "timestamp": "1769383787777", "hash": "6a45947628b44619f4a9b8bf08b506941b13da14", "bids": [{"price": "0.01", "size": "602.09"}, {"price": "0.02", "size": "410.48"}, {"price": "0.03", "size": "256.65"}, {"price": "0.04", "size": "9.25"}, {"price": "0.05", "size": "5.47"}], "asks": [{"price": "0.99", "size": "927.04"}, {"price": "0.98", "size": "225.48"}, {"price": "0.97", "size": "18.99"}, {"price": "0.96", "size": "29.99"}], "event_type": "book", "last_trade_price": ""}, {"market": "0xbddae37387bd17549c151e12ea17a7b848bf5b412723f96b503f23cf59840f31", "asset_id": "103298151325465025586311004588552274618263933250597490568406041630203293537184", "timestamp": "1769383787777", "hash": "9a8a83504767081ffe3b8f80fc3f034bfe139d37", "bids": [{"price": "0.01", "size": "927.04"}, {"price": "0.02", "size": "225.48"}, {"price": "0.03", "size": "18.99"}, {"price": "0.04", "size": "29.99"}], "asks": [{"price": "0.99", "size": "602.09"}, {"price": "0.98", "size": "410.48"}, {"price": "0.97", "size": "256.65"}, {"price": "0.96", "size": "9.25"}, {"price": "0.95", "size": "5.47"}], "event_type": "book", "last_trade_price": ""}, {"market": "0x1b666c661e6284fb0850859c443f79ae261304fd241d90010c49cb76a78a57f0", "asset_id": "48185201384087497442403000556614120245109312247065189016124492306663156609319", "timestamp": "1769383565735", "hash": "6b304077f549a9977e474bdc2d2d0dd71a5b2060", "bids": [{"price": "0.01", "size": "302.04"}, {"price": "0.02", "size": "100.48"}, {"price": "0.03", "size": "18.99"}, {"price": "0.04", "size": "42.49"}], "asks": [{"price": "0.99", "size": "294.79"}, {"price": "0.98", "size": "147.03"}, {"price": "0.97", "size": "23.71"}, {"price": "0.94", "size": "23.8"}], "event_type": "book", "last_trade_price": "0.950"}]}
{"_local_timestamp": "2026-01-25T23:34:33.680681+00:00", "data": {"market": "0x692df1631f0ae642080b48635d12460ac3e021e3d1f10ea50a502c832a8e72dc", "price_changes": [{"asset_id": "12678295853347333723584655380716744547193120357016105270224905309093977704870", "price": "0.05", "size": "0", "side": "BUY", "hash": "8c6df578f3e4f72714ef2980a3482c18835697cb", "best_bid": "0.06", "best_ask": "0.96"}, {"asset_id": "78938554535053717778774787405931893701038342401566638987036677705989533015272", "price": "0.95", "size": "0", "side": "SELL", "hash": "8a40cd2449f781f3244a2d11ca1539e95496e690", "best_bid": "0.04", "best_ask": "0.94"}], "timestamp": "1769384073594", "event_type": "price_change"}}
{"_local_timestamp": "2026-01-25T23:34:33.751730+00:00", "data": {"market": "0x8aca827a6890072b0f7095615ff09209916186a94dbea1d1a4544c0bb40640df", "price_changes": [{"asset_id": "95268996816910033184367809981956870064345026844641101204437690149369356566439", "price": "0.05", "size": "0", "side": "BUY", "hash": "753af78df102670845a373c687f454ae055dde24", "best_bid": "0.06", "best_ask": "0.96"}, {"asset_id": "70031790430780497724181282123642275179340008610576521491922647219290142376121", "price": "0.95", "size": "0", "side": "SELL", "hash": "65fc8cafafaa5172e6d31e9a34426f65a8989c0a", "best_bid": "0.04", "best_ask": "0.94"}], "timestamp": "1769384073686", "event_type": "price_change"}}
{"_local_timestamp": "2026-01-25T23:34:35.129870+00:00", "data": {"market": "0x692df1631f0ae642080b48635d12460ac3e021e3d1f10ea50a502c832a8e72dc", "price_changes": [{"asset_id": "12678295853347333723584655380716744547193120357016105270224905309093977704870", "price": "0.06", "size": "0", "side": "BUY", "hash": "0f815868e2335e5b66481a2cc6043cecc19e749f", "best_bid": "0.03", "best_ask": "0.96"}, {"asset_id": "78938554535053717778774787405931893701038342401566638987036677705989533015272", "price": "0.94", "size": "0", "side": "SELL", "hash": "263e6fd39e0884b296015e87865d3dc1abe483ea", "best_bid": "0.04", "best_ask": "0.97"}], "timestamp": "1769384075057", "event_type": "price_change"}}
{"_local_timestamp": "2026-01-25T23:34:35.130272+00:00", "data": {"market": "0x8aca827a6890072b0f7095615ff09209916186a94dbea1d1a4544c0bb40640df", "price_changes": [{"asset_id": "95268996816910033184367809981956870064345026844641101204437690149369356566439", "price": "0.06", "size": "0", "side": "BUY", "hash": "62d26b3ee1c289b341faa15ac8f239ba6db1aeda", "best_bid": "0.03", "best_ask": "0.96"}, {"asset_id": "70031790430780497724181282123642275179340008610576521491922647219290142376121", "price": "0.94", "size": "0", "side": "SELL", "hash": "afbac2afd1a71a83ad7ae652ca735d95e979b897", "best_bid": "0.04", "best_ask": "0.97"}], "timestamp": "1769384075057", "event_type": "price_change"}}
{"_local_timestamp": "2026-01-25T23:34:35.393578+00:00", "data": {"market": "0x692df1631f0ae642080b48635d12460ac3e021e3d1f10ea50a502c832a8e72dc", "price_changes": [{"asset_id": "12678295853347333723584655380716744547193120357016105270224905309093977704870", "price": "0.04", "size": "5.47", "side": "BUY", "hash": "be7550252ac4ba9a5bbd59a9a2f171d6f5c47808", "best_bid": "0.04", "best_ask": "0.96"}, {"asset_id": "78938554535053717778774787405931893701038342401566638987036677705989533015272", "price": "0.96", "size": "5.47", "side": "SELL", "hash": "f276548082f90a07e37e28f53556b1efaf9d4218", "best_bid": "0.04", "best_ask": "0.96"}], "timestamp": "1769384075328", "event_type": "price_change"}}
{"_local_timestamp": "2026-01-25T23:34:35.394036+00:00", "data": {"market": "0x8aca827a6890072b0f7095615ff09209916186a94dbea1d1a4544c0bb40640df", "price_changes": [{"asset_id": "95268996816910033184367809981956870064345026844641101204437690149369356566439", "price": "0.04", "size": "5.47", "side": "BUY", "hash": "3ce38f2247aa46b0510a373b7be605a17f22e8d7", "best_bid": "0.04", "best_ask": "0.96"}, {"asset_id": "70031790430780497724181282123642275179340008610576521491922647219290142376121", "price": "0.96", "size": "5.47", "side": "SELL", "hash": "7e58fbc789aa294e909659fdd40e6851e2cab5b7", "best_bid": "0.04", "best_ask": "0.96"}], "timestamp": "1769384075328", "event_type": "price_change"}}
{"_local_timestamp": "2026-01-25T23:35:55.618935+00:00", "data": {"market": "0x692df1631f0ae642080b48635d12460ac3e021e3d1f10ea50a502c832a8e72dc", "price_changes": [{"asset_id": "12678295853347333723584655380716744547193120357016105270224905309093977704870", "price": "0.03", "size": "9.79", "side": "BUY", "hash": "8af03c5e574b06a2929b007698a712e6be4d9450", "best_bid": "0.04", "best_ask": "0.96"}, {"asset_id": "78938554535053717778774787405931893701038342401566638987036677705989533015272", "price": "0.97", "size": "9.79", "side": "SELL", "hash": "8d4a73217d6a083d34cc1fca4838c8bc30f207a8", "best_bid": "0.04", "best_ask": "0.96"}], "timestamp": "1769384155541", "event_type": "price_change"}}
{"_local_timestamp": "2026-01-25T23:35:55.903081+00:00", "data": {"market": "0x692df1631f0ae642080b48635d12460ac3e021e3d1f10ea50a502c832a8e72dc", "price_changes": [{"asset_id": "12678295853347333723584655380716744547193120357016105270224905309093977704870", "price": "0.03", "size": "20.79", "side": "BUY", "hash": "65d740552a372e9717f17a93b7909e60faca2e25", "best_bid": "0.04", "best_ask": "0.96"}, {"asset_id": "78938554535053717778774787405931893701038342401566638987036677705989533015272", "price": "0.97", "size": "20.79", "side": "SELL", "hash": "0546761aa1d3091c03483a75ecab9ce1524351fb", "best_bid": "0.04", "best_ask": "0.96"}], "timestamp": "1769384155834", "event_type": "price_change"}}
{"_local_timestamp": "2026-01-25T23:35:55.907201+00:00", "data": {"market": "0x692df1631f0ae642080b48635d12460ac3e021e3d1f10ea50a502c832a8e72dc", "price_changes": [{"asset_id": "12678295853347333723584655380716744547193120357016105270224905309093977704870", "price": "0.01", "size": "256.54", "side": "BUY", "hash": "bcb90c3fd2d9c78a5d3ba39991dd90b284c177bc", "best_bid": "0.04", "best_ask": "0.96"}, {"asset_id": "78938554535053717778774787405931893701038342401566638987036677705989533015272", "price": "0.99", "size": "256.54", "side": "SELL", "hash": "ad58a7af9648d3faaf636074285d36e6ab9c88c2", "best_bid": "0.04", "best_ask": "0.96"}], "timestamp": "1769384155835", "event_type": "price_change"}}
{"_local_timestamp": "2026-01-25T23:35:56.918293+00:00", "data": {"market": "0xbddae37387bd17549c151e12ea17a7b848bf5b412723f96b503f23cf59840f31", "price_changes": [{"asset_id": "101502436453583329199404636092336292363830579389006513447585339766892196674944", "price": "0.01", "size": "580", "side": "BUY", "hash": "e7fc93af8fcbba3ac3bfaa11a3a39ae1eeb3590b", "best_bid": "0.05", "best_ask": "0.96"}, {"asset_id": "103298151325465025586311004588552274618263933250597490568406041630203293537184", "price": "0.99", "size": "580", "side": "SELL", "hash": "f2d252baf2adab13697ca8349aff6f234bea9b18", "best_bid": "0.04", "best_ask": "0.95"}], "timestamp": "1769384156846", "event_type": "price_change"}}
{"_local_timestamp": "2026-01-25T23:35:57.129120+00:00", "data": {"market": "0xbddae37387bd17549c151e12ea17a7b848bf5b412723f96b503f23cf59840f31", "price_changes": [{"asset_id": "101502436453583329199404636092336292363830579389006513447585339766892196674944", "price": "0.01", "size": "602.09", "side": "BUY", "hash": "707b2f9483f6048c5c69438b9f2dfb6bb2e4fcec", "best_bid": "0.05", "best_ask": "0.96"}, {"asset_id": "103298151325465025586311004588552274618263933250597490568406041630203293537184", "price": "0.99", "size": "602.09", "side": "SELL", "hash": "aa28b618dc4ab55b7d55ad8ffa888106f1a0fd9c", "best_bid": "0.04", "best_ask": "0.95"}], "timestamp": "1769384157044", "event_type": "price_change"}}
{"_local_timestamp": "2026-01-25T23:36:05.653059+00:00", "data": {"market": "0x692df1631f0ae642080b48635d12460ac3e021e3d1f10ea50a502c832a8e72dc", "price_changes": [{"asset_id": "12678295853347333723584655380716744547193120357016105270224905309093977704870", "price": "0.05", "size": "23.99", "side": "BUY", "hash": "61aaf5aa8db4cff59b07d67b19902500bc710d86", "best_bid": "0.05", "best_ask": "0.96"}, {"asset_id": "78938554535053717778774787405931893701038342401566638987036677705989533015272", "price": "0.95", "size": "23.99", "side": "SELL", "hash": "32f9eef1c524db609c0f237854a3d5c37b57c094", "best_bid": "0.04", "best_ask": "0.95"}], "timestamp": "1769384165580", "event_type": "price_change"}}
{"_local_timestamp": "2026-01-25T23:36:05.653607+00:00", "data": {"market": "0x8aca827a6890072b0f7095615ff09209916186a94dbea1d1a4544c0bb40640df", "price_changes": [{"asset_id": "95268996816910033184367809981956870064345026844641101204437690149369356566439", "price": "0.05", "size": "23.99", "side": "BUY", "hash": "ab02b57c94b33f9832999d88b9e15db418a9050b", "best_bid": "0.05", "best_ask": "0.96"}, {"asset_id": "70031790430780497724181282123642275179340008610576521491922647219290142376121", "price": "0.95", "size": "23.99", "side": "SELL", "hash": "4cf29bdee0e357412325aff072030ede2fd319fe", "best_bid": "0.04", "best_ask": "0.95"}], "timestamp": "1769384165580", "event_type": "price_change"}}
{"_local_timestamp": "2026-01-25T23:36:09.251409+00:00", "data": {"market": "0x8aca827a6890072b0f7095615ff09209916186a94dbea1d1a4544c0bb40640df", "price_changes": [{"asset_id": "95268996816910033184367809981956870064345026844641101204437690149369356566439", "price": "0.04", "size": "0", "side": "BUY", "hash": "490eaac947fcc536ef4db19226bc9ac15e9592ec", "best_bid": "0.05", "best_ask": "0.96"}, {"asset_id": "70031790430780497724181282123642275179340008610576521491922647219290142376121", "price": "0.96", "size": "0", "side": "SELL", "hash": "e6a82cea354cdb5ce0236b0ccd960fa9e2d976f8", "best_bid": "0.04", "best_ask": "0.95"}], "timestamp": "1769384169171", "event_type": "price_change"}}
{"_local_timestamp": "2026-01-25T23:36:09.252337+00:00", "data": {"market": "0x692df1631f0ae642080b48635d12460ac3e021e3d1f10ea50a502c832a8e72dc", "price_changes": [{"asset_id": "12678295853347333723584655380716744547193120357016105270224905309093977704870", "price": "0.04", "size": "0", "side": "BUY", "hash": "f4de045b486f16d9e4dcf9bf54e4dad4c5d430d2", "best_bid": "0.05", "best_ask": "0.96"}, {"asset_id": "78938554535053717778774787405931893701038342401566638987036677705989533015272", "price": "0.96", "size": "0", "side": "SELL", "hash": "e3d0d654e4db17cc7e6c17632cbde7274b390d98", "best_bid": "0.04", "best_ask": "0.95"}], "timestamp": "1769384169171", "event_type": "price_change"}}
{"_local_timestamp": "2026-01-25T23:36:09.586450+00:00", "data": {"market": "0x8aca827a6890072b0f7095615ff09209916186a94dbea1d1a4544c0bb40640df", "price_changes": [{"asset_id": "95268996816910033184367809981956870064345026844641101204437690149369356566439", "price": "0.06", "size": "5.47", "side": "BUY", "hash": "307ef4004f8dc2c5afee805e83976c016e7e4b59", "best_bid": "0.06", "best_ask": "0.96"}, {"asset_id": "70031790430780497724181282123642275179340008610576521491922647219290142376121", "price": "0.94", "size": "5.47", "side": "SELL", "hash": "3dc3902c534a8dadfd2f89178fc323ad8d8a4ea5", "best_bid": "0.04", "best_ask": "0.94"}], "timestamp": "1769384169516", "event_type": "price_change"}}
{"_local_timestamp": "2026-01-25T23:36:09.595545+00:00", "data": {"market": "0x692df1631f0ae642080b48635d12460ac3e021e3d1f10ea50a502c832a8e72dc", "price_changes": [{"asset_id": "12678295853347333723584655380716744547193120357016105270224905309093977704870", "price": "0.06", "size": "5.47", "side": "BUY", "hash": "889474bb8e1d1fe7273caa9d67be9c97198b2be6", "best_bid": "0.06", "best_ask": "0.96"}, {"asset_id": "78938554535053717778774787405931893701038342401566638987036677705989533015272", "price": "0.94", "size": "5.47", "side": "SELL", "hash": "06b6c26094741e8beece06e6cf83c259f2e3fdfa", "best_bid": "0.04", "best_ask": "0.94"}], "timestamp": "1769384169516", "event_type": "price_change"}}
{"_local_timestamp": "2026-01-25T23:37:43.343587+00:00", "data": {"market": "0x8aca827a6890072b0f7095615ff09209916186a94dbea1d1a4544c0bb40640df", "price_changes": [{"asset_id": "95268996816910033184367809981956870064345026844641101204437690149369356566439", "price": "0.05", "size": "0", "side": "BUY", "hash": "2908b16a91f8ca73d25953203daf3bdc40d85abf", "best_bid": "0.06", "best_ask": "0.96"}, {"asset_id": "70031790430780497724181282123642275179340008610576521491922647219290142376121", "price": "0.95", "size": "0", "side": "SELL", "hash": "c1690aabb03735752066c4220244f0fcf16ccfd8", "best_bid": "0.04", "best_ask": "0.94"}], "timestamp": "1769384263268", "event_type": "price_change"}}
{"_local_timestamp": "2026-01-25T23:37:43.343996+00:00", "data": {"market": "0x692df1631f0ae642080b48635d12460ac3e021e3d1f10ea50a502c832a8e72dc", "price_changes": [{"asset_id": "12678295853347333723584655380716744547193120357016105270224905309093977704870", "price": "0.05", "size": "0", "side": "BUY", "hash": "2cdc08bc452dff040a884099838c91c32db81702", "best_bid": "0.06", "best_ask": "0.96"}, {"asset_id": "78938554535053717778774787405931893701038342401566638987036677705989533015272", "price": "0.95", "size": "0", "side": "SELL", "hash": "c67441ca5c94632fd3a28a5feae51adeccd8bdfa", "best_bid": "0.04", "best_ask": "0.94"}], "timestamp": "1769384263268", "event_type": "price_change"}}
{"_local_timestamp": "2026-01-25T23:37:46.230578+00:00", "data": {"market": "0x8aca827a6890072b0f7095615ff09209916186a94dbea1d1a4544c0bb40640df", "price_changes": [{"asset_id": "95268996816910033184367809981956870064345026844641101204437690149369356566439", "price": "0.06", "size": "0", "side": "BUY", "hash": "938eb79137c049976e65896e0063cbf1073ecde9", "best_bid": "0.03", "best_ask": "0.96"}, {"asset_id": "70031790430780497724181282123642275179340008610576521491922647219290142376121", "price": "0.94", "size": "0", "side": "SELL", "hash": "3d2e221ba431b920e7755d9088b7b5aeeb86feab", "best_bid": "0.04", "best_ask": "0.97"}], "timestamp": "1769384266141", "event_type": "price_change"}}
{"_local_timestamp": "2026-01-25T23:37:46.262988+00:00", "data": {"market": "0x692df1631f0ae642080b48635d12460ac3e021e3d1f10ea50a502c832a8e72dc", "price_changes": [{"asset_id": "12678295853347333723584655380716744547193120357016105270224905309093977704870", "price": "0.06", "size": "0", "side": "BUY", "hash": "84b895b3ddb6e9f43eb4a618bfcf4f6e02ea98b9", "best_bid": "0.03", "best_ask": "0.96"}, {"asset_id": "78938554535053717778774787405931893701038342401566638987036677705989533015272", "price": "0.94", "size": "0", "side": "SELL", "hash": "8b3a23e17aeded902073ce77ef9be37329ab2772", "best_bid": "0.04", "best_ask": "0.97"}], "timestamp": "1769384266142", "event_type": "price_change"}}
{"_local_timestamp": "2026-01-25T23:37:46.487527+00:00", "data": {"market": "0x8aca827a6890072b0f7095615ff09209916186a94dbea1d1a4544c0bb40640df", "price_changes": [{"asset_id": "95268996816910033184367809981956870064345026844641101204437690149369356566439", "price": "0.04", "size": "5.47", "side": "BUY", "hash": "b38c552310cee857089320d8aa1632909654749f", "best_bid": "0.04", "best_ask": "0.96"}, {"asset_id": "70031790430780497724181282123642275179340008610576521491922647219290142376121", "price": "0.96", "size": "5.47", "side": "SELL", "hash": "823b421a6f45a9f7d6a4383d3bc8ce0d329f6776", "best_bid": "0.04", "best_ask": "0.96"}], "timestamp": "1769384266399", "event_type": "price_change"}}
{"_local_timestamp": "2026-01-25T23:37:46.488052+00:00", "data": {"market": "0x692df1631f0ae642080b48635d12460ac3e021e3d1f10ea50a502c832a8e72dc", "price_changes": [{"asset_id": "12678295853347333723584655380716744547193120357016105270224905309093977704870", "price": "0.04", "size": "5.47", "side": "BUY", "hash": "b00b1cb2665ceeedfd4b9e780d4a93e7800433d5", "best_bid": "0.04", "best_ask": "0.96"}, {"asset_id": "78938554535053717778774787405931893701038342401566638987036677705989533015272", "price": "0.96", "size": "5.47", "side": "SELL", "hash": "f29208dd1539d0d2f2bd5ad364d1f27eb8e4d4d2", "best_bid": "0.04", "best_ask": "0.96"}], "timestamp": "1769384266399", "event_type": "price_change"}}
{"_local_timestamp": "2026-01-25T23:39:12.205298+00:00", "data": {"market": "0x692df1631f0ae642080b48635d12460ac3e021e3d1f10ea50a502c832a8e72dc", "price_changes": [{"asset_id": "12678295853347333723584655380716744547193120357016105270224905309093977704870", "price": "0.05", "size": "23.99", "side": "BUY", "hash": "2b30eee4f178298a871e8e9eb9afb9ce5a397bbb", "best_bid": "0.05", "best_ask": "0.96"}, {"asset_id": "78938554535053717778774787405931893701038342401566638987036677705989533015272", "price": "0.95", "size": "23.99", "side": "SELL", "hash": "6d769c5dd359ec3365a88f82b54f585734507532", "best_bid": "0.04", "best_ask": "0.95"}], "timestamp": "1769384352100", "event_type": "price_change"}}
{"_local_timestamp": "2026-01-25T23:39:12.205824+00:00", "data": {"market": "0x8aca827a6890072b0f7095615ff09209916186a94dbea1d1a4544c0bb40640df", "price_changes": [{"asset_id": "95268996816910033184367809981956870064345026844641101204437690149369356566439", "price": "0.05", "size": "23.99", "side": "BUY", "hash": "6a983b80c4f3531a81120ac182c41fb84f973c31", "best_bid": "0.05", "best_ask": "0.96"}, {"asset_id": "70031790430780497724181282123642275179340008610576521491922647219290142376121", "price": "0.95", "size": "23.99", "side": "SELL", "hash": "a81806a42a8f10bfbe39cd966cc15359b7d6b108", "best_bid": "0.04", "best_ask": "0.95"}], "timestamp": "1769384352100", "event_type": "price_change"}}
{"_local_timestamp": "2026-01-25T23:39:15.223789+00:00", "data": {"market": "0x8aca827a6890072b0f7095615ff09209916186a94dbea1d1a4544c0bb40640df", "price_changes": [{"asset_id": "95268996816910033184367809981956870064345026844641101204437690149369356566439", "price": "0.04", "size": "0", "side": "BUY", "hash": "b4be080b0b46e2c9d706650ef22e198314f5cb70", "best_bid": "0.05", "best_ask": "0.96"}, {"asset_id": "70031790430780497724181282123642275179340008610576521491922647219290142376121", "price": "0.96", "size": "0", "side": "SELL", "hash": "6152daef23b0c7ec4c56ced06eef38eb531e6d1d", "best_bid": "0.04", "best_ask": "0.95"}], "timestamp": "1769384355091", "event_type": "price_change"}}
{"_local_timestamp": "2026-01-25T23:39:15.224506+00:00", "data": {"market": "0x692df1631f0ae642080b48635d12460ac3e021e3d1f10ea50a502c832a8e72dc", "price_changes": [{"asset_id": "12678295853347333723584655380716744547193120357016105270224905309093977704870", "price": "0.04", "size": "0", "side": "BUY", "hash": "2db802504d68175c49e91b1a86062963c5b4c84f", "best_bid": "0.05", "best_ask": "0.96"}, {"asset_id": "78938554535053717778774787405931893701038342401566638987036677705989533015272", "price": "0.96", "size": "0", "side": "SELL", "hash": "b111fecd5bdf428dcb5920f6f02c818fe839ae6b", "best_bid": "0.04", "best_ask": "0.95"}], "timestamp": "1769384355091", "event_type": "price_change"}}
{"_local_timestamp": "2026-01-25T23:39:15.606088+00:00", "data": {"market": "0x8aca827a6890072b0f7095615ff09209916186a94dbea1d1a4544c0bb40640df", "price_changes": [{"asset_id": "95268996816910033184367809981956870064345026844641101204437690149369356566439", "price": "0.06", "size": "5.47", "side": "BUY", "hash": "273c6995cc76143da8eb910d0b3e54191d0e89a8", "best_bid": "0.06", "best_ask": "0.96"}, {"asset_id": "70031790430780497724181282123642275179340008610576521491922647219290142376121", "price": "0.94", "size": "5.47", "side": "SELL", "hash": "539e9ed2a3758aed51ccdb314bdd08392bf2beb0", "best_bid": "0.04", "best_ask": "0.94"}], "timestamp": "1769384355538", "event_type": "price_change"}}
{"_local_timestamp": "2026-01-25T23:39:15.650033+00:00", "data": {"market": "0x692df1631f0ae642080b48635d12460ac3e021e3d1f10ea50a502c832a8e72dc", "price_changes": [{"asset_id": "12678295853347333723584655380716744547193120357016105270224905309093977704870", "price": "0.06", "size": "5.47", "side": "BUY", "hash": "7332135355ef26a6bcd265ae0e205085b34b2c10", "best_bid": "0.06", "best_ask": "0.96"}, {"asset_id": "78938554535053717778774787405931893701038342401566638987036677705989533015272", "price": "0.94", "size": "5.47", "side": "SELL", "hash": "3e82b741d4e7ca2b50981dda1186258b5cd87ed5", "best_bid": "0.04", "best_ask": "0.94"}], "timestamp": "1769384355576", "event_type": "price_change"}}
