{"_local_timestamp": "2026-01-25T23:41:27.416321+00:00", "data": [{"market": "0x91d79958939f3e88531fce9bc7eaeec8d7b4769153fa4e53c4503459a0f16c3f", "asset_id": "90269627864460583420982290650021535785505976210587921281195719192141026655307", "timestamp": "1769382376790", "hash": "392a4e3eda123a0db2e3520780dee23c4842d84a", "bids": [{"price": "0.01", "size": "102.04"}, {"price": "0.02", "size": "28.72"}, {"price": "0.03", "size": "39.99"}], "asks": [{"price": "0.99", "size": "99.99"}, {"price": "0.98", "size": "40"}, {"price": "0.95", "size": "15.47"}], "event_type": "book", "last_trade_price": ""}, {"market": "0x1baca8338e2b25ca1cf132612516ac229a3bb0854b9f912edf2094321a1e7682", "asset_id": "96939983979358494409124696452963316471791524314176669493728080115998612165684", "timestamp": "1769384195528", "hash": "445b4303f4ddff576aa243edc7befb0d10c1ca0c", "bids": [{"price": "0.01", "size": "11247.18"}, {"price": "0.02", "size": "899.93"}, {"price": "0.03", "size": "19.9"}, {"price": "0.04", "size": "42.49"}], "asks": [{"price": "0.99", "size": "11244.53"}, {"price": "0.98", "size": "41"}, {"price": "0.95", "size": "15.47"}], "event_type": "book", "last_trade_price": ""}, {"market": "0xef5c5969a92073bb331d390a8fd253247e55db495dd0d282bebcd213fc9e98f9", "asset_id": "111408097440170058305299086416986717861661628547278416005231349202740096264137", "timestamp": "1769383978804", "hash": "66df13d67b959ef7ddd48bdf0d59f1a7ba430d9a", "bids": [{"price": "0.01", "size": "11196.85"}, {"price": "0.02", "size": "40.59"}, {"price": "0.05", "size": "15.47"}], "asks": [{"price": "0.99", "size": "11196.85"}, {"price": "0.98", "size": "30.33"}, {"price": "0.97", "size": "56.65"}], "event_type": "book", "last_trade_price": ""}, {"market": "0x1baca8338e2b25ca1cf132612516ac229a3bb0854b9f912edf2094321a1e7682", "asset_id": "44624636737386069107481745579901218895720830797355610884133049251532864861970", "timestamp": "1769384195528", "hash": "d65ad1b41a9e7efb6e9b92fd341643a89136e203", "bids": [{"price": "0.01", "size": "11244.53"}, {"price": "0.02", "size": "41"}, {"price": "0.05", "size": "15.47"}], "asks": [{"price": "0.99", "size": "11247.18"}, {"price": "0.98", "size": "899.93"}, {"price": "0.97", "size": "19.9"}, {"price": "0.96", "size": "42.49"}], "event_type": "book", "last_trade_price": ""}, {"market": "0xef5c5969a92073bb331d390a8fd253247e55db495dd0d282bebcd213fc9e98f9", "asset_id": "24785562735989416010826268425089148929312550693817152898319391113116435314213", "timestamp": "1769383978804", "hash": "467da2737c78cc3039b0c0cef492b6defa1948be", "bids": [{"price": "0.01", "size": "11196.85"}, {"price": "0.02", "size": "30.33"}, {"price": "0.03", "size": "56.65"}], "asks": [{"price": "0.99", "size": "11196.85"}, {"price": "0.98", "size": "40.59"}, {"price": "0.95", "size": "15.47"}], "event_type": "book", "last_trade_price": ""}, {"market": "0xf21468031abfc62aab279451b55909f1ff3b7d9fa467cc03f7772db7901dc0de", "asset_id": "76630576861944765413506128741840827685262842411745127460503614840988645423562", "timestamp": "1769384193511", "hash": "2b2335977117529d500d9cada9c5b530d9254a76", "bids": [{"price": "0.01", "size": "11245.35"}, {"price": "0.02", "size": "899.05"}, {"price": "0.03", "size": "21.1"}, {"price": "0.05", "size": "15.47"}], "asks": [{"price": "0.99", "size": "11253.63"}, {"price": "0.98", "size": "905.17"}, {"price": "0.97", "size": "14.26"}, {"price": "0.96", "size": "42.49"}], "event_type": "book", "last_trade_price": ""}, {"market": "0xf3eccc339323db0676738e78d7f47442feb23a5d379d8023f74b5d25895e1a26", "asset_id": "17530713902603044125757289872480212103623079013818634835807864395004963048346", "timestamp": "1769384386492", "hash": "86204c9014271cc095ccf41e8ef42c775d6d23da", "bids": [{"price": "0.01", "size": "11231.68"}, {"price": "0.02", "size": "47.42"}, {"price": "0.52", "size": "50"}, {"price": "0.58", "size": "77"}], "asks": [{"price": "0.99", "size": "9274.4"}, {"price": "0.98", "size": "6047.43"}, {"price": "0.97", "size": "5079.03"}, {"price": "0.96", "size": "5999.11"}, {"price": "0.88", "size": "50"}, {"price": "0.78", "size": "10"}, {"price": "0.69", "size": "100"}], "event_type": "book", "last_trade_price": "0.580"}, {"market": "0xf21468031abfc62aab279451b55909f1ff3b7d9fa467cc03f7772db7901dc0de", "asset_id": "58415962039260763296864127629175407898456935938373964769648785657031071549288", "timestamp": "1769384193511", "hash": "d5af49596cdc862a2e7e4a7287fa911b18406ad1", "bids": [{"price": "0.01", "size": "11253.63"}, {"price": "0.02", "size": "905.17"}, {"price": "0.03", "size": "14.26"}, {"price": "0.04", "size": "42.49"}], "asks": [{"price": "0.99", "size": "11245.35"}, {"price": "0.98", "size": "899.05"}, {"price": "0.97", "size": "21.1"}, {"price": "0.95", "size": "15.47"}], "event_type": "book", "last_trade_price": ""}, {"market": "0xf3eccc339323db0676738e78d7f47442feb23a5d379d8023f74b5d25895e1a26", "asset_id": "110235819947154328499387875920481176956297513114069970695287516686707153024869", "timestamp": "1769384386492", "hash": "08cc1afa7b62eef62b5d3e3a62532d32a75b1d8b", "bids": [{"price": "0.01", "size": "9274.4"}, {"price": "0.02", "size": "6047.43"}, {"price": "0.03", "size": "5079.03"}, {"price": "0.04", "size": "5999.11"}, {"price": "0.12", "size": "50"}, {"price": "0.22", "size": "10"}, {"price": "0.31", "size": "100"}], "asks": [{"price": "0.99", "size": "11231.68"}, {"price": "0.98", "size": "47.42"}, {"price": "0.48", "size": "50"}, {"price": "0.42", "size": "77"}], "event_type": "book", "last_trade_price": "0.580"}, {"market": "0x91d79958939f3e88531fce9bc7eaeec8d7b4769153fa4e53c4503459a0f16c3f", "asset_id": "61576362852686876078966954404957716365618073599087383348509717163432723963567", "timestamp": "1769382376790", "hash": "de1dfd2a66973a7c966a19a44cdb4aee06e3a146", "bids": [{"price": "0.01", "size": "99.99"}, {"price": "0.02", "size": "40"}, {"price": "0.05", "size": "15.47"}], "asks": [{"price": "0.99", "size": "102.04"}, {"price": "0.98", "size": "28.72"}, {"price": "0.97", "size": "39.99"}], "event_type": "book", "last_trade_price": ""}]}
{"_local_timestamp": "2026-01-25T23:42:13.433772+00:00", "data": {"market": "0xf21468031abfc62aab279451b55909f1ff3b7d9fa467cc03f7772db7901dc0de", "price_changes": [{"asset_id": "58415962039260763296864127629175407898456935938373964769648785657031071549288", "price": "0.01", "size": "11237.04", "side": "BUY", "hash": "2823dab8da50cb7894f7365bcd09c850150dbe2c", "best_bid": "0.04", "best_ask": "0.95"}, {"asset_id": "76630576861944765413506128741840827685262842411745127460503614840988645423562", "price": "0.99", "size": "11237.04", "side": "SELL", "hash": "9b4168e204e30bbfe6e8c1b8cee940b5c2fd97a6", "best_bid": "0.05", "best_ask": "0.96"}], "timestamp": "1769384533362", "event_type": "price_change"}}
{"_local_timestamp": "2026-01-25T23:42:13.435020+00:00", "data": {"market": "0xf21468031abfc62aab279451b55909f1ff3b7d9fa467cc03f7772db7901dc0de", "price_changes": [{"asset_id": "58415962039260763296864127629175407898456935938373964769648785657031071549288", "price": "0.02", "size": "890.11", "side": "BUY", "hash": "2823dab8da50cb7894f7365bcd09c850150dbe2c", "best_bid": "0.04", "best_ask": "0.95"}, {"asset_id": "76630576861944765413506128741840827685262842411745127460503614840988645423562", "price": "0.98", "size": "890.11", "side": "SELL", "hash": "9b4168e204e30bbfe6e8c1b8cee940b5c2fd97a6", "best_bid": "0.05", "best_ask": "0.96"}], "timestamp": "1769384533362", "event_type": "price_change"}}
{"_local_timestamp": "2026-01-25T23:42:14.050319+00:00", "data": {"market": "0xf21468031abfc62aab279451b55909f1ff3b7d9fa467cc03f7772db7901dc0de", "price_changes": [{"asset_id": "58415962039260763296864127629175407898456935938373964769648785657031071549288", "price": "0.02", "size": "905.17", "side": "BUY", "hash": "b27011ab23d712e8873beb878d3d9936302968d7", "best_bid": "0.04", "best_ask": "0.95"}, {"asset_id": "76630576861944765413506128741840827685262842411745127460503614840988645423562", "price": "0.98", "size": "905.17", "side": "SELL", "hash": "ab1a4ac971728087aad9c79f24477ebce7715555", "best_bid": "0.05", "best_ask": "0.96"}], "timestamp": "1769384533986", "event_type": "price_change"}}
{"_local_timestamp": "2026-01-25T23:42:14.050742+00:00", "data": {"market": "0xf21468031abfc62aab279451b55909f1ff3b7d9fa467cc03f7772db7901dc0de", "price_changes": [{"asset_id": "58415962039260763296864127629175407898456935938373964769648785657031071549288", "price": "0.01", "size": "11253.63", "side": "BUY", "hash": "341feebb6790bcf394713083203dce474528404a", "best_bid": "0.04", "best_ask": "0.95"}, {"asset_id": "76630576861944765413506128741840827685262842411745127460503614840988645423562", "price": "0.99", "size": "11253.63", "side": "SELL", "hash": "72920fc90858be756b8bb0b9dc6a34c09ff4df6c", "best_bid": "0.05", "best_ask": "0.96"}], "timestamp": "1769384533987", "event_type": "price_change"}}
{"_local_timestamp": "2026-01-25T23:42:16.219925+00:00", "data": {"market": "0xf3eccc339323db0676738e78d7f47442feb23a5d379d8023f74b5d25895e1a26", "price_changes": [{"asset_id": "110235819947154328499387875920481176956297513114069970695287516686707153024869", "price": "0.03", "size": "5047.43", "side": "BUY", "hash": "9ca2bd33526593d611df19d2495b3d2c17aba226", "best_bid": "0.31", "best_ask": "0.42"}, {"asset_id": "17530713902603044125757289872480212103623079013818634835807864395004963048346", "price": "0.97", "size": "5047.43", "side": "SELL", "hash": "968921edef74e60a13b08f717b62ac0847515193", "best_bid": "0.58", "best_ask": "0.69"}], "timestamp": "1769384536139", "event_type": "price_change"}}
{"_local_timestamp": "2026-01-25T23:42:16.284606+00:00", "data": {"market": "0xf3eccc339323db0676738e78d7f47442feb23a5d379d8023f74b5d25895e1a26", "price_changes": [{"asset_id": "110235819947154328499387875920481176956297513114069970695287516686707153024869", "price": "0.02", "size": "1890.11", "side": "BUY", "hash": "5bac24fb880337d68c6b27049bca126edfe7714e", "best_bid": "0.31", "best_ask": "0.42"}, {"asset_id": "17530713902603044125757289872480212103623079013818634835807864395004963048346", "price": "0.98", "size": "1890.11", "side": "SELL", "hash": "806042d8907f910f69dc10f8523121b291e5b405", "best_bid": "0.58", "best_ask": "0.69"}], "timestamp": "1769384536218", "event_type": "price_change"}}
{"_local_timestamp": "2026-01-25T23:42:16.285037+00:00", "data": {"market": "0xf3eccc339323db0676738e78d7f47442feb23a5d379d8023f74b5d25895e1a26", "price_changes": [{"asset_id": "110235819947154328499387875920481176956297513114069970695287516686707153024869", "price": "0.04", "size": "0", "side": "BUY", "hash": "5bac24fb880337d68c6b27049bca126edfe7714e", "best_bid": "0.31", "best_ask": "0.42"}, {"asset_id": "17530713902603044125757289872480212103623079013818634835807864395004963048346", "price": "0.96", "size": "0", "side": "SELL", "hash": "806042d8907f910f69dc10f8523121b291e5b405", "best_bid": "0.58", "best_ask": "0.69"}], "timestamp": "1769384536218", "event_type": "price_change"}}
{"_local_timestamp": "2026-01-25T23:42:16.540317+00:00", "data": {"market": "0xf3eccc339323db0676738e78d7f47442feb23a5d379d8023f74b5d25895e1a26", "price_changes": [{"asset_id": "110235819947154328499387875920481176956297513114069970695287516686707153024869", "price": "0.01", "size": "8384.29", "side": "BUY", "hash": "5bac24fb880337d68c6b27049bca126edfe7714e", "best_bid": "0.31", "best_ask": "0.42"}, {"asset_id": "17530713902603044125757289872480212103623079013818634835807864395004963048346", "price": "0.99", "size": "8384.29", "side": "SELL", "hash": "806042d8907f910f69dc10f8523121b291e5b405", "best_bid": "0.58", "best_ask": "0.69"}], "timestamp": "1769384536218", "event_type": "price_change"}}
{"_local_timestamp": "2026-01-25T23:42:16.540826+00:00", "data": {"market": "0xf3eccc339323db0676738e78d7f47442feb23a5d379d8023f74b5d25895e1a26", "price_changes": [{"asset_id": "110235819947154328499387875920481176956297513114069970695287516686707153024869", "price": "0.05", "size": "15.61", "side": "BUY", "hash": "17257d648936640dab6e02230cedb46808e0a083", "best_bid": "0.31", "best_ask": "0.42"}, {"asset_id": "17530713902603044125757289872480212103623079013818634835807864395004963048346", "price": "0.95", "size": "15.61", "side": "SELL", "hash": "feb4d2b1704cb3e88acc4b15ab5313aa28c538c4", "best_bid": "0.58", "best_ask": "0.69"}], "timestamp": "1769384536426", "event_type": "price_change"}}
{"_local_timestamp": "2026-01-25T23:42:16.541165+00:00", "data": {"market": "0xf3eccc339323db0676738e78d7f47442feb23a5d379d8023f74b5d25895e1a26", "price_changes": [{"asset_id": "110235819947154328499387875920481176956297513114069970695287516686707153024869", "price": "0.02", "size": "1898.49", "side": "BUY", "hash": "80446b3dc429027ac979f743fe3aa1ac092ae414", "best_bid": "0.31", "best_ask": "0.42"}, {"asset_id": "17530713902603044125757289872480212103623079013818634835807864395004963048346", "price": "0.98", "size": "1898.49", "side": "SELL", "hash": "d7e024f68c74c4971b599ad3a9bb004df2ca4e5b", "best_bid": "0.58", "best_ask": "0.69"}], "timestamp": "1769384536429", "event_type": "price_change"}}
{"_local_timestamp": "2026-01-25T23:43:48.263497+00:00", "data": {"market": "0xf3eccc339323db0676738e78d7f47442feb23a5d379d8023f74b5d25895e1a26", "price_changes": [{"asset_id": "110235819947154328499387875920481176956297513114069970695287516686707153024869", "price": "0.02", "size": "898.49", "side": "BUY", "hash": "71a9048dbc2c359aa9c28ab023f3c72c39a43267", "best_bid": "0.31", "best_ask": "0.42"}, {"asset_id": "17530713902603044125757289872480212103623079013818634835807864395004963048346", "price": "0.98", "size": "898.49", "side": "SELL", "hash": "2f867add8c7bca3d2bc26ce14a8fe7fee22b7885", "best_bid": "0.58", "best_ask": "0.69"}], "timestamp": "1769384628196", "event_type": "price_change"}}
{"_local_timestamp": "2026-01-25T23:43:48.531329+00:00", "data": {"market": "0xf3eccc339323db0676738e78d7f47442feb23a5d379d8023f74b5d25895e1a26", "price_changes": [{"asset_id": "110235819947154328499387875920481176956297513114069970695287516686707153024869", "price": "0.01", "size": "9274.4", "side": "BUY", "hash": "b51f2cc3b182d498470f17b53eeadbd617148027", "best_bid": "0.31", "best_ask": "0.42"}, {"asset_id": "17530713902603044125757289872480212103623079013818634835807864395004963048346", "price": "0.99", "size": "9274.4", "side": "SELL", "hash": "e13a1e17e3cf38b55b7eafbb762383b1ecda5802", "best_bid": "0.58", "best_ask": "0.69"}], "timestamp": "1769384628467", "event_type": "price_change"}}
{"_local_timestamp": "2026-01-25T23:43:48.531744+00:00", "data": {"market": "0xf3eccc339323db0676738e78d7f47442feb23a5d379d8023f74b5d25895e1a26", "price_changes": [{"asset_id": "110235819947154328499387875920481176956297513114069970695287516686707153024869", "price": "0.02", "size": "2168.59", "side": "BUY", "hash": "07e0b7b13071cf8b1ba779aeba0fca450cf93be2", "best_bid": "0.31", "best_ask": "0.42"}, {"asset_id": "17530713902603044125757289872480212103623079013818634835807864395004963048346", "price": "0.98", "size": "2168.59", "side": "SELL", "hash": "47eb085c891b9199ad556179ce4de133873476e8", "best_bid": "0.58", "best_ask": "0.69"}], "timestamp": "1769384628468", "event_type": "price_change"}}
{"_local_timestamp": "2026-01-25T23:43:48.532083+00:00", "data": {"market": "0xf3eccc339323db0676738e78d7f47442feb23a5d379d8023f74b5d25895e1a26", "price_changes": [{"asset_id": "110235819947154328499387875920481176956297513114069970695287516686707153024869", "price": "0.02", "size": "4165.7", "side": "BUY", "hash": "f24881275cc722e90bce6a71608f1a27e1500caf", "best_bid": "0.31", "best_ask": "0.42"}, {"asset_id": "17530713902603044125757289872480212103623079013818634835807864395004963048346", "price": "0.98", "size": "4165.7", "side": "SELL", "hash": "ec37f5c28c963c8eeac5775d96f214f7e5067f62", "best_bid": "0.58", "best_ask": "0.69"}], "timestamp": "1769384628469", "event_type": "price_change"}}
{"_local_timestamp": "2026-01-25T23:43:48.532410+00:00", "data": {"market": "0xf3eccc339323db0676738e78d7f47442feb23a5d379d8023f74b5d25895e1a26", "price_changes": [{"asset_id": "110235819947154328499387875920481176956297513114069970695287516686707153024869", "price": "0.02", "size": "5055.81", "side": "BUY", "hash": "3fb39b1e1dca5104121386d25ecc9533c233d7fb", "best_bid": "0.31", "best_ask": "0.42"}, {"asset_id": "17530713902603044125757289872480212103623079013818634835807864395004963048346", "price": "0.98", "size": "5055.81", "side": "SELL", "hash": "61e5acfc69867b1c2d3db08e0f5a8c2cb3bffc7c", "best_bid": "0.58", "best_ask": "0.69"}], "timestamp": "1769384628469", "event_type": "price_change"}}
{"_local_timestamp": "2026-01-25T23:45:28.499780+00:00", "data": {"market": "0xf3eccc339323db0676738e78d7f47442feb23a5d379d8023f74b5d25895e1a26", "price_changes": [{"asset_id": "110235819947154328499387875920481176956297513114069970695287516686707153024869", "price": "0.02", "size": "5047.43", "side": "BUY", "hash": "4022ef22d84aa89310df4ee8e668df668fd32d5a", "best_bid": "0.31", "best_ask": "0.42"}, {"asset_id": "17530713902603044125757289872480212103623079013818634835807864395004963048346", "price": "0.98", "size": "5047.43", "side": "SELL", "hash": "8a783654ecbe0ca1122668cb34ca6f838767b238", "best_bid": "0.58", "best_ask": "0.69"}], "timestamp": "1769384728424", "event_type": "price_change"}}
{"_local_timestamp": "2026-01-25T23:45:28.500690+00:00", "data": {"market": "0xf21468031abfc62aab279451b55909f1ff3b7d9fa467cc03f7772db7901dc0de", "price_changes": [{"asset_id": "58415962039260763296864127629175407898456935938373964769648785657031071549288", "price": "0.01", "size": "11237.04", "side": "BUY", "hash": "9e20bc464991a2306492936cc8fff0eb8f895c2d", "best_bid": "0.04", "best_ask": "0.95"}, {"asset_id": "76630576861944765413506128741840827685262842411745127460503614840988645423562", "price": "0.99", "size": "11237.04", "side": "SELL", "hash": "e0bcc13b8c328e28b5b36f39eee2c1756ca34464", "best_bid": "0.05", "best_ask": "0.96"}], "timestamp": "1769384728424", "event_type": "price_change"}}
{"_local_timestamp": "2026-01-25T23:45:28.500994+00:00", "data": {"market": "0xf3eccc339323db0676738e78d7f47442feb23a5d379d8023f74b5d25895e1a26", "price_changes": [{"asset_id": "110235819947154328499387875920481176956297513114069970695287516686707153024869", "price": "0.05", "size": "0", "side": "BUY", "hash": "4022ef22d84aa89310df4ee8e668df668fd32d5a", "best_bid": "0.31", "best_ask": "0.42"}, {"asset_id": "17530713902603044125757289872480212103623079013818634835807864395004963048346", "price": "0.95", "size": "0", "side": "SELL", "hash": "8a783654ecbe0ca1122668cb34ca6f838767b238", "best_bid": "0.58", "best_ask": "0.69"}], "timestamp": "1769384728424", "event_type": "price_change"}}
{"_local_timestamp": "2026-01-25T23:45:28.501278+00:00", "data": {"market": "0xf21468031abfc62aab279451b55909f1ff3b7d9fa467cc03f7772db7901dc0de", "price_changes": [{"asset_id": "58415962039260763296864127629175407898456935938373964769648785657031071549288", "price": "0.02", "size": "890.11", "side": "BUY", "hash": "9e20bc464991a2306492936cc8fff0eb8f895c2d", "best_bid": "0.04", "best_ask": "0.95"}, {"asset_id": "76630576861944765413506128741840827685262842411745127460503614840988645423562", "price": "0.98", "size": "890.11", "side": "SELL", "hash": "e0bcc13b8c328e28b5b36f39eee2c1756ca34464", "best_bid": "0.05", "best_ask": "0.96"}], "timestamp": "1769384728424", "event_type": "price_change"}}
{"_local_timestamp": "2026-01-25T23:45:28.534967+00:00", "data": {"market": "0xf3eccc339323db0676738e78d7f47442feb23a5d379d8023f74b5d25895e1a26", "price_changes": [{"asset_id": "110235819947154328499387875920481176956297513114069970695287516686707153024869", "price": "0.03", "size": "0", "side": "BUY", "hash": "5c5dd7cb5488840b7d1e623a66f8a7d42e833a1e", "best_bid": "0.31", "best_ask": "0.42"}, {"asset_id": "17530713902603044125757289872480212103623079013818634835807864395004963048346", "price": "0.97", "size": "0", "side": "SELL", "hash": "79a341d3f11c4d6fc570f6907a8da8ea27bf822a", "best_bid": "0.58", "best_ask": "0.69"}], "timestamp": "1769384728470", "event_type": "price_change"}}
{"_local_timestamp": "2026-01-25T23:45:31.354733+00:00", "data": {"market": "0xf21468031abfc62aab279451b55909f1ff3b7d9fa467cc03f7772db7901dc0de", "price_changes": [{"asset_id": "58415962039260763296864127629175407898456935938373964769648785657031071549288", "price": "0.01", "size": "11253.63", "side": "BUY", "hash": "4f41b7169557cee72104e6669c6567a929f2d0d8", "best_bid": "0.04", "best_ask": "0.95"}, {"asset_id": "76630576861944765413506128741840827685262842411745127460503614840988645423562", "price": "0.99", "size": "11253.63", "side": "SELL", "hash": "00a684c60425c492b643aff945f81e3ef3acc76c", "best_bid": "0.05", "best_ask": "0.96"}], "timestamp": "1769384731284", "event_type": "price_change"}}
{"_local_timestamp": "2026-01-25T23:45:31.355621+00:00", "data": {"market": "0xf3eccc339323db0676738e78d7f47442feb23a5d379d8023f74b5d25895e1a26", "price_changes": [{"asset_id": "110235819947154328499387875920481176956297513114069970695287516686707153024869", "price": "0.03", "size": "31.6", "side": "BUY", "hash": "b32c315d56609eb895cbd857031afc93bfc2a55e", "best_bid": "0.31", "best_ask": "0.42"}, {"asset_id": "17530713902603044125757289872480212103623079013818634835807864395004963048346", "price": "0.97", "size": "31.6", "side": "SELL", "hash": "2e1c351b5c4d41e59de3538f5c43ad4e2c30d213", "best_bid": "0.58", "best_ask": "0.69"}], "timestamp": "1769384731285", "event_type": "price_change"}}
{"_local_timestamp": "2026-01-25T23:45:31.355987+00:00", "data": {"market": "0xf21468031abfc62aab279451b55909f1ff3b7d9fa467cc03f7772db7901dc0de", "price_changes": [{"asset_id": "58415962039260763296864127629175407898456935938373964769648785657031071549288", "price": "0.02", "size": "905.17", "side": "BUY", "hash": "4924e25e33e4aa8c03296559729235f18007db3d", "best_bid": "0.04", "best_ask": "0.95"}, {"asset_id": "76630576861944765413506128741840827685262842411745127460503614840988645423562", "price": "0.98", "size": "905.17", "side": "SELL", "hash": "d0cec10f24674e7377331646bd73831909df2d77", "best_bid": "0.05", "best_ask": "0.96"}], "timestamp": "1769384731285", "event_type": "price_change"}}
{"_local_timestamp": "2026-01-25T23:46:27.745440+00:00", "data": {"market": "0x1baca8338e2b25ca1cf132612516ac229a3bb0854b9f912edf2094321a1e7682", "price_changes": [{"asset_id": "96939983979358494409124696452963316471791524314176669493728080115998612165684", "price": "0.53", "size": "500", "side": "BUY", "hash": "c017df737b670ff711b96f6683ce146d1f96f771", "best_bid": "0.53", "best_ask": "0.95"}, {"asset_id": "44624636737386069107481745579901218895720830797355610884133049251532864861970", "price": "0.47", "size": "500", "side": "SELL", "hash": "d1757712ff118c9a8e01f6bcb2a58208c6ea1293", "best_bid": "0.05", "best_ask": "0.47"}], "timestamp": "1769384787660", "event_type": "price_change"}}
{"_local_timestamp": "2026-01-25T23:46:27.747012+00:00", "data": {"market": "0xf3eccc339323db0676738e78d7f47442feb23a5d379d8023f74b5d25895e1a26", "price_changes": [{"asset_id": "110235819947154328499387875920481176956297513114069970695287516686707153024869", "price": "0.33", "size": "1000", "side": "BUY", "hash": "441a53acd23bd92c34e812d98882012857642d2e", "best_bid": "0.33", "best_ask": "0.42"}, {"asset_id": "17530713902603044125757289872480212103623079013818634835807864395004963048346", "price": "0.67", "size": "1000", "side": "SELL", "hash": "960ea3461d50931e3165012c104ddc89ed8ee367", "best_bid": "0.58", "best_ask": "0.67"}], "timestamp": "1769384787662", "event_type": "price_change"}}
{"_local_timestamp": "2026-01-25T23:46:27.779824+00:00", "data": {"market": "0xef5c5969a92073bb331d390a8fd253247e55db495dd0d282bebcd213fc9e98f9", "price_changes": [{"asset_id": "24785562735989416010826268425089148929312550693817152898319391113116435314213", "price": "0.49", "size": "500", "side": "BUY", "hash": "123786ef121536da60e9c0965f05097f69fdbf8a", "best_bid": "0.49", "best_ask": "0.95"}, {"asset_id": "111408097440170058305299086416986717861661628547278416005231349202740096264137", "price": "0.51", "size": "500", "side": "SELL", "hash": "9311fea1c39c808078ab71b03f050c221b59075f", "best_bid": "0.05", "best_ask": "0.51"}], "timestamp": "1769384787693", "event_type": "price_change"}}
{"_local_timestamp": "2026-01-25T23:46:27.780274+00:00", "data": {"market": "0x1baca8338e2b25ca1cf132612516ac229a3bb0854b9f912edf2094321a1e7682", "price_changes": [{"asset_id": "44624636737386069107481745579901218895720830797355610884133049251532864861970", "price": "0.37", "size": "500", "side": "BUY", "hash": "9dae6d8fe99e7b5552ec7bb162cfd2f1d3cd955e", "best_bid": "0.37", "best_ask": "0.47"}, {"asset_id": "96939983979358494409124696452963316471791524314176669493728080115998612165684", "price": "0.63", "size": "500", "side": "SELL", "hash": "4c2a73c04843a3033f845f946019513e5c31d98d", "best_bid": "0.53", "best_ask": "0.63"}], "timestamp": "1769384787698", "event_type": "price_change"}}
{"_local_timestamp": "2026-01-25T23:46:27.789014+00:00", "data": {"market": "0xef5c5969a92073bb331d390a8fd253247e55db495dd0d282bebcd213fc9e98f9", "price_changes": [{"asset_id": "111408097440170058305299086416986717861661628547278416005231349202740096264137", "price": "0.41", "size": "500", "side": "BUY", "hash": "58df89135d43b2640e397ea6c47671f4bafcdcc7", "best_bid": "0.41", "best_ask": "0.51"}, {"asset_id": "24785562735989416010826268425089148929312550693817152898319391113116435314213", "price": "0.59", "size": "500", "side": "SELL", "hash": "a14a022055f5f43ebaaac552bb295df4f4ed8f4c", "best_bid": "0.49", "best_ask": "0.59"}], "timestamp": "1769384787701", "event_type": "price_change"}}
{"_local_timestamp": "2026-01-25T23:46:27.789434+00:00", "data": {"market": "0xf21468031abfc62aab279451b55909f1ff3b7d9fa467cc03f7772db7901dc0de", "price_changes": [{"asset_id": "58415962039260763296864127629175407898456935938373964769648785657031071549288", "price": "0.53", "size": "500", "side": "BUY", "hash": "59dc056d517760695caabe0be35b68f019364e4b", "best_bid": "0.53", "best_ask": "0.95"}, {"asset_id": "76630576861944765413506128741840827685262842411745127460503614840988645423562", "price": "0.47", "size": "500", "side": "SELL", "hash": "a7c35540520d0ffcbcdcc4511d56a9a4f544341e", "best_bid": "0.05", "best_ask": "0.47"}], "timestamp": "1769384787707", "event_type": "price_change"}}
{"_local_timestamp": "2026-01-25T23:46:27.795232+00:00", "data": {"market": "0xf3eccc339323db0676738e78d7f47442feb23a5d379d8023f74b5d25895e1a26", "price_changes": [{"asset_id": "17530713902603044125757289872480212103623079013818634835807864395004963048346", "price": "0.56", "size": "1000", "side": "BUY", "hash": "a96e4c25aa882a3db48282afe2df8de0ad3ed08f", "best_bid": "0.58", "best_ask": "0.67"}, {"asset_id": "110235819947154328499387875920481176956297513114069970695287516686707153024869", "price": "0.44", "size": "1000", "side": "SELL", "hash": "2c243979a1a9d88593065c646c0c5835fc2ff39c", "best_bid": "0.33", "best_ask": "0.42"}], "timestamp": "1769384787717", "event_type": "price_change"}}
{"_local_timestamp": "2026-01-25T23:46:27.804936+00:00", "data": {"market": "0xf21468031abfc62aab279451b55909f1ff3b7d9fa467cc03f7772db7901dc0de", "price_changes": [{"asset_id": "76630576861944765413506128741840827685262842411745127460503614840988645423562", "price": "0.37", "size": "500", "side": "BUY", "hash": "40b82e31a46b49b243e337d50d023be193e980fd", "best_bid": "0.37", "best_ask": "0.47"}, {"asset_id": "58415962039260763296864127629175407898456935938373964769648785657031071549288", "price": "0.63", "size": "500", "side": "SELL", "hash": "6c8b2bf1a33293fde509f969635e51793ef27376", "best_bid": "0.53", "best_ask": "0.63"}], "timestamp": "1769384787720", "event_type": "price_change"}}
{"_local_timestamp": "2026-01-25T23:46:27.904963+00:00", "data": {"market": "0xf3eccc339323db0676738e78d7f47442feb23a5d379d8023f74b5d25895e1a26", "price_changes": [{"asset_id": "17530713902603044125757289872480212103623079013818634835807864395004963048346", "price": "0.57", "size": "890.11", "side": "BUY", "hash": "0bcf4180146f03f9858d9cad50d65a243ed86fd2", "best_bid": "0.58", "best_ask": "0.67"}, {"asset_id": "110235819947154328499387875920481176956297513114069970695287516686707153024869", "price": "0.43", "size": "890.11", "side": "SELL", "hash": "299b51850465e60f38566d8535e73f3c702f907a", "best_bid": "0.33", "best_ask": "0.42"}], "timestamp": "1769384787797", "event_type": "price_change"}}
{"_local_timestamp": "2026-01-25T23:46:27.905725+00:00", "data": {"market": "0xf21468031abfc62aab279451b55909f1ff3b7d9fa467cc03f7772db7901dc0de", "price_changes": [{"asset_id": "58415962039260763296864127629175407898456935938373964769648785657031071549288", "price": "0.54", "size": "890.11", "side": "BUY", "hash": "e82ca2d677836fc69d4eb69fcc1baad5affc7eb0", "best_bid": "0.54", "best_ask": "0.63"}, {"asset_id": "76630576861944765413506128741840827685262842411745127460503614840988645423562", "price": "0.46", "size": "890.11", "side": "SELL", "hash": "edb6cf19817ea702813aab81d19d8f4de6cb2b69", "best_bid": "0.37", "best_ask": "0.46"}], "timestamp": "1769384787797", "event_type": "price_change"}}
{"_local_timestamp": "2026-01-25T23:46:27.906124+00:00", "data": {"market": "0x1baca8338e2b25ca1cf132612516ac229a3bb0854b9f912edf2094321a1e7682", "price_changes": [{"asset_id": "96939983979358494409124696452963316471791524314176669493728080115998612165684", "price": "0.54", "size": "890.11", "side": "BUY", "hash": "da02cc057ee2a5e1eadea202c6ccd2147e4d17a9", "best_bid": "0.54", "best_ask": "0.63"}, {"asset_id": "44624636737386069107481745579901218895720830797355610884133049251532864861970", "price": "0.46", "size": "890.11", "side": "SELL", "hash": "cccfb07c2923278f03fe523c839d3543c1960fc5", "best_bid": "0.37", "best_ask": "0.46"}], "timestamp": "1769384787797", "event_type": "price_change"}}
{"_local_timestamp": "2026-01-25T23:46:27.906449+00:00", "data": {"market": "0xef5c5969a92073bb331d390a8fd253247e55db495dd0d282bebcd213fc9e98f9", "price_changes": [{"asset_id": "111408097440170058305299086416986717861661628547278416005231349202740096264137", "price": "0.42", "size": "890.11", "side": "BUY", "hash": "554c6b09cc2bf3a21e8664ceaeac1d5ba79abdbb", "best_bid": "0.42", "best_ask": "0.51"}, {"asset_id": "24785562735989416010826268425089148929312550693817152898319391113116435314213", "price": "0.58", "size": "890.11", "side": "SELL", "hash": "ff8887f6cb0468b4c6f444c6dcdec7b01cfd7ac9", "best_bid": "0.49", "best_ask": "0.58"}], "timestamp": "1769384787797", "event_type": "price_change"}}
{"_local_timestamp": "2026-01-25T23:46:27.906763+00:00", "data": {"market": "0xf21468031abfc62aab279451b55909f1ff3b7d9fa467cc03f7772db7901dc0de", "price_changes": [{"asset_id": "58415962039260763296864127629175407898456935938373964769648785657031071549288", "price": "0.53", "size": "1390.11", "side": "BUY", "hash": "afd90975178c1cffdaeb9b8973336c3f64228037", "best_bid": "0.54", "best_ask": "0.63"}, {"asset_id": "76630576861944765413506128741840827685262842411745127460503614840988645423562", "price": "0.47", "size": "1390.11", "side": "SELL", "hash": "66735f6e08707cad92fe9f83d1aab059c687ce2e", "best_bid": "0.37", "best_ask": "0.46"}], "timestamp": "1769384787799", "event_type": "price_change"}}
{"_local_timestamp": "2026-01-25T23:46:27.907076+00:00", "data": {"market": "0xf3eccc339323db0676738e78d7f47442feb23a5d379d8023f74b5d25895e1a26", "price_changes": [{"asset_id": "17530713902603044125757289872480212103623079013818634835807864395004963048346", "price": "0.56", "size": "1890.11", "side": "BUY", "hash": "5c7cc00a75e31cef26b6aa12532654504a54daff", "best_bid": "0.58", "best_ask": "0.67"}, {"asset_id": "110235819947154328499387875920481176956297513114069970695287516686707153024869", "price": "0.44", "size": "1890.11", "side": "SELL", "hash": "c9e92505ba273bd7136a8a86074c712538e9d10f", "best_bid": "0.33", "best_ask": "0.42"}], "timestamp": "1769384787800", "event_type": "price_change"}}
{"_local_timestamp": "2026-01-25T23:46:27.907389+00:00", "data": {"market": "0x1baca8338e2b25ca1cf132612516ac229a3bb0854b9f912edf2094321a1e7682", "price_changes": [{"asset_id": "96939983979358494409124696452963316471791524314176669493728080115998612165684", "price": "0.53", "size": "1390.11", "side": "BUY", "hash": "4d9a343788dc1abfc295f9a7486680a231113314", "best_bid": "0.54", "best_ask": "0.63"}, {"asset_id": "44624636737386069107481745579901218895720830797355610884133049251532864861970", "price": "0.47", "size": "1390.11", "side": "SELL", "hash": "0f17b4250f308549b4a6f7467092435f01a8493f", "best_bid": "0.37", "best_ask": "0.46"}], "timestamp": "1769384787801", "event_type": "price_change"}}
{"_local_timestamp": "2026-01-25T23:46:27.907717+00:00", "data": {"market": "0xef5c5969a92073bb331d390a8fd253247e55db495dd0d282bebcd213fc9e98f9", "price_changes": [{"asset_id": "111408097440170058305299086416986717861661628547278416005231349202740096264137", "price": "0.41", "size": "1390.11", "side": "BUY", "hash": "2c79ad2ed436525f72b2f187cb58e866d4981c67", "best_bid": "0.42", "best_ask": "0.51"}, {"asset_id": "24785562735989416010826268425089148929312550693817152898319391113116435314213", "price": "0.59", "size": "1390.11", "side": "SELL", "hash": "d591def7a40f0949d1f803fa7a49fd72351e86f7", "best_bid": "0.49", "best_ask": "0.58"}], "timestamp": "1769384787801", "event_type": "price_change"}}
{"_local_timestamp": "2026-01-25T23:46:28.835029+00:00", "data": {"market": "0x1baca8338e2b25ca1cf132612516ac229a3bb0854b9f912edf2094321a1e7682", "price_changes": [{"asset_id": "44624636737386069107481745579901218895720830797355610884133049251532864861970", "price": "0.05", "size": "10.47", "side": "BUY", "hash": "492f8ce6dd7aad266155e029a09be880372d3483", "best_bid": "0.37", "best_ask": "0.46"}, {"asset_id": "96939983979358494409124696452963316471791524314176669493728080115998612165684", "price": "0.95", "size": "10.47", "side": "SELL", "hash": "fc822a6537e1b8017e950560310082630fb49ae6", "best_bid": "0.54", "best_ask": "0.63"}], "timestamp": "1769384788740", "event_type": "price_change"}}
{"_local_timestamp": "2026-01-25T23:46:28.839309+00:00", "data": {"market": "0xef5c5969a92073bb331d390a8fd253247e55db495dd0d282bebcd213fc9e98f9", "price_changes": [{"asset_id": "111408097440170058305299086416986717861661628547278416005231349202740096264137", "price": "0.05", "size": "10.47", "side": "BUY", "hash": "763c06d128c3c318a9295ee5432f46a0ae844986", "best_bid": "0.42", "best_ask": "0.51"}, {"asset_id": "24785562735989416010826268425089148929312550693817152898319391113116435314213", "price": "0.95", "size": "10.47", "side": "SELL", "hash": "a8957287c48c8600d841208feb1a8eda64767855", "best_bid": "0.49", "best_ask": "0.58"}], "timestamp": "1769384788740", "event_type": "price_change"}}
{"_local_timestamp": "2026-01-25T23:46:28.839688+00:00", "data": {"market": "0xf21468031abfc62aab279451b55909f1ff3b7d9fa467cc03f7772db7901dc0de", "price_changes": [{"asset_id": "58415962039260763296864127629175407898456935938373964769648785657031071549288", "price": "0.04", "size": "36.24", "side": "BUY", "hash": "04930c19fdcf73fba5b3939c59ee89cd05ca7e3a", "best_bid": "0.54", "best_ask": "0.63"}, {"asset_id": "76630576861944765413506128741840827685262842411745127460503614840988645423562", "price": "0.96", "size": "36.24", "side": "SELL", "hash": "9af0877b00adf526380bb15b16a096aef78e0663", "best_bid": "0.37", "best_ask": "0.46"}], "timestamp": "1769384788740", "event_type": "price_change"}}
{"_local_timestamp": "2026-01-25T23:46:28.876951+00:00", "data": {"market": "0xef5c5969a92073bb331d390a8fd253247e55db495dd0d282bebcd213fc9e98f9", "price_changes": [{"asset_id": "24785562735989416010826268425089148929312550693817152898319391113116435314213", "price": "0.03", "size": "48.32", "side": "BUY", "hash": "29d106c762597071492a2cf03d59c74c081ea574", "best_bid": "0.49", "best_ask": "0.58"}, {"asset_id": "111408097440170058305299086416986717861661628547278416005231349202740096264137", "price": "0.97", "size": "48.32", "side": "SELL", "hash": "9733e64a548fcb2b550f8742c35235eb6f54e88c", "best_bid": "0.42", "best_ask": "0.51"}], "timestamp": "1769384788741", "event_type": "price_change"}}
{"_local_timestamp": "2026-01-25T23:46:28.877335+00:00", "data": {"market": "0x1baca8338e2b25ca1cf132612516ac229a3bb0854b9f912edf2094321a1e7682", "price_changes": [{"asset_id": "96939983979358494409124696452963316471791524314176669493728080115998612165684", "price": "0.04", "size": "36.24", "side": "BUY", "hash": "7b0cb5d8cb8f62922c0bd1d93875ecc1516529a1", "best_bid": "0.54", "best_ask": "0.63"}, {"asset_id": "44624636737386069107481745579901218895720830797355610884133049251532864861970", "price": "0.96", "size": "36.24", "side": "SELL", "hash": "4d7637c50d9bf9d2f9cbc15c2e994d5c9a36296c", "best_bid": "0.37", "best_ask": "0.46"}], "timestamp": "1769384788742", "event_type": "price_change"}}
{"_local_timestamp": "2026-01-25T23:46:28.877795+00:00", "data": {"market": "0xf21468031abfc62aab279451b55909f1ff3b7d9fa467cc03f7772db7901dc0de", "price_changes": [{"asset_id": "76630576861944765413506128741840827685262842411745127460503614840988645423562", "price": "0.05", "size": "10.47", "side": "BUY", "hash": "eae320553c190dfe527f86bbbd4efb23454e4631", "best_bid": "0.37", "best_ask": "0.46"}, {"asset_id": "58415962039260763296864127629175407898456935938373964769648785657031071549288", "price": "0.95", "size": "10.47", "side": "SELL", "hash": "c0e52547a29bcf584c2544a0ce809ee5f455d2dc", "best_bid": "0.54", "best_ask": "0.63"}], "timestamp": "1769384788741", "event_type": "price_change"}}
{"_local_timestamp": "2026-01-25T23:46:29.013968+00:00", "data": {"market": "0xef5c5969a92073bb331d390a8fd253247e55db495dd0d282bebcd213fc9e98f9", "price_changes": [{"asset_id": "111408097440170058305299086416986717861661628547278416005231349202740096264137", "price": "0.05", "size": "5.47", "side": "BUY", "hash": "ad37058a047457bd3323b8277f12a24618e1d374", "best_bid": "0.42", "best_ask": "0.51"}, {"asset_id": "24785562735989416010826268425089148929312550693817152898319391113116435314213", "price": "0.95", "size": "5.47", "side": "SELL", "hash": "5fc2321aa28282f358c9235f3474dee553fb802a", "best_bid": "0.49", "best_ask": "0.58"}], "timestamp": "1769384788917", "event_type": "price_change"}}
{"_local_timestamp": "2026-01-25T23:46:29.014427+00:00", "data": {"market": "0x1baca8338e2b25ca1cf132612516ac229a3bb0854b9f912edf2094321a1e7682", "price_changes": [{"asset_id": "44624636737386069107481745579901218895720830797355610884133049251532864861970", "price": "0.05", "size": "5.47", "side": "BUY", "hash": "b89c3b4dea631cff6472713f2d16865a77aa817c", "best_bid": "0.37", "best_ask": "0.46"}, {"asset_id": "96939983979358494409124696452963316471791524314176669493728080115998612165684", "price": "0.95", "size": "5.47", "side": "SELL", "hash": "41b27f0caac48c2fca3cb868b43512149bef1a4b", "best_bid": "0.54", "best_ask": "0.63"}], "timestamp": "1769384788917", "event_type": "price_change"}}
{"_local_timestamp": "2026-01-25T23:46:29.014793+00:00", "data": {"market": "0xf21468031abfc62aab279451b55909f1ff3b7d9fa467cc03f7772db7901dc0de", "price_changes": [{"asset_id": "76630576861944765413506128741840827685262842411745127460503614840988645423562", "price": "0.05", "size": "5.47", "side": "BUY", "hash": "cb690d531f2264f93692486e8d567a961411f747", "best_bid": "0.37", "best_ask": "0.46"}, {"asset_id": "58415962039260763296864127629175407898456935938373964769648785657031071549288", "price": "0.95", "size": "5.47", "side": "SELL", "hash": "054dd1969a4d71598f8ff9f1ed60de5966421520", "best_bid": "0.54", "best_ask": "0.63"}], "timestamp": "1769384788917", "event_type": "price_change"}}
{"_local_timestamp": "2026-01-25T23:46:29.015152+00:00", "data": {"market": "0x1baca8338e2b25ca1cf132612516ac229a3bb0854b9f912edf2094321a1e7682", "price_changes": [{"asset_id": "96939983979358494409124696452963316471791524314176669493728080115998612165684", "price": "0.04", "size": "29.99", "side": "BUY", "hash": "89a1c7ef1caa9bc8657de456b4819942adc5fc34", "best_bid": "0.54", "best_ask": "0.63"}, {"asset_id": "44624636737386069107481745579901218895720830797355610884133049251532864861970", "price": "0.96", "size": "29.99", "side": "SELL", "hash": "46e4ed3dae5ed528c8cb0e61a78c0efcbba1afff", "best_bid": "0.37", "best_ask": "0.46"}], "timestamp": "1769384788918", "event_type": "price_change"}}
{"_local_timestamp": "2026-01-25T23:46:29.019688+00:00", "data": {"market": "0xef5c5969a92073bb331d390a8fd253247e55db495dd0d282bebcd213fc9e98f9", "price_changes": [{"asset_id": "24785562735989416010826268425089148929312550693817152898319391113116435314213", "price": "0.03", "size": "39.99", "side": "BUY", "hash": "ed40d9fbab291cfa77020a65fa998736d90d26dd", "best_bid": "0.49", "best_ask": "0.58"}, {"asset_id": "111408097440170058305299086416986717861661628547278416005231349202740096264137", "price": "0.97", "size": "39.99", "side": "SELL", "hash": "2ea3b4066ac5007c2aa9d632b29bd6dbe90d47f7", "best_bid": "0.42", "best_ask": "0.51"}], "timestamp": "1769384788918", "event_type": "price_change"}}
{"_local_timestamp": "2026-01-25T23:46:29.021727+00:00", "data": {"market": "0xf21468031abfc62aab279451b55909f1ff3b7d9fa467cc03f7772db7901dc0de", "price_changes": [{"asset_id": "58415962039260763296864127629175407898456935938373964769648785657031071549288", "price": "0.04", "size": "29.99", "side": "BUY", "hash": "8968ac2e93fc613b6702a82d248b54ffaf216eb7", "best_bid": "0.54", "best_ask": "0.63"}, {"asset_id": "76630576861944765413506128741840827685262842411745127460503614840988645423562", "price": "0.96", "size": "29.99", "side": "SELL", "hash": "22d8a2536a630e8712f24ad7766ac70ac73c1762", "best_bid": "0.37", "best_ask": "0.46"}], "timestamp": "1769384788920", "event_type": "price_change"}}
{"_local_timestamp": "2026-01-25T23:46:30.306695+00:00", "data": {"market": "0xf21468031abfc62aab279451b55909f1ff3b7d9fa467cc03f7772db7901dc0de", "price_changes": [{"asset_id": "76630576861944765413506128741840827685262842411745127460503614840988645423562", "price": "0.05", "size": "0", "side": "BUY", "hash": "12c0ccecf99a0c09d5d4bacbaf911215787d97cc", "best_bid": "0.37", "best_ask": "0.46"}, {"asset_id": "58415962039260763296864127629175407898456935938373964769648785657031071549288", "price": "0.95", "size": "0", "side": "SELL", "hash": "4b0e7a464493dad190ac419327ad44de605e7673", "best_bid": "0.54", "best_ask": "0.63"}], "timestamp": "1769384790227", "event_type": "price_change"}}
{"_local_timestamp": "2026-01-25T23:46:30.307142+00:00", "data": {"market": "0x1baca8338e2b25ca1cf132612516ac229a3bb0854b9f912edf2094321a1e7682", "price_changes": [{"asset_id": "44624636737386069107481745579901218895720830797355610884133049251532864861970", "price": "0.05", "size": "0", "side": "BUY", "hash": "4e95a81fdb58e6f7043834c30935e37c44d10a32", "best_bid": "0.37", "best_ask": "0.46"}, {"asset_id": "96939983979358494409124696452963316471791524314176669493728080115998612165684", "price": "0.95", "size": "0", "side": "SELL", "hash": "819b5cc24351b44266c8509e6ffaeee631b95ce8", "best_bid": "0.54", "best_ask": "0.63"}], "timestamp": "1769384790227", "event_type": "price_change"}}
{"_local_timestamp": "2026-01-25T23:46:30.307531+00:00", "data": {"market": "0xef5c5969a92073bb331d390a8fd253247e55db495dd0d282bebcd213fc9e98f9", "price_changes": [{"asset_id": "111408097440170058305299086416986717861661628547278416005231349202740096264137", "price": "0.05", "size": "0", "side": "BUY", "hash": "b04a0eaca8736dde07244ff5d5684959d6efb525", "best_bid": "0.42", "best_ask": "0.51"}, {"asset_id": "24785562735989416010826268425089148929312550693817152898319391113116435314213", "price": "0.95", "size": "0", "side": "SELL", "hash": "8692d2a921430f24f5763286eca2710bf34a6f9b", "best_bid": "0.49", "best_ask": "0.58"}], "timestamp": "1769384790227", "event_type": "price_change"}}
{"_local_timestamp": "2026-01-25T23:46:30.347362+00:00", "data": {"market": "0xf21468031abfc62aab279451b55909f1ff3b7d9fa467cc03f7772db7901dc0de", "price_changes": [{"asset_id": "58415962039260763296864127629175407898456935938373964769648785657031071549288", "price": "0.01", "size": "10363.52", "side": "BUY", "hash": "1b09beed5fb3ff0cc7503f21a5a22d7cc16fbb33", "best_bid": "0.54", "best_ask": "0.63"}, {"asset_id": "76630576861944765413506128741840827685262842411745127460503614840988645423562", "price": "0.99", "size": "10363.52", "side": "SELL", "hash": "738451e8186f1749a1be8c83c22d633669af2acb", "best_bid": "0.37", "best_ask": "0.46"}], "timestamp": "1769384790269", "event_type": "price_change"}}
{"_local_timestamp": "2026-01-25T23:46:30.348872+00:00", "data": {"market": "0xf21468031abfc62aab279451b55909f1ff3b7d9fa467cc03f7772db7901dc0de", "price_changes": [{"asset_id": "58415962039260763296864127629175407898456935938373964769648785657031071549288", "price": "0.02", "size": "15.06", "side": "BUY", "hash": "1b09beed5fb3ff0cc7503f21a5a22d7cc16fbb33", "best_bid": "0.54", "best_ask": "0.63"}, {"asset_id": "76630576861944765413506128741840827685262842411745127460503614840988645423562", "price": "0.98", "size": "15.06", "side": "SELL", "hash": "738451e8186f1749a1be8c83c22d633669af2acb", "best_bid": "0.37", "best_ask": "0.46"}], "timestamp": "1769384790269", "event_type": "price_change"}}
{"_local_timestamp": "2026-01-25T23:46:30.349270+00:00", "data": {"market": "0x1baca8338e2b25ca1cf132612516ac229a3bb0854b9f912edf2094321a1e7682", "price_changes": [{"asset_id": "96939983979358494409124696452963316471791524314176669493728080115998612165684", "price": "0.01", "size": "10357.07", "side": "BUY", "hash": "1853440171fb008d7086c45888b90f71ff6adb14", "best_bid": "0.54", "best_ask": "0.63"}, {"asset_id": "44624636737386069107481745579901218895720830797355610884133049251532864861970", "price": "0.99", "size": "10357.07", "side": "SELL", "hash": "3f597c143645a5629ebd845ba50235cac16c00f9", "best_bid": "0.37", "best_ask": "0.46"}], "timestamp": "1769384790269", "event_type": "price_change"}}
{"_local_timestamp": "2026-01-25T23:46:30.349653+00:00", "data": {"market": "0xef5c5969a92073bb331d390a8fd253247e55db495dd0d282bebcd213fc9e98f9", "price_changes": [{"asset_id": "111408097440170058305299086416986717861661628547278416005231349202740096264137", "price": "0.01", "size": "10306.74", "side": "BUY", "hash": "8504b8e07c7205559e2514d98690b3a1db0a5c28", "best_bid": "0.42", "best_ask": "0.51"}, {"asset_id": "24785562735989416010826268425089148929312550693817152898319391113116435314213", "price": "0.99", "size": "10306.74", "side": "SELL", "hash": "8b8df10a52f0da2ba231c343a9801572abe6a397", "best_bid": "0.49", "best_ask": "0.58"}], "timestamp": "1769384790269", "event_type": "price_change"}}
{"_local_timestamp": "2026-01-25T23:46:30.350025+00:00", "data": {"market": "0x1baca8338e2b25ca1cf132612516ac229a3bb0854b9f912edf2094321a1e7682", "price_changes": [{"asset_id": "96939983979358494409124696452963316471791524314176669493728080115998612165684", "price": "0.02", "size": "9.82", "side": "BUY", "hash": "1853440171fb008d7086c45888b90f71ff6adb14", "best_bid": "0.54", "best_ask": "0.63"}, {"asset_id": "44624636737386069107481745579901218895720830797355610884133049251532864861970", "price": "0.98", "size": "9.82", "side": "SELL", "hash": "3f597c143645a5629ebd845ba50235cac16c00f9", "best_bid": "0.37", "best_ask": "0.46"}], "timestamp": "1769384790269", "event_type": "price_change"}}
{"_local_timestamp": "2026-01-25T23:46:30.350405+00:00", "data": {"market": "0x1baca8338e2b25ca1cf132612516ac229a3bb0854b9f912edf2094321a1e7682", "price_changes": [{"asset_id": "44624636737386069107481745579901218895720830797355610884133049251532864861970", "price": "0.01", "size": "10354.42", "side": "BUY", "hash": "bb025cc18c45a19f4f17db0e243592040fa77f11", "best_bid": "0.37", "best_ask": "0.46"}, {"asset_id": "96939983979358494409124696452963316471791524314176669493728080115998612165684", "price": "0.99", "size": "10354.42", "side": "SELL", "hash": "548cabb01d147715368757a2c52cf7bbbcbfd9c5", "best_bid": "0.54", "best_ask": "0.63"}], "timestamp": "1769384790269", "event_type": "price_change"}}
{"_local_timestamp": "2026-01-25T23:46:30.350770+00:00", "data": {"market": "0xf21468031abfc62aab279451b55909f1ff3b7d9fa467cc03f7772db7901dc0de", "price_changes": [{"asset_id": "76630576861944765413506128741840827685262842411745127460503614840988645423562", "price": "0.01", "size": "10355.24", "side": "BUY", "hash": "bfc3ac8161ab09057878abe1d235c68ed0da4efe", "best_bid": "0.37", "best_ask": "0.46"}, {"asset_id": "58415962039260763296864127629175407898456935938373964769648785657031071549288", "price": "0.99", "size": "10355.24", "side": "SELL", "hash": "2bb8bf201c1af34e00460f453fe1591cd64a91e5", "best_bid": "0.54", "best_ask": "0.63"}], "timestamp": "1769384790269", "event_type": "price_change"}}
{"_local_timestamp": "2026-01-25T23:46:30.444329+00:00", "data": {"market": "0xf21468031abfc62aab279451b55909f1ff3b7d9fa467cc03f7772db7901dc0de", "price_changes": [{"asset_id": "76630576861944765413506128741840827685262842411745127460503614840988645423562", "price": "0.02", "size": "8.94", "side": "BUY", "hash": "bfc3ac8161ab09057878abe1d235c68ed0da4efe", "best_bid": "0.37", "best_ask": "0.46"}, {"asset_id": "58415962039260763296864127629175407898456935938373964769648785657031071549288", "price": "0.98", "size": "8.94", "side": "SELL", "hash": "2bb8bf201c1af34e00460f453fe1591cd64a91e5", "best_bid": "0.54", "best_ask": "0.63"}], "timestamp": "1769384790269", "event_type": "price_change"}}
{"_local_timestamp": "2026-01-25T23:46:30.593077+00:00", "data": {"market": "0x1baca8338e2b25ca1cf132612516ac229a3bb0854b9f912edf2094321a1e7682", "price_changes": [{"asset_id": "44624636737386069107481745579901218895720830797355610884133049251532864861970", "price": "0.02", "size": "931.11", "side": "BUY", "hash": "f300c322c430054525c49bc16b31de7c5f110cd2", "best_bid": "0.37", "best_ask": "0.46"}, {"asset_id": "96939983979358494409124696452963316471791524314176669493728080115998612165684", "price": "0.98", "size": "931.11", "side": "SELL", "hash": "35e07a8564419e6fbfe8fc1dcfae1341a826caea", "best_bid": "0.54", "best_ask": "0.63"}], "timestamp": "1769384790477", "event_type": "price_change"}}
{"_local_timestamp": "2026-01-25T23:46:30.593564+00:00", "data": {"market": "0xf21468031abfc62aab279451b55909f1ff3b7d9fa467cc03f7772db7901dc0de", "price_changes": [{"asset_id": "76630576861944765413506128741840827685262842411745127460503614840988645423562", "price": "0.03", "size": "911.21", "side": "BUY", "hash": "dc5d666577379a7623347ef2c325822d5a0d4549", "best_bid": "0.37", "best_ask": "0.46"}, {"asset_id": "58415962039260763296864127629175407898456935938373964769648785657031071549288", "price": "0.97", "size": "911.21", "side": "SELL", "hash": "6f434273f8ba6905f0c6233f596eafd0b559d4ba", "best_bid": "0.54", "best_ask": "0.63"}], "timestamp": "1769384790477", "event_type": "price_change"}}
{"_local_timestamp": "2026-01-25T23:46:30.593973+00:00", "data": {"market": "0xf21468031abfc62aab279451b55909f1ff3b7d9fa467cc03f7772db7901dc0de", "price_changes": [{"asset_id": "76630576861944765413506128741840827685262842411745127460503614840988645423562", "price": "0.03", "size": "2908.32", "side": "BUY", "hash": "dd34b5f6d79df47d42e2680f01bd40359cd9a5f9", "best_bid": "0.37", "best_ask": "0.46"}, {"asset_id": "58415962039260763296864127629175407898456935938373964769648785657031071549288", "price": "0.97", "size": "2908.32", "side": "SELL", "hash": "d50b021a2170035e4e44cac4d920f62b401af355", "best_bid": "0.54", "best_ask": "0.63"}], "timestamp": "1769384790478", "event_type": "price_change"}}
{"_local_timestamp": "2026-01-25T23:46:30.594423+00:00", "data": {"market": "0xf21468031abfc62aab279451b55909f1ff3b7d9fa467cc03f7772db7901dc0de", "price_changes": [{"asset_id": "76630576861944765413506128741840827685262842411745127460503614840988645423562", "price": "0.03", "size": "4178.42", "side": "BUY", "hash": "6d685cdecbcdbef388d36b300755271a0670b4d7", "best_bid": "0.37", "best_ask": "0.46"}, {"asset_id": "58415962039260763296864127629175407898456935938373964769648785657031071549288", "price": "0.97", "size": "4178.42", "side": "SELL", "hash": "170f38da654c1cabf8a66c7dd031bbfbe763b187", "best_bid": "0.54", "best_ask": "0.63"}], "timestamp": "1769384790479", "event_type": "price_change"}}
{"_local_timestamp": "2026-01-25T23:46:37.630750+00:00", "data": {"market": "0xf3eccc339323db0676738e78d7f47442feb23a5d379d8023f74b5d25895e1a26", "price_changes": [{"asset_id": "17530713902603044125757289872480212103623079013818634835807864395004963048346", "price": "0.05", "size": "200", "side": "BUY", "hash": "45d674f38c3e7ab101a7c287dcbc9e1db96c8140", "best_bid": "0.58", "best_ask": "0.67"}, {"asset_id": "110235819947154328499387875920481176956297513114069970695287516686707153024869", "price": "0.95", "size": "200", "side": "SELL", "hash": "3eedd93652c423fea901d17e0a7fa6ebae995096", "best_bid": "0.33", "best_ask": "0.42"}], "timestamp": "1769384797366", "event_type": "price_change"}}
{"_local_timestamp": "2026-01-25T23:46:37.631288+00:00", "data": {"market": "0xf3eccc339323db0676738e78d7f47442feb23a5d379d8023f74b5d25895e1a26", "price_changes": [{"asset_id": "110235819947154328499387875920481176956297513114069970695287516686707153024869", "price": "0.02", "size": "5347.43", "side": "BUY", "hash": "2c73ee654f4b6478e16148586a55113a6b586873", "best_bid": "0.33", "best_ask": "0.42"}, {"asset_id": "17530713902603044125757289872480212103623079013818634835807864395004963048346", "price": "0.98", "size": "5347.43", "side": "SELL", "hash": "cd38bc429adb7addbf9cf920d44ce7395f43729d", "best_bid": "0.58", "best_ask": "0.67"}], "timestamp": "1769384797367", "event_type": "price_change"}}
{"_local_timestamp": "2026-01-25T23:46:37.631747+00:00", "data": {"market": "0xf3eccc339323db0676738e78d7f47442feb23a5d379d8023f74b5d25895e1a26", "price_changes": [{"asset_id": "110235819947154328499387875920481176956297513114069970695287516686707153024869", "price": "0.01", "size": "9674.4", "side": "BUY", "hash": "a26bbe81b7df6ed471ece156615a74244b488e4e", "best_bid": "0.33", "best_ask": "0.42"}, {"asset_id": "17530713902603044125757289872480212103623079013818634835807864395004963048346", "price": "0.99", "size": "9674.4", "side": "SELL", "hash": "a410056ecbcf264c4c1c2285ddb92a797eb00f70", "best_bid": "0.58", "best_ask": "0.67"}], "timestamp": "1769384797367", "event_type": "price_change"}}
{"_local_timestamp": "2026-01-25T23:46:37.636306+00:00", "data": {"market": "0xf3eccc339323db0676738e78d7f47442feb23a5d379d8023f74b5d25895e1a26", "price_changes": [{"asset_id": "17530713902603044125757289872480212103623079013818634835807864395004963048346", "price": "0.02", "size": "347.42", "side": "BUY", "hash": "7776ebe1cf71e942ff7eea691237d9986ebf5f0e", "best_bid": "0.58", "best_ask": "0.67"}, {"asset_id": "110235819947154328499387875920481176956297513114069970695287516686707153024869", "price": "0.98", "size": "347.42", "side": "SELL", "hash": "f16af9dcf59b68a9312cb89a552d11cccb8f1539", "best_bid": "0.33", "best_ask": "0.42"}], "timestamp": "1769384797368", "event_type": "price_change"}}
{"_local_timestamp": "2026-01-25T23:46:37.656683+00:00", "data": {"market": "0xf3eccc339323db0676738e78d7f47442feb23a5d379d8023f74b5d25895e1a26", "price_changes": [{"asset_id": "17530713902603044125757289872480212103623079013818634835807864395004963048346", "price": "0.01", "size": "11631.68", "side": "BUY", "hash": "b4431e8eaeffd1c8d4c96a9f2d16880dcda85a3b", "best_bid": "0.58", "best_ask": "0.67"}, {"asset_id": "110235819947154328499387875920481176956297513114069970695287516686707153024869", "price": "0.99", "size": "11631.68", "side": "SELL", "hash": "52815c07c1b6f3338384b843a7721d3710e0228a", "best_bid": "0.33", "best_ask": "0.42"}], "timestamp": "1769384797368", "event_type": "price_change"}}
{"_local_timestamp": "2026-01-25T23:46:37.701093+00:00", "data": {"market": "0xf3eccc339323db0676738e78d7f47442feb23a5d379d8023f74b5d25895e1a26", "price_changes": [{"asset_id": "17530713902603044125757289872480212103623079013818634835807864395004963048346", "price": "0.01", "size": "10741.57", "side": "BUY", "hash": "673d0a5a0c5804221ae0a1fbb73b8c8710a5740f", "best_bid": "0.58", "best_ask": "0.67"}, {"asset_id": "110235819947154328499387875920481176956297513114069970695287516686707153024869", "price": "0.99", "size": "10741.57", "side": "SELL", "hash": "6dc39f1799fa164b72c549a71aa807c69970303e", "best_bid": "0.33", "best_ask": "0.42"}], "timestamp": "1769384797426", "event_type": "price_change"}}
{"_local_timestamp": "2026-01-25T23:46:37.701644+00:00", "data": {"market": "0xf3eccc339323db0676738e78d7f47442feb23a5d379d8023f74b5d25895e1a26", "price_changes": [{"asset_id": "17530713902603044125757289872480212103623079013818634835807864395004963048346", "price": "0.02", "size": "1237.53", "side": "BUY", "hash": "a96cd0c6b8025377648585662e5b84a771b11a0f", "best_bid": "0.58", "best_ask": "0.67"}, {"asset_id": "110235819947154328499387875920481176956297513114069970695287516686707153024869", "price": "0.98", "size": "1237.53", "side": "SELL", "hash": "f27d30177717c0602974578f2037810cbb62bd1a", "best_bid": "0.33", "best_ask": "0.42"}], "timestamp": "1769384797430", "event_type": "price_change"}}
{"_local_timestamp": "2026-01-25T23:46:37.702164+00:00", "data": {"market": "0xf3eccc339323db0676738e78d7f47442feb23a5d379d8023f74b5d25895e1a26", "price_changes": [{"asset_id": "17530713902603044125757289872480212103623079013818634835807864395004963048346", "price": "0.02", "size": "2507.63", "side": "BUY", "hash": "75e814618ac49ab1873fba52c0a2b0be41788fb7", "best_bid": "0.58", "best_ask": "0.67"}, {"asset_id": "110235819947154328499387875920481176956297513114069970695287516686707153024869", "price": "0.98", "size": "2507.63", "side": "SELL", "hash": "459b47c997fdf0843c91597fa75965bff65e73b0", "best_bid": "0.33", "best_ask": "0.42"}], "timestamp": "1769384797431", "event_type": "price_change"}}
{"_local_timestamp": "2026-01-25T23:46:37.702673+00:00", "data": {"market": "0xf3eccc339323db0676738e78d7f47442feb23a5d379d8023f74b5d25895e1a26", "price_changes": [{"asset_id": "17530713902603044125757289872480212103623079013818634835807864395004963048346", "price": "0.02", "size": "4504.74", "side": "BUY", "hash": "503afa531f55d553dbbde80e201de08c78f57162", "best_bid": "0.58", "best_ask": "0.67"}, {"asset_id": "110235819947154328499387875920481176956297513114069970695287516686707153024869", "price": "0.98", "size": "4504.74", "side": "SELL", "hash": "caa1868326753b1eb7f15ba31bbe0169891df028", "best_bid": "0.33", "best_ask": "0.42"}], "timestamp": "1769384797432", "event_type": "price_change"}}
{"_local_timestamp": "2026-01-25T23:46:37.703126+00:00", "data": {"market": "0xf3eccc339323db0676738e78d7f47442feb23a5d379d8023f74b5d25895e1a26", "price_changes": [{"asset_id": "110235819947154328499387875920481176956297513114069970695287516686707153024869", "price": "0.03", "size": "921.71", "side": "BUY", "hash": "9152b71ee1de81cb20792cc1029f10bc8705e82f", "best_bid": "0.33", "best_ask": "0.42"}, {"asset_id": "17530713902603044125757289872480212103623079013818634835807864395004963048346", "price": "0.97", "size": "921.71", "side": "SELL", "hash": "c43e25e5f6a5909eb57085645c03c715c2492903", "best_bid": "0.58", "best_ask": "0.67"}], "timestamp": "1769384797433", "event_type": "price_change"}}
{"_local_timestamp": "2026-01-25T23:46:37.965816+00:00", "data": {"market": "0xf3eccc339323db0676738e78d7f47442feb23a5d379d8023f74b5d25895e1a26", "price_changes": [{"asset_id": "17530713902603044125757289872480212103623079013818634835807864395004963048346", "price": "0.03", "size": "5999.11", "side": "BUY", "hash": "b54528ef7a2e7b65bce93918dd1210bf846f7094", "best_bid": "0.58", "best_ask": "0.67"}, {"asset_id": "110235819947154328499387875920481176956297513114069970695287516686707153024869", "price": "0.97", "size": "5999.11", "side": "SELL", "hash": "a2a61839694232723006e8dec158edd0fb9f0e96", "best_bid": "0.33", "best_ask": "0.42"}], "timestamp": "1769384797689", "event_type": "price_change"}}
{"_local_timestamp": "2026-01-25T23:46:43.538921+00:00", "data": {"market": "0xf21468031abfc62aab279451b55909f1ff3b7d9fa467cc03f7772db7901dc0de", "price_changes": [{"asset_id": "58415962039260763296864127629175407898456935938373964769648785657031071549288", "price": "0.2", "size": "50", "side": "BUY", "hash": "20c5d76acfb9fdc1fd34afc3300268f27e40d47e", "best_bid": "0.54", "best_ask": "0.63"}, {"asset_id": "76630576861944765413506128741840827685262842411745127460503614840988645423562", "price": "0.8", "size": "50", "side": "SELL", "hash": "9f89e0827d4de5d696bfe935d044e1188c87221c", "best_bid": "0.37", "best_ask": "0.46"}], "timestamp": "1769384803335", "event_type": "price_change"}}
{"_local_timestamp": "2026-01-25T23:46:43.548084+00:00", "data": {"market": "0x1baca8338e2b25ca1cf132612516ac229a3bb0854b9f912edf2094321a1e7682", "price_changes": [{"asset_id": "96939983979358494409124696452963316471791524314176669493728080115998612165684", "price": "0.2", "size": "50", "side": "BUY", "hash": "24953765138413dbb91b8e8a24681a4d12686aaf", "best_bid": "0.54", "best_ask": "0.63"}, {"asset_id": "44624636737386069107481745579901218895720830797355610884133049251532864861970", "price": "0.8", "size": "50", "side": "SELL", "hash": "30094e1d7c8e001b458a8360ee1b48db02348773", "best_bid": "0.37", "best_ask": "0.46"}], "timestamp": "1769384803335", "event_type": "price_change"}}
{"_local_timestamp": "2026-01-25T23:46:43.549446+00:00", "data": {"market": "0xf3eccc339323db0676738e78d7f47442feb23a5d379d8023f74b5d25895e1a26", "price_changes": [{"asset_id": "17530713902603044125757289872480212103623079013818634835807864395004963048346", "price": "0.2", "size": "50", "side": "BUY", "hash": "94253b37870a0975fd252a2695eee82de4e602a5", "best_bid": "0.58", "best_ask": "0.67"}, {"asset_id": "110235819947154328499387875920481176956297513114069970695287516686707153024869", "price": "0.8", "size": "50", "side": "SELL", "hash": "57edf79e0f86ee507b27386d33bd774eafe7293a", "best_bid": "0.33", "best_ask": "0.42"}], "timestamp": "1769384803335", "event_type": "price_change"}}
{"_local_timestamp": "2026-01-25T23:46:43.698135+00:00", "data": {"market": "0x1baca8338e2b25ca1cf132612516ac229a3bb0854b9f912edf2094321a1e7682", "price_changes": [{"asset_id": "44624636737386069107481745579901218895720830797355610884133049251532864861970", "price": "0.02", "size": "41", "side": "BUY", "hash": "8929dc5eda8366b40b0f52227f27863606092147", "best_bid": "0.37", "best_ask": "0.46"}, {"asset_id": "96939983979358494409124696452963316471791524314176669493728080115998612165684", "price": "0.98", "size": "41", "side": "SELL", "hash": "1ccbe6d13bf9bcca796fe0e7092304937ece7dbf", "best_bid": "0.54", "best_ask": "0.63"}], "timestamp": "1769384803499", "event_type": "price_change"}}
{"_local_timestamp": "2026-01-25T23:46:43.699173+00:00", "data": {"market": "0xf3eccc339323db0676738e78d7f47442feb23a5d379d8023f74b5d25895e1a26", "price_changes": [{"asset_id": "17530713902603044125757289872480212103623079013818634835807864395004963048346", "price": "0.02", "size": "2344.53", "side": "BUY", "hash": "2d7d194dfaced547186bddccf93305252563dacb", "best_bid": "0.58", "best_ask": "0.67"}, {"asset_id": "110235819947154328499387875920481176956297513114069970695287516686707153024869", "price": "0.98", "size": "2344.53", "side": "SELL", "hash": "35c7da358c71fdaf67828bf09c0214ef7e80dd40", "best_bid": "0.33", "best_ask": "0.42"}], "timestamp": "1769384803499", "event_type": "price_change"}}
{"_local_timestamp": "2026-01-25T23:46:43.699691+00:00", "data": {"market": "0xf21468031abfc62aab279451b55909f1ff3b7d9fa467cc03f7772db7901dc0de", "price_changes": [{"asset_id": "76630576861944765413506128741840827685262842411745127460503614840988645423562", "price": "0.03", "size": "2018.21", "side": "BUY", "hash": "2c2212fd13183c1bc5ceb3bc7e90df3b4c4695f3", "best_bid": "0.37", "best_ask": "0.46"}, {"asset_id": "58415962039260763296864127629175407898456935938373964769648785657031071549288", "price": "0.97", "size": "2018.21", "side": "SELL", "hash": "4ea16a75c8b87d675ce708d9a54b2becd472d8eb", "best_bid": "0.54", "best_ask": "0.63"}], "timestamp": "1769384803499", "event_type": "price_change"}}
{"_local_timestamp": "2026-01-25T23:46:43.700162+00:00", "data": {"market": "0xf3eccc339323db0676738e78d7f47442feb23a5d379d8023f74b5d25895e1a26", "price_changes": [{"asset_id": "17530713902603044125757289872480212103623079013818634835807864395004963048346", "price": "0.03", "size": "0", "side": "BUY", "hash": "2d7d194dfaced547186bddccf93305252563dacb", "best_bid": "0.58", "best_ask": "0.67"}, {"asset_id": "110235819947154328499387875920481176956297513114069970695287516686707153024869", "price": "0.97", "size": "0", "side": "SELL", "hash": "35c7da358c71fdaf67828bf09c0214ef7e80dd40", "best_bid": "0.33", "best_ask": "0.42"}], "timestamp": "1769384803499", "event_type": "price_change"}}
{"_local_timestamp": "2026-01-25T23:46:43.700615+00:00", "data": {"market": "0xf3eccc339323db0676738e78d7f47442feb23a5d379d8023f74b5d25895e1a26", "price_changes": [{"asset_id": "110235819947154328499387875920481176956297513114069970695287516686707153024869", "price": "0.01", "size": "8784.29", "side": "BUY", "hash": "d1fd439b106612c0cfdd1dce2d2fbca23c2eaaed", "best_bid": "0.33", "best_ask": "0.42"}, {"asset_id": "17530713902603044125757289872480212103623079013818634835807864395004963048346", "price": "0.99", "size": "8784.29", "side": "SELL", "hash": "e4072fc78ec9da8b32330868c90870aa53e23c7c", "best_bid": "0.58", "best_ask": "0.67"}], "timestamp": "1769384803500", "event_type": "price_change"}}
{"_local_timestamp": "2026-01-25T23:46:43.701856+00:00", "data": {"market": "0x1baca8338e2b25ca1cf132612516ac229a3bb0854b9f912edf2094321a1e7682", "price_changes": [{"asset_id": "44624636737386069107481745579901218895720830797355610884133049251532864861970", "price": "0.37", "size": "1390.11", "side": "BUY", "hash": "41b4706600cdb92c5397f43dbd717c5ef92f1483", "best_bid": "0.37", "best_ask": "0.46"}, {"asset_id": "96939983979358494409124696452963316471791524314176669493728080115998612165684", "price": "0.63", "size": "1390.11", "side": "SELL", "hash": "c7818cc0e616db7a573f588d104a5009832d85d8", "best_bid": "0.54", "best_ask": "0.63"}], "timestamp": "1769384803523", "event_type": "price_change"}}
{"_local_timestamp": "2026-01-25T23:46:43.707741+00:00", "data": {"market": "0xf21468031abfc62aab279451b55909f1ff3b7d9fa467cc03f7772db7901dc0de", "price_changes": [{"asset_id": "76630576861944765413506128741840827685262842411745127460503614840988645423562", "price": "0.38", "size": "890.11", "side": "BUY", "hash": "be276a0f2aab5319fde6cd01a09b7e214cc9084d", "best_bid": "0.38", "best_ask": "0.46"}, {"asset_id": "58415962039260763296864127629175407898456935938373964769648785657031071549288", "price": "0.62", "size": "890.11", "side": "SELL", "hash": "113e2d528fe53b2989c172df67eea65228714a33", "best_bid": "0.54", "best_ask": "0.62"}], "timestamp": "1769384803523", "event_type": "price_change"}}
{"_local_timestamp": "2026-01-25T23:46:43.708288+00:00", "data": {"market": "0x1baca8338e2b25ca1cf132612516ac229a3bb0854b9f912edf2094321a1e7682", "price_changes": [{"asset_id": "44624636737386069107481745579901218895720830797355610884133049251532864861970", "price": "0.38", "size": "890.11", "side": "BUY", "hash": "fbbc17f650338bf8643e01c9064a1e8de50eda5b", "best_bid": "0.38", "best_ask": "0.46"}, {"asset_id": "96939983979358494409124696452963316471791524314176669493728080115998612165684", "price": "0.62", "size": "890.11", "side": "SELL", "hash": "be1a930f7df27de645e25690d5dcb4769a7f5910", "best_bid": "0.54", "best_ask": "0.62"}], "timestamp": "1769384803525", "event_type": "price_change"}}
{"_local_timestamp": "2026-01-25T23:46:43.708769+00:00", "data": {"market": "0xf21468031abfc62aab279451b55909f1ff3b7d9fa467cc03f7772db7901dc0de", "price_changes": [{"asset_id": "76630576861944765413506128741840827685262842411745127460503614840988645423562", "price": "0.37", "size": "1390.11", "side": "BUY", "hash": "3c9e45b29ef265acddbd29dc900b81d31e493520", "best_bid": "0.38", "best_ask": "0.46"}, {"asset_id": "58415962039260763296864127629175407898456935938373964769648785657031071549288", "price": "0.63", "size": "1390.11", "side": "SELL", "hash": "1e469381c9d6ee23ab19ebdb4243fe95f8c3ad0e", "best_bid": "0.54", "best_ask": "0.62"}], "timestamp": "1769384803525", "event_type": "price_change"}}
{"_local_timestamp": "2026-01-25T23:46:43.749573+00:00", "data": {"market": "0xf3eccc339323db0676738e78d7f47442feb23a5d379d8023f74b5d25895e1a26", "price_changes": [{"asset_id": "17530713902603044125757289872480212103623079013818634835807864395004963048346", "price": "0.02", "size": "347.42", "side": "BUY", "hash": "37e1b315165448b0eabcf77e9170a8eeb149364c", "best_bid": "0.58", "best_ask": "0.67"}, {"asset_id": "110235819947154328499387875920481176956297513114069970695287516686707153024869", "price": "0.98", "size": "347.42", "side": "SELL", "hash": "eb2e46aca636eb036ee11838f04a5dd544cb0af0", "best_bid": "0.33", "best_ask": "0.42"}], "timestamp": "1769384803578", "event_type": "price_change"}}
{"_local_timestamp": "2026-01-25T23:46:43.751446+00:00", "data": {"market": "0xf21468031abfc62aab279451b55909f1ff3b7d9fa467cc03f7772db7901dc0de", "price_changes": [{"asset_id": "76630576861944765413506128741840827685262842411745127460503614840988645423562", "price": "0.03", "size": "21.1", "side": "BUY", "hash": "2dd75d9d49313dab9193d5445dad109d73ba6428", "best_bid": "0.38", "best_ask": "0.46"}, {"asset_id": "58415962039260763296864127629175407898456935938373964769648785657031071549288", "price": "0.97", "size": "21.1", "side": "SELL", "hash": "9fc33f442321af53d5ed86876ae7ae7625627235", "best_bid": "0.54", "best_ask": "0.62"}], "timestamp": "1769384803578", "event_type": "price_change"}}
{"_local_timestamp": "2026-01-25T23:46:43.876648+00:00", "data": {"market": "0xf3eccc339323db0676738e78d7f47442feb23a5d379d8023f74b5d25895e1a26", "price_changes": [{"asset_id": "17530713902603044125757289872480212103623079013818634835807864395004963048346", "price": "0.04", "size": "1270.1", "side": "BUY", "hash": "99ce488c75d4b3281d794e394cd0e883a87f2f7e", "best_bid": "0.58", "best_ask": "0.67"}, {"asset_id": "110235819947154328499387875920481176956297513114069970695287516686707153024869", "price": "0.96", "size": "1270.1", "side": "SELL", "hash": "92d4b8b738dd100c4489970e812ed44a31bbf4c9", "best_bid": "0.33", "best_ask": "0.42"}], "timestamp": "1769384803758", "event_type": "price_change"}}
{"_local_timestamp": "2026-01-25T23:46:43.877899+00:00", "data": {"market": "0xf21468031abfc62aab279451b55909f1ff3b7d9fa467cc03f7772db7901dc0de", "price_changes": [{"asset_id": "76630576861944765413506128741840827685262842411745127460503614840988645423562", "price": "0.04", "size": "1997.11", "side": "BUY", "hash": "ed384973ec3d6a164e736012912d585cbfa7eaee", "best_bid": "0.38", "best_ask": "0.46"}, {"asset_id": "58415962039260763296864127629175407898456935938373964769648785657031071549288", "price": "0.96", "size": "1997.11", "side": "SELL", "hash": "5927875856696e8adf45afccc14f0e88cabbfbd0", "best_bid": "0.54", "best_ask": "0.62"}], "timestamp": "1769384803758", "event_type": "price_change"}}
{"_local_timestamp": "2026-01-25T23:46:43.889557+00:00", "data": {"market": "0xf3eccc339323db0676738e78d7f47442feb23a5d379d8023f74b5d25895e1a26", "price_changes": [{"asset_id": "17530713902603044125757289872480212103623079013818634835807864395004963048346", "price": "0.04", "size": "3267.21", "side": "BUY", "hash": "822d7047149a965cdabbe3bbe91cb348ecefb5ec", "best_bid": "0.58", "best_ask": "0.67"}, {"asset_id": "110235819947154328499387875920481176956297513114069970695287516686707153024869", "price": "0.96", "size": "3267.21", "side": "SELL", "hash": "e0957211e5005f54114edcf6a20b729083b8724a", "best_bid": "0.33", "best_ask": "0.42"}], "timestamp": "1769384803760", "event_type": "price_change"}}
{"_local_timestamp": "2026-01-25T23:46:43.890805+00:00", "data": {"market": "0xf21468031abfc62aab279451b55909f1ff3b7d9fa467cc03f7772db7901dc0de", "price_changes": [{"asset_id": "76630576861944765413506128741840827685262842411745127460503614840988645423562", "price": "0.04", "size": "2887.22", "side": "BUY", "hash": "6227da408c7096c3c16d58662190cfca9df784ec", "best_bid": "0.38", "best_ask": "0.46"}, {"asset_id": "58415962039260763296864127629175407898456935938373964769648785657031071549288", "price": "0.96", "size": "2887.22", "side": "SELL", "hash": "40b477f0e8b20db5da17139ad514891056a8ba94", "best_bid": "0.54", "best_ask": "0.62"}], "timestamp": "1769384803762", "event_type": "price_change"}}
{"_local_timestamp": "2026-01-25T23:46:43.891316+00:00", "data": {"market": "0xf3eccc339323db0676738e78d7f47442feb23a5d379d8023f74b5d25895e1a26", "price_changes": [{"asset_id": "17530713902603044125757289872480212103623079013818634835807864395004963048346", "price": "0.03", "size": "890.11", "side": "BUY", "hash": "7b1dce3e0f340f7924c6d3b536c616a2b78d3ff9", "best_bid": "0.58", "best_ask": "0.67"}, {"asset_id": "110235819947154328499387875920481176956297513114069970695287516686707153024869", "price": "0.97", "size": "890.11", "side": "SELL", "hash": "663ac16bd2cbdc3f991ab0120f6bbabb8c779ce8", "best_bid": "0.33", "best_ask": "0.42"}], "timestamp": "1769384803763", "event_type": "price_change"}}
{"_local_timestamp": "2026-01-25T23:46:43.891809+00:00", "data": {"market": "0xf21468031abfc62aab279451b55909f1ff3b7d9fa467cc03f7772db7901dc0de", "price_changes": [{"asset_id": "76630576861944765413506128741840827685262842411745127460503614840988645423562", "price": "0.04", "size": "4157.32", "side": "BUY", "hash": "c0d9de758c33e36c5127b519377f11c3cba68670", "best_bid": "0.38", "best_ask": "0.46"}, {"asset_id": "58415962039260763296864127629175407898456935938373964769648785657031071549288", "price": "0.96", "size": "4157.32", "side": "SELL", "hash": "e2af9fb0d645ebc1edf5b7558e8149e6a0fcc20a", "best_bid": "0.54", "best_ask": "0.62"}], "timestamp": "1769384803765", "event_type": "price_change"}}
{"_local_timestamp": "2026-01-25T23:46:43.892461+00:00", "data": {"market": "0xf3eccc339323db0676738e78d7f47442feb23a5d379d8023f74b5d25895e1a26", "price_changes": [{"asset_id": "17530713902603044125757289872480212103623079013818634835807864395004963048346", "price": "0.04", "size": "9266.32", "side": "BUY", "hash": "b49cc5053a247667bec0b6699eb23c7c91bdadce", "best_bid": "0.58", "best_ask": "0.67"}, {"asset_id": "110235819947154328499387875920481176956297513114069970695287516686707153024869", "price": "0.96", "size": "9266.32", "side": "SELL", "hash": "da53adbdfa7b0dac9857904da6052c177018eb52", "best_bid": "0.33", "best_ask": "0.42"}], "timestamp": "1769384803766", "event_type": "price_change"}}
{"_local_timestamp": "2026-01-25T23:46:47.030679+00:00", "data": {"market": "0xf21468031abfc62aab279451b55909f1ff3b7d9fa467cc03f7772db7901dc0de", "price_changes": [{"asset_id": "58415962039260763296864127629175407898456935938373964769648785657031071549288", "price": "0.04", "size": "0", "side": "BUY", "hash": "f9b85cfa0c3503f2eff268ea544c87070a11fced", "best_bid": "0.54", "best_ask": "0.62"}, {"asset_id": "76630576861944765413506128741840827685262842411745127460503614840988645423562", "price": "0.96", "size": "0", "side": "SELL", "hash": "8b69deb9f5d75e82f8ee3111036d7aec63f0dddd", "best_bid": "0.38", "best_ask": "0.46"}], "timestamp": "1769384806882", "event_type": "price_change"}}
{"_local_timestamp": "2026-01-25T23:46:47.031276+00:00", "data": {"market": "0x1baca8338e2b25ca1cf132612516ac229a3bb0854b9f912edf2094321a1e7682", "price_changes": [{"asset_id": "96939983979358494409124696452963316471791524314176669493728080115998612165684", "price": "0.04", "size": "0", "side": "BUY", "hash": "d36ed69ffe9b766c79181fe4fa9489503249f339", "best_bid": "0.54", "best_ask": "0.62"}, {"asset_id": "44624636737386069107481745579901218895720830797355610884133049251532864861970", "price": "0.96", "size": "0", "side": "SELL", "hash": "abaa304eec4deaf8ba44e2920040eda29dfe1f6a", "best_bid": "0.38", "best_ask": "0.46"}], "timestamp": "1769384806882", "event_type": "price_change"}}
{"_local_timestamp": "2026-01-25T23:46:47.031786+00:00", "data": {"market": "0xef5c5969a92073bb331d390a8fd253247e55db495dd0d282bebcd213fc9e98f9", "price_changes": [{"asset_id": "24785562735989416010826268425089148929312550693817152898319391113116435314213", "price": "0.03", "size": "0", "side": "BUY", "hash": "8c493bb88313c3b9372f702e607a49c5c1073911", "best_bid": "0.49", "best_ask": "0.58"}, {"asset_id": "111408097440170058305299086416986717861661628547278416005231349202740096264137", "price": "0.97", "size": "0", "side": "SELL", "hash": "67d5a9a6a46075986b2e822358bef32d39b641ed", "best_bid": "0.42", "best_ask": "0.51"}], "timestamp": "1769384806882", "event_type": "price_change"}}
{"_local_timestamp": "2026-01-25T23:46:47.057157+00:00", "data": {"market": "0xf21468031abfc62aab279451b55909f1ff3b7d9fa467cc03f7772db7901dc0de", "price_changes": [{"asset_id": "76630576861944765413506128741840827685262842411745127460503614840988645423562", "price": "0.04", "size": "0", "side": "BUY", "hash": "eb10b766d741d7dc9093db71e8bfcabadd4f1781", "best_bid": "0.38", "best_ask": "0.46"}, {"asset_id": "58415962039260763296864127629175407898456935938373964769648785657031071549288", "price": "0.96", "size": "0", "side": "SELL", "hash": "ef2a147bef5003a1a6ef5771d91424e2eb5fc32a", "best_bid": "0.54", "best_ask": "0.62"}], "timestamp": "1769384806912", "event_type": "price_change"}}
{"_local_timestamp": "2026-01-25T23:46:49.307539+00:00", "data": {"market": "0xf3eccc339323db0676738e78d7f47442feb23a5d379d8023f74b5d25895e1a26", "price_changes": [{"asset_id": "17530713902603044125757289872480212103623079013818634835807864395004963048346", "price": "0.02", "size": "47.42", "side": "BUY", "hash": "476e1411d8356b928662e38e42fbd77a16b77f5a", "best_bid": "0.58", "best_ask": "0.67"}, {"asset_id": "110235819947154328499387875920481176956297513114069970695287516686707153024869", "price": "0.98", "size": "47.42", "side": "SELL", "hash": "8b2bb2ac81fb4f2245a7427883a6ea3c50fda655", "best_bid": "0.33", "best_ask": "0.42"}], "timestamp": "1769384809139", "event_type": "price_change"}}
{"_local_timestamp": "2026-01-25T23:46:49.318576+00:00", "data": {"market": "0xf3eccc339323db0676738e78d7f47442feb23a5d379d8023f74b5d25895e1a26", "price_changes": [{"asset_id": "110235819947154328499387875920481176956297513114069970695287516686707153024869", "price": "0.02", "size": "5047.43", "side": "BUY", "hash": "eb95d3c868d9fe9a405621620d5e4f1d6716805d", "best_bid": "0.33", "best_ask": "0.42"}, {"asset_id": "17530713902603044125757289872480212103623079013818634835807864395004963048346", "price": "0.98", "size": "5047.43", "side": "SELL", "hash": "b3c327f36266a05ee999b65e3d6bc0dd8cb66a97", "best_bid": "0.58", "best_ask": "0.67"}], "timestamp": "1769384809139", "event_type": "price_change"}}
{"_local_timestamp": "2026-01-25T23:46:49.349595+00:00", "data": {"market": "0xf3eccc339323db0676738e78d7f47442feb23a5d379d8023f74b5d25895e1a26", "price_changes": [{"asset_id": "17530713902603044125757289872480212103623079013818634835807864395004963048346", "price": "0.03", "size": "0", "side": "BUY", "hash": "8be3d8c3fffd2cc8494159345f06808a6fca3e37", "best_bid": "0.58", "best_ask": "0.67"}, {"asset_id": "110235819947154328499387875920481176956297513114069970695287516686707153024869", "price": "0.97", "size": "0", "side": "SELL", "hash": "49630e0db486e75a77ba29a5c681f56fb1227531", "best_bid": "0.33", "best_ask": "0.42"}], "timestamp": "1769384809183", "event_type": "price_change"}}
{"_local_timestamp": "2026-01-25T23:46:49.355121+00:00", "data": {"market": "0xf3eccc339323db0676738e78d7f47442feb23a5d379d8023f74b5d25895e1a26", "price_changes": [{"asset_id": "17530713902603044125757289872480212103623079013818634835807864395004963048346", "price": "0.04", "size": "0", "side": "BUY", "hash": "8be3d8c3fffd2cc8494159345f06808a6fca3e37", "best_bid": "0.58", "best_ask": "0.67"}, {"asset_id": "110235819947154328499387875920481176956297513114069970695287516686707153024869", "price": "0.96", "size": "0", "side": "SELL", "hash": "49630e0db486e75a77ba29a5c681f56fb1227531", "best_bid": "0.33", "best_ask": "0.42"}], "timestamp": "1769384809183", "event_type": "price_change"}}
{"_local_timestamp": "2026-01-25T23:46:49.547792+00:00", "data": {"market": "0xf3eccc339323db0676738e78d7f47442feb23a5d379d8023f74b5d25895e1a26", "price_changes": [{"asset_id": "110235819947154328499387875920481176956297513114069970695287516686707153024869", "price": "0.03", "size": "1221.71", "side": "BUY", "hash": "7bf8d9c685018a0a25e956f9d3f62efdfbc3aaa9", "best_bid": "0.33", "best_ask": "0.42"}, {"asset_id": "17530713902603044125757289872480212103623079013818634835807864395004963048346", "price": "0.97", "size": "1221.71", "side": "SELL", "hash": "db61ea23800fb48c413ebf2fd42f8fcbefbf094c", "best_bid": "0.58", "best_ask": "0.67"}], "timestamp": "1769384809380", "event_type": "price_change"}}
{"_local_timestamp": "2026-01-25T23:46:49.548537+00:00", "data": {"market": "0xf3eccc339323db0676738e78d7f47442feb23a5d379d8023f74b5d25895e1a26", "price_changes": [{"asset_id": "17530713902603044125757289872480212103623079013818634835807864395004963048346", "price": "0.03", "size": "300", "side": "BUY", "hash": "fc0265e3630f4335c842d8dcec9797e234c954df", "best_bid": "0.58", "best_ask": "0.67"}, {"asset_id": "110235819947154328499387875920481176956297513114069970695287516686707153024869", "price": "0.97", "size": "300", "side": "SELL", "hash": "cf258fe58fb10e64d8be57a4630284a8f3f69e7e", "best_bid": "0.33", "best_ask": "0.42"}], "timestamp": "1769384809381", "event_type": "price_change"}}
{"_local_timestamp": "2026-01-25T23:46:49.568761+00:00", "data": {"market": "0xf3eccc339323db0676738e78d7f47442feb23a5d379d8023f74b5d25895e1a26", "price_changes": [{"asset_id": "110235819947154328499387875920481176956297513114069970695287516686707153024869", "price": "0.01", "size": "9674.4", "side": "BUY", "hash": "0ed22afe8b58187f154d7380724681e620456d46", "best_bid": "0.33", "best_ask": "0.42"}, {"asset_id": "17530713902603044125757289872480212103623079013818634835807864395004963048346", "price": "0.99", "size": "9674.4", "side": "SELL", "hash": "e4d63d01aeaf45486441e2707d8ef395269527ba", "best_bid": "0.58", "best_ask": "0.67"}], "timestamp": "1769384809399", "event_type": "price_change"}}
{"_local_timestamp": "2026-01-25T23:46:53.205505+00:00", "data": {"market": "0xf3eccc339323db0676738e78d7f47442feb23a5d379d8023f74b5d25895e1a26", "price_changes": [{"asset_id": "110235819947154328499387875920481176956297513114069970695287516686707153024869", "price": "0.02", "size": "5447.43", "side": "BUY", "hash": "4720bfe04237b82bc0bc1d4610cc3e27690168f0", "best_bid": "0.33", "best_ask": "0.42"}, {"asset_id": "17530713902603044125757289872480212103623079013818634835807864395004963048346", "price": "0.98", "size": "5447.43", "side": "SELL", "hash": "d527a7f9d0ce69416e0228bc5de218ae57084b69", "best_bid": "0.58", "best_ask": "0.67"}], "timestamp": "1769384813065", "event_type": "price_change"}}
{"_local_timestamp": "2026-01-25T23:46:53.229897+00:00", "data": {"market": "0xf3eccc339323db0676738e78d7f47442feb23a5d379d8023f74b5d25895e1a26", "price_changes": [{"asset_id": "17530713902603044125757289872480212103623079013818634835807864395004963048346", "price": "0.01", "size": "11141.57", "side": "BUY", "hash": "043e30307860ed31913ca476997f8c2e23800e48", "best_bid": "0.58", "best_ask": "0.67"}, {"asset_id": "110235819947154328499387875920481176956297513114069970695287516686707153024869", "price": "0.99", "size": "11141.57", "side": "SELL", "hash": "f5b3d2570804e1745ce1e4257c990eaa1be937f6", "best_bid": "0.33", "best_ask": "0.42"}], "timestamp": "1769384813068", "event_type": "price_change"}}
{"_local_timestamp": "2026-01-25T23:46:53.230529+00:00", "data": {"market": "0xf3eccc339323db0676738e78d7f47442feb23a5d379d8023f74b5d25895e1a26", "price_changes": [{"asset_id": "17530713902603044125757289872480212103623079013818634835807864395004963048346", "price": "0.02", "size": "447.42", "side": "BUY", "hash": "d162d55de75a91008cc5fc5d384cec1dd56a213d", "best_bid": "0.58", "best_ask": "0.67"}, {"asset_id": "110235819947154328499387875920481176956297513114069970695287516686707153024869", "price": "0.98", "size": "447.42", "side": "SELL", "hash": "e45c7b9b4e0f489b58ebeb07946bc5dfcef0b749", "best_bid": "0.33", "best_ask": "0.42"}], "timestamp": "1769384813087", "event_type": "price_change"}}
{"_local_timestamp": "2026-01-25T23:46:53.231336+00:00", "data": {"market": "0xf3eccc339323db0676738e78d7f47442feb23a5d379d8023f74b5d25895e1a26", "price_changes": [{"asset_id": "17530713902603044125757289872480212103623079013818634835807864395004963048346", "price": "0.08", "size": "100", "side": "BUY", "hash": "a8c15ac5d1541c65d0efbbea4ee37c5f1de16ddc", "best_bid": "0.58", "best_ask": "0.67"}, {"asset_id": "110235819947154328499387875920481176956297513114069970695287516686707153024869", "price": "0.92", "size": "100", "side": "SELL", "hash": "3595e52e609ec311b51c5195ffa9c191f4e05301", "best_bid": "0.33", "best_ask": "0.42"}], "timestamp": "1769384813090", "event_type": "price_change"}}
{"_local_timestamp": "2026-01-25T23:46:53.248118+00:00", "data": {"market": "0xf3eccc339323db0676738e78d7f47442feb23a5d379d8023f74b5d25895e1a26", "price_changes": [{"asset_id": "110235819947154328499387875920481176956297513114069970695287516686707153024869", "price": "0.02", "size": "4557.32", "side": "BUY", "hash": "ef0c1afb4c4f19b7ba0242a214f7cddf2f456a2f", "best_bid": "0.33", "best_ask": "0.42"}, {"asset_id": "17530713902603044125757289872480212103623079013818634835807864395004963048346", "price": "0.98", "size": "4557.32", "side": "SELL", "hash": "243f0d5f78dc5aac9490eeb193350423e2b9dc86", "best_bid": "0.58", "best_ask": "0.67"}], "timestamp": "1769384813107", "event_type": "price_change"}}
{"_local_timestamp": "2026-01-25T23:46:53.248713+00:00", "data": {"market": "0xf3eccc339323db0676738e78d7f47442feb23a5d379d8023f74b5d25895e1a26", "price_changes": [{"asset_id": "110235819947154328499387875920481176956297513114069970695287516686707153024869", "price": "0.01", "size": "8784.29", "side": "BUY", "hash": "ef0c1afb4c4f19b7ba0242a214f7cddf2f456a2f", "best_bid": "0.33", "best_ask": "0.42"}, {"asset_id": "17530713902603044125757289872480212103623079013818634835807864395004963048346", "price": "0.99", "size": "8784.29", "side": "SELL", "hash": "243f0d5f78dc5aac9490eeb193350423e2b9dc86", "best_bid": "0.58", "best_ask": "0.67"}], "timestamp": "1769384813107", "event_type": "price_change"}}
{"_local_timestamp": "2026-01-25T23:46:53.268747+00:00", "data": {"market": "0xf3eccc339323db0676738e78d7f47442feb23a5d379d8023f74b5d25895e1a26", "price_changes": [{"asset_id": "17530713902603044125757289872480212103623079013818634835807864395004963048346", "price": "0.02", "size": "2444.53", "side": "BUY", "hash": "3179ea39babdf653df9bdffaa8b281cd5f98947b", "best_bid": "0.58", "best_ask": "0.67"}, {"asset_id": "110235819947154328499387875920481176956297513114069970695287516686707153024869", "price": "0.98", "size": "2444.53", "side": "SELL", "hash": "1abd09d436401fb4c9b8124c7040f2aee122c796", "best_bid": "0.33", "best_ask": "0.42"}], "timestamp": "1769384813124", "event_type": "price_change"}}
{"_local_timestamp": "2026-01-25T23:46:53.269316+00:00", "data": {"market": "0xf3eccc339323db0676738e78d7f47442feb23a5d379d8023f74b5d25895e1a26", "price_changes": [{"asset_id": "110235819947154328499387875920481176956297513114069970695287516686707153024869", "price": "0.03", "size": "3218.82", "side": "BUY", "hash": "98b832ca4c3d0db29b375d8b1bba14414362a27b", "best_bid": "0.33", "best_ask": "0.42"}, {"asset_id": "17530713902603044125757289872480212103623079013818634835807864395004963048346", "price": "0.97", "size": "3218.82", "side": "SELL", "hash": "ec15ca603342e95327a550d227b0a99a425f6535", "best_bid": "0.58", "best_ask": "0.67"}], "timestamp": "1769384813126", "event_type": "price_change"}}
{"_local_timestamp": "2026-01-25T23:46:53.269848+00:00", "data": {"market": "0xf3eccc339323db0676738e78d7f47442feb23a5d379d8023f74b5d25895e1a26", "price_changes": [{"asset_id": "110235819947154328499387875920481176956297513114069970695287516686707153024869", "price": "0.04", "size": "890.11", "side": "BUY", "hash": "efb89aa55eb97b8392c84130a6d133eecbb04fa3", "best_bid": "0.33", "best_ask": "0.42"}, {"asset_id": "17530713902603044125757289872480212103623079013818634835807864395004963048346", "price": "0.96", "size": "890.11", "side": "SELL", "hash": "100ae48c63c33d1f46a14129fc993754fe40f9cb", "best_bid": "0.58", "best_ask": "0.67"}], "timestamp": "1769384813131", "event_type": "price_change"}}
{"_local_timestamp": "2026-01-25T23:46:53.345270+00:00", "data": {"market": "0xf3eccc339323db0676738e78d7f47442feb23a5d379d8023f74b5d25895e1a26", "price_changes": [{"asset_id": "110235819947154328499387875920481176956297513114069970695287516686707153024869", "price": "0.03", "size": "4108.93", "side": "BUY", "hash": "64f7bdecac1b8f6e4dcd0a0990f90aadce4c87e0", "best_bid": "0.33", "best_ask": "0.42"}, {"asset_id": "17530713902603044125757289872480212103623079013818634835807864395004963048346", "price": "0.97", "size": "4108.93", "side": "SELL", "hash": "6a70a552f28119912ef586c4c2674645b46c585c", "best_bid": "0.58", "best_ask": "0.67"}], "timestamp": "1769384813209", "event_type": "price_change"}}
{"_local_timestamp": "2026-01-25T23:46:53.397471+00:00", "data": {"market": "0xf3eccc339323db0676738e78d7f47442feb23a5d379d8023f74b5d25895e1a26", "price_changes": [{"asset_id": "110235819947154328499387875920481176956297513114069970695287516686707153024869", "price": "0.03", "size": "5379.03", "side": "BUY", "hash": "5750857f2cf07b11a493756481c9860cd0121c70", "best_bid": "0.33", "best_ask": "0.42"}, {"asset_id": "17530713902603044125757289872480212103623079013818634835807864395004963048346", "price": "0.97", "size": "5379.03", "side": "SELL", "hash": "0be0a28779e3e5fee48f95682a513d80c77a7876", "best_bid": "0.58", "best_ask": "0.67"}], "timestamp": "1769384813211", "event_type": "price_change"}}
{"_local_timestamp": "2026-01-25T23:46:53.398158+00:00", "data": {"market": "0xf3eccc339323db0676738e78d7f47442feb23a5d379d8023f74b5d25895e1a26", "price_changes": [{"asset_id": "17530713902603044125757289872480212103623079013818634835807864395004963048346", "price": "0.02", "size": "3334.64", "side": "BUY", "hash": "02cd28b9127fc6ad6473905177739d3212a24fb4", "best_bid": "0.58", "best_ask": "0.67"}, {"asset_id": "110235819947154328499387875920481176956297513114069970695287516686707153024869", "price": "0.98", "size": "3334.64", "side": "SELL", "hash": "fdecb8ef9ec541ee58f8e097f99e21a1a4c63edf", "best_bid": "0.33", "best_ask": "0.42"}], "timestamp": "1769384813213", "event_type": "price_change"}}
{"_local_timestamp": "2026-01-25T23:46:53.398753+00:00", "data": {"market": "0xf3eccc339323db0676738e78d7f47442feb23a5d379d8023f74b5d25895e1a26", "price_changes": [{"asset_id": "17530713902603044125757289872480212103623079013818634835807864395004963048346", "price": "0.02", "size": "4604.74", "side": "BUY", "hash": "1094b21bb5d50a3f44e9816c4a6482b6c820a7e5", "best_bid": "0.58", "best_ask": "0.67"}, {"asset_id": "110235819947154328499387875920481176956297513114069970695287516686707153024869", "price": "0.98", "size": "4604.74", "side": "SELL", "hash": "e59c8cbc056c0b520de3ad8b9906156e07cc64ff", "best_bid": "0.33", "best_ask": "0.42"}], "timestamp": "1769384813215", "event_type": "price_change"}}
{"_local_timestamp": "2026-01-25T23:46:54.525093+00:00", "data": {"market": "0xf3eccc339323db0676738e78d7f47442feb23a5d379d8023f74b5d25895e1a26", "price_changes": [{"asset_id": "17530713902603044125757289872480212103623079013818634835807864395004963048346", "price": "0.08", "size": "500", "side": "BUY", "hash": "c713e5c6f31b6d3df9fec2bf0543649273efb91f", "best_bid": "0.58", "best_ask": "0.67"}, {"asset_id": "110235819947154328499387875920481176956297513114069970695287516686707153024869", "price": "0.92", "size": "500", "side": "SELL", "hash": "4086b130a2e811d5a63f065e58092638734acb88", "best_bid": "0.33", "best_ask": "0.42"}], "timestamp": "1769384814406", "event_type": "price_change"}}
{"_local_timestamp": "2026-01-25T23:46:54.525722+00:00", "data": {"market": "0xf3eccc339323db0676738e78d7f47442feb23a5d379d8023f74b5d25895e1a26", "price_changes": [{"asset_id": "17530713902603044125757289872480212103623079013818634835807864395004963048346", "price": "0.14", "size": "200", "side": "BUY", "hash": "896a498520c079386a97fc2fce188cf87a53119e", "best_bid": "0.58", "best_ask": "0.67"}, {"asset_id": "110235819947154328499387875920481176956297513114069970695287516686707153024869", "price": "0.86", "size": "200", "side": "SELL", "hash": "d6154b772a293cf5f8c548a70d7caf7a445db5a0", "best_bid": "0.33", "best_ask": "0.42"}], "timestamp": "1769384814407", "event_type": "price_change"}}
{"_local_timestamp": "2026-01-25T23:46:54.526257+00:00", "data": {"market": "0xf3eccc339323db0676738e78d7f47442feb23a5d379d8023f74b5d25895e1a26", "price_changes": [{"asset_id": "17530713902603044125757289872480212103623079013818634835807864395004963048346", "price": "0.03", "size": "900", "side": "BUY", "hash": "a11d5094d7d66d4d294de1d1db799c01be44e176", "best_bid": "0.58", "best_ask": "0.67"}, {"asset_id": "110235819947154328499387875920481176956297513114069970695287516686707153024869", "price": "0.97", "size": "900", "side": "SELL", "hash": "89d12d99c22953b22be085f3915f9fe0adef8b36", "best_bid": "0.33", "best_ask": "0.42"}], "timestamp": "1769384814407", "event_type": "price_change"}}
{"_local_timestamp": "2026-01-25T23:46:54.527917+00:00", "data": {"market": "0xf3eccc339323db0676738e78d7f47442feb23a5d379d8023f74b5d25895e1a26", "price_changes": [{"asset_id": "110235819947154328499387875920481176956297513114069970695287516686707153024869", "price": "0.03", "size": "5979.03", "side": "BUY", "hash": "ab56f0c382f61e51eebaf8d54a0c6373b8d07676", "best_bid": "0.33", "best_ask": "0.42"}, {"asset_id": "17530713902603044125757289872480212103623079013818634835807864395004963048346", "price": "0.97", "size": "5979.03", "side": "SELL", "hash": "6b060a073433bc83b4398c312f38343362327e19", "best_bid": "0.58", "best_ask": "0.67"}], "timestamp": "1769384814410", "event_type": "price_change"}}
{"_local_timestamp": "2026-01-25T23:46:54.539565+00:00", "data": {"market": "0xf3eccc339323db0676738e78d7f47442feb23a5d379d8023f74b5d25895e1a26", "price_changes": [{"asset_id": "17530713902603044125757289872480212103623079013818634835807864395004963048346", "price": "0.05", "size": "500", "side": "BUY", "hash": "95a13493a8c0d30cf36d7d8c7cf02be37ce53d1a", "best_bid": "0.58", "best_ask": "0.67"}, {"asset_id": "110235819947154328499387875920481176956297513114069970695287516686707153024869", "price": "0.95", "size": "500", "side": "SELL", "hash": "35e8417a1b3b5eea22a9ca5cb54d541937ae00d3", "best_bid": "0.33", "best_ask": "0.42"}], "timestamp": "1769384814410", "event_type": "price_change"}}
{"_local_timestamp": "2026-01-25T23:46:54.540185+00:00", "data": {"market": "0xf3eccc339323db0676738e78d7f47442feb23a5d379d8023f74b5d25895e1a26", "price_changes": [{"asset_id": "17530713902603044125757289872480212103623079013818634835807864395004963048346", "price": "0.01", "size": "11541.57", "side": "BUY", "hash": "f49da59a67e28e8ab2b76cd489db262ebd4f596a", "best_bid": "0.58", "best_ask": "0.67"}, {"asset_id": "110235819947154328499387875920481176956297513114069970695287516686707153024869", "price": "0.99", "size": "11541.57", "side": "SELL", "hash": "fe77cb62bc67e18a277d06df94525a934df643f1", "best_bid": "0.33", "best_ask": "0.42"}], "timestamp": "1769384814412", "event_type": "price_change"}}
{"_local_timestamp": "2026-01-25T23:46:54.540734+00:00", "data": {"market": "0xf3eccc339323db0676738e78d7f47442feb23a5d379d8023f74b5d25895e1a26", "price_changes": [{"asset_id": "110235819947154328499387875920481176956297513114069970695287516686707153024869", "price": "0.02", "size": "4957.32", "side": "BUY", "hash": "b19769a6a59d3497d83fdfb474b9344c72d6d650", "best_bid": "0.33", "best_ask": "0.42"}, {"asset_id": "17530713902603044125757289872480212103623079013818634835807864395004963048346", "price": "0.98", "size": "4957.32", "side": "SELL", "hash": "8a84c74e2a449f74e3c05b12b85a255b0ed9ac4a", "best_bid": "0.58", "best_ask": "0.67"}], "timestamp": "1769384814413", "event_type": "price_change"}}
{"_local_timestamp": "2026-01-25T23:46:54.541279+00:00", "data": {"market": "0xf3eccc339323db0676738e78d7f47442feb23a5d379d8023f74b5d25895e1a26", "price_changes": [{"asset_id": "17530713902603044125757289872480212103623079013818634835807864395004963048346", "price": "0.08", "size": "600", "side": "BUY", "hash": "8e5332892ee231f4ff803ba0edd7f04e9f4f948a", "best_bid": "0.58", "best_ask": "0.67"}, {"asset_id": "110235819947154328499387875920481176956297513114069970695287516686707153024869", "price": "0.92", "size": "600", "side": "SELL", "hash": "b9622c304f8d5a565dcb852f6014631f7e8055d0", "best_bid": "0.33", "best_ask": "0.42"}], "timestamp": "1769384814414", "event_type": "price_change"}}
{"_local_timestamp": "2026-01-25T23:46:54.541818+00:00", "data": {"market": "0xf3eccc339323db0676738e78d7f47442feb23a5d379d8023f74b5d25895e1a26", "price_changes": [{"asset_id": "17530713902603044125757289872480212103623079013818634835807864395004963048346", "price": "0.02", "size": "5004.74", "side": "BUY", "hash": "9118120a063d0e1614432704166d57f302e8ce9f", "best_bid": "0.58", "best_ask": "0.67"}, {"asset_id": "110235819947154328499387875920481176956297513114069970695287516686707153024869", "price": "0.98", "size": "5004.74", "side": "SELL", "hash": "32f899794c1d59d61038c2de828da3812c3214e5", "best_bid": "0.33", "best_ask": "0.42"}], "timestamp": "1769384814415", "event_type": "price_change"}}
{"_local_timestamp": "2026-01-25T23:47:01.017317+00:00", "data": {"market": "0xf3eccc339323db0676738e78d7f47442feb23a5d379d8023f74b5d25895e1a26", "price_changes": [{"asset_id": "17530713902603044125757289872480212103623079013818634835807864395004963048346", "price": "0.03", "size": "600", "side": "BUY", "hash": "a2b40ffec2be9a1844572fde5fcfb75d6823c95a", "best_bid": "0.58", "best_ask": "0.67"}, {"asset_id": "110235819947154328499387875920481176956297513114069970695287516686707153024869", "price": "0.97", "size": "600", "side": "SELL", "hash": "133df07d704667db60a11dce51b37a34004628b9", "best_bid": "0.33", "best_ask": "0.42"}], "timestamp": "1769384820894", "event_type": "price_change"}}
{"_local_timestamp": "2026-01-25T23:47:01.018041+00:00", "data": {"market": "0xf3eccc339323db0676738e78d7f47442feb23a5d379d8023f74b5d25895e1a26", "price_changes": [{"asset_id": "110235819947154328499387875920481176956297513114069970695287516686707153024869", "price": "0.03", "size": "5679.03", "side": "BUY", "hash": "8ac8f50e0ceab9cbd2be925b03892ecdcbf657f3", "best_bid": "0.33", "best_ask": "0.42"}, {"asset_id": "17530713902603044125757289872480212103623079013818634835807864395004963048346", "price": "0.97", "size": "5679.03", "side": "SELL", "hash": "a54bd60b6658dd0e872f6fdc5aa7e6900ac6203b", "best_bid": "0.58", "best_ask": "0.67"}], "timestamp": "1769384820894", "event_type": "price_change"}}
{"_local_timestamp": "2026-01-25T23:47:01.065489+00:00", "data": {"market": "0xf3eccc339323db0676738e78d7f47442feb23a5d379d8023f74b5d25895e1a26", "price_changes": [{"asset_id": "110235819947154328499387875920481176956297513114069970695287516686707153024869", "price": "0.04", "size": "1780.22", "side": "BUY", "hash": "255db22cb8ba3b6fbb464baae6bc096f43fa94f0", "best_bid": "0.33", "best_ask": "0.42"}, {"asset_id": "17530713902603044125757289872480212103623079013818634835807864395004963048346", "price": "0.96", "size": "1780.22", "side": "SELL", "hash": "22cc5b0118cbda49f9ced01ccec5c199aa603eca", "best_bid": "0.58", "best_ask": "0.67"}], "timestamp": "1769384820948", "event_type": "price_change"}}
