{"_local_timestamp": "2026-01-25T23:34:22.010160+00:00", "data": [{"market": "0xe2d8271817cea8285227f6a20a8a7c5b14135d7a9904c10506a5fd4112905321", "asset_id": "76014796292385315790037152410458149777024522539255175135706726000764081079707", "timestamp": "1769383979276", "hash": "33a81fc1079e165020e1b74e80f9958857d8df84", "bids": [{"price": "0.01", "size": "11348.58"}, {"price": "0.02", "size": "900.59"}, {"price": "0.03", "size": "18.99"}, {"price": "0.04", "size": "47.96"}], "asks": [{"price": "0.99", "size": "11348.58"}, {"price": "0.98", "size": "900.59"}, {"price": "0.97", "size": "18.99"}, {"price": "0.96", "size": "42.49"}], "event_type": "book", "last_trade_price": ""}, {"market": "0x217ab3e6044a56cf9457920394c5af9579d94ce927355af423e94871139feaff", "asset_id": "86835732496980619146316412297038784213559700414305719756455093316634930198882", "timestamp": "1769383982441", "hash": "68602f99e328ba59355e4109ddc871e1072ea90f", "bids": [{"price": "0.01", "size": "11299.74"}, {"price": "0.02", "size": "900.64"}, {"price": "0.03", "size": "19.07"}, {"price": "0.04", "size": "35.46"}], "asks": [{"price": "0.99", "size": "11299.42"}, {"price": "0.98", "size": "900.28"}, {"price": "0.97", "size": "19.42"}, {"price": "0.96", "size": "29.99"}], "event_type": "book", "last_trade_price": ""}, {"market": "0x712643e456fd0a20276f7647dfcedb18879b274cec3f39d96f3988d60d42c950", "asset_id": "111557544219356388422955953097782914945694753700987082316122569852614965133578", "timestamp": "1769383983259", "hash": "b510e6b57f987839f6612198992a74ad062d5955", "bids": [{"price": "0.01", "size": "11342.68"}, {"price": "0.02", "size": "897.2"}, {"price": "0.03", "size": "23.22"}, {"price": "0.06", "size": "15.47"}], "asks": [{"price": "0.99", "size": "11348.58"}, {"price": "0.98", "size": "900.59"}, {"price": "0.97", "size": "18.99"}, {"price": "0.96", "size": "42.49"}], "event_type": "book", "last_trade_price": ""}, {"market": "0x868e0cc20f19ee22bb927d5fd12979120ce5d1a0fc6bbff398d1983bc9201466", "asset_id": "100060469674113113118626782205603961683930096063457774693730789901753382815995", "timestamp": "1769383982441", "hash": "b6814ba344332987c1d1890441a29d4278ade4c3", "bids": [{"price": "0.01", "size": "11336.86"}, {"price": "0.02", "size": "890.11"}, {"price": "0.03", "size": "29.89"}, {"price": "0.5", "size": "10"}], "asks": [{"price": "0.99", "size": "11341.17"}, {"price": "0.98", "size": "890.11"}, {"price": "0.97", "size": "33.92"}, {"price": "0.83", "size": "10"}, {"price": "0.8", "size": "50"}], "event_type": "book", "last_trade_price": ""}, {"market": "0xc2f82ad8a23de9c6b1a6e96a366327c8ad5e232daefdaf7f0df80e85463d510d", "asset_id": "62411109001583922455298972447843130255598154307948739912364069789309252069685", "timestamp": "1769383979311", "hash": "6f7808757b5532f196d3ade5aad52f48fb406c93", "bids": [{"price": "0.01", "size": "200.64"}, {"price": "0.02", "size": "29.42"}, {"price": "0.04", "size": "29.99"}, {"price": "0.05", "size": "5.47"}], "asks": [{"price": "0.99", "size": "200.64"}, {"price": "0.98", "size": "39.67"}, {"price": "0.96", "size": "29.99"}], "event_type": "book", "last_trade_price": ""}, {"market": "0xe2d8271817cea8285227f6a20a8a7c5b14135d7a9904c10506a5fd4112905321", "asset_id": "69315016300803149655247576820691038505762483625795733055806093749076395092884", "timestamp": "1769383979276", "hash": "561f7680ec742579ed1791b29b7963c19d8c136b", "bids": [{"price": "0.01", "size": "11348.58"}, {"price": "0.02", "size": "900.59"}, {"price": "0.03", "size": "18.99"}, {"price": "0.04", "size": "42.49"}], "asks": [{"price": "0.99", "size": "11348.58"}, {"price": "0.98", "size": "900.59"}, {"price": "0.97", "size": "18.99"}, {"price": "0.96", "size": "47.96"}], "event_type": "book", "last_trade_price": ""}, {"market": "0xc2f82ad8a23de9c6b1a6e96a366327c8ad5e232daefdaf7f0df80e85463d510d", "asset_id": "48440611380139987852933521061849933535135378924528221775925871385856940146001", "timestamp": "1769383979311", "hash": "87a20277674cd3ef41e76121593fc25315c9da59", "bids": [{"price": "0.01", "size": "200.64"}, {"price": "0.02", "size": "39.67"}, {"price": "0.04", "size": "29.99"}], "asks": [{"price": "0.99", "size": "200.64"}, {"price": "0.98", "size": "29.42"}, {"price": "0.96", "size": "29.99"}, {"price": "0.95", "size": "5.47"}], "event_type": "book", "last_trade_price": ""}, {"market": "0x217ab3e6044a56cf9457920394c5af9579d94ce927355af423e94871139feaff", "asset_id": "2210708265993983762689147801479323073780948587572199581626886300743896557999", "timestamp": "1769383982441", "hash": "6ce55fcea9bafd0cf08ac69fbaddc4509ea086ee", "bids": [{"price": "0.01", "size": "11299.42"}, {"price": "0.02", "size": "900.28"}, {"price": "0.03", "size": "19.42"}, {"price": "0.04", "size": "29.99"}], "asks": [{"price": "0.99", "size": "11299.74"}, {"price": "0.98", "size": "900.64"}, {"price": "0.97", "size": "19.07"}, {"price": "0.96", "size": "35.46"}], "event_type": "book", "last_trade_price": ""}, {"market": "0x868e0cc20f19ee22bb927d5fd12979120ce5d1a0fc6bbff398d1983bc9201466", "asset_id": "63090612262751547155586820313025648123763342276390859353255773813691617161236", "timestamp": "1769383982441", "hash": "3665b28bf1c45477ef778f0589b19581b245d7a1", "bids": [{"price": "0.01", "size": "11341.17"}, {"price": "0.02", "size": "890.11"}, {"price": "0.03", "size": "33.92"}, {"price": "0.17", "size": "10"}, {"price": "0.2", "size": "50"}], "asks": [{"price": "0.99", "size": "11336.86"}, {"price": "0.98", "size": "890.11"}, {"price": "0.97", "size": "29.89"}, {"price": "0.5", "size": "10"}], "event_type": "book", "last_trade_price": ""}, {"market": "0x712643e456fd0a20276f7647dfcedb18879b274cec3f39d96f3988d60d42c950", "asset_id": "8168176665152461220622205752696894616859073920575758693461347963172079770124", "timestamp": "1769383983259", "hash": "0cda4c3880e5abfded1b63717eaa1f7b7f21223f", "bids": [{"price": "0.01", "size": "11348.58"}, {"price": "0.02", "size": "900.59"}, {"price": "0.03", "size": "18.99"}, {"price": "0.04", "size": "42.49"}], "asks": [{"price": "0.99", "size": "11342.68"}, {"price": "0.98", "size": "897.2"}, {"price": "0.97", "size": "23.22"}, {"price": "0.94", "size": "15.47"}], "event_type": "book", "last_trade_price": ""}]}
{"_local_timestamp": "2026-01-25T23:34:33.562453+00:00", "data": {"market": "0xc2f82ad8a23de9c6b1a6e96a366327c8ad5e232daefdaf7f0df80e85463d510d", "price_changes": [{"asset_id": "62411109001583922455298972447843130255598154307948739912364069789309252069685", "price": "0.04", "size": "0", "side": "BUY", "hash": "6b545fb36b0345c444311603133efed38281d32d", "best_bid": "0.05", "best_ask": "0.96"}, {"asset_id": "48440611380139987852933521061849933535135378924528221775925871385856940146001", "price": "0.96", "size": "0", "side": "SELL", "hash": "cac5d2972be649a6c7ce848493f76b51ffe38f83", "best_bid": "0.04", "best_ask": "0.95"}], "timestamp": "1769384073492", "event_type": "price_change"}}
