{"_local_timestamp": "2026-01-25T23:41:28.957073+00:00", "data": [{"market": "0x798aeb3b0d8ab50ef27939b008f53119b4d5858bdf49349c25791fcd3fcadcaf", "asset_id": "108019296898664199638382209895389284348242717981595172146181661740979047419234", "timestamp": "1769384438123", "hash": "27e0dd91eaab06c2e8aed4372287fbdc9f5e5233", "bids": [{"price": "0.01", "size": "203.54"}, {"price": "0.02", "size": "97.03"}, {"price": "0.03", "size": "20.79"}, {"price": "0.04", "size": "5.47"}], "asks": [{"price": "0.99", "size": "202.04"}, {"price": "0.98", "size": "100.48"}, {"price": "0.97", "size": "18.99"}, {"price": "0.96", "size": "29.99"}], "event_type": "book", "last_trade_price": ""}, {"market": "0x6359ce8472129a27096395680e8bedd502f7cc544e08ca45cd48e517319df067", "asset_id": "46950979185336731098252631436173747358176466037136761540109359436604197773305", "timestamp": "1769384419639", "hash": "8ca4f4daff784aff08d9bc3de146285aa9773b8a", "bids": [{"price": "0.01", "size": "291.38"}, {"price": "0.02", "size": "639.27"}, {"price": "0.03", "size": "278"}, {"price": "0.04", "size": "15.01"}, {"price": "0.06", "size": "55.47"}], "asks": [{"price": "0.99", "size": "2885.08"}, {"price": "0.98", "size": "47.45"}, {"price": "0.75", "size": "300"}, {"price": "0.71", "size": "200"}, {"price": "0.69", "size": "187"}, {"price": "0.67", "size": "75"}, {"price": "0.5", "size": "10"}, {"price": "0.49", "size": "50"}], "event_type": "book", "last_trade_price": ""}, {"market": "0x798aeb3b0d8ab50ef27939b008f53119b4d5858bdf49349c25791fcd3fcadcaf", "asset_id": "50329899117108292428584557177879437261513161155956442129755846976034813694949", "timestamp": "1769384438123", "hash": "3901be87eadfdf011114758bae6f990e8732109e", "bids": [{"price": "0.01", "size": "202.04"}, {"price": "0.02", "size": "100.48"}, {"price": "0.03", "size": "18.99"}, {"price": "0.04", "size": "29.99"}], "asks": [{"price": "0.99", "size": "203.54"}, {"price": "0.98", "size": "97.03"}, {"price": "0.97", "size": "20.79"}, {"price": "0.96", "size": "5.47"}], "event_type": "book", "last_trade_price": ""}, {"market": "0x5367719c260b0f11e84fe0eacab76dc3bc0407d7b63a7e9683adc67a76e7ae4a", "asset_id": "47501244962462514643982456535393749576960416321425538987943730503569365243361", "timestamp": "1769384438123", "hash": "a5e6771e19453ab794c95aecc1753a991212cecf", "bids": [{"price": "0.01", "size": "256.52"}, {"price": "0.02", "size": "123.03"}, {"price": "0.03", "size": "20.8"}, {"price": "0.04", "size": "5.47"}], "asks": [{"price": "0.99", "size": "255.04"}, {"price": "0.98", "size": "126.48"}, {"price": "0.97", "size": "18.99"}, {"price": "0.96", "size": "29.99"}], "event_type": "book", "last_trade_price": ""}, {"market": "0x5367719c260b0f11e84fe0eacab76dc3bc0407d7b63a7e9683adc67a76e7ae4a", "asset_id": "104704595195622884911639312634107608529006755548070039431241540867079020955046", "timestamp": "1769384438123", "hash": "89cb0b08e039ff22ec1d06bcd1dcbf6af2311d8f", "bids": [{"price": "0.01", "size": "255.04"}, {"price": "0.02", "size": "126.48"}, {"price": "0.03", "size": "18.99"}, {"price": "0.04", "size": "29.99"}], "asks": [{"price": "0.99", "size": "256.52"}, {"price": "0.98", "size": "123.03"}, {"price": "0.97", "size": "20.8"}, {"price": "0.96", "size": "5.47"}], "event_type": "book", "last_trade_price": ""}, {"market": "0x6359ce8472129a27096395680e8bedd502f7cc544e08ca45cd48e517319df067", "asset_id": "63058166805197201987359085610167700846203656029173241767913715334727157806997", "timestamp": "1769384419639", "hash": "57bd420a3eb86c7b2fbf711c109956409b230526", "bids": [{"price": "0.01", "size": "2885.08"}, {"price": "0.02", "size": "47.45"}, {"price": "0.25", "size": "300"}, {"price": "0.29", "size": "200"}, {"price": "0.31", "size": "187"}, {"price": "0.33", "size": "75"}, {"price": "0.5", "size": "10"}, {"price": "0.51", "size": "50"}], "asks": [{"price": "0.99", "size": "291.38"}, {"price": "0.98", "size": "639.27"}, {"price": "0.97", "size": "278"}, {"price": "0.96", "size": "15.01"}, {"price": "0.94", "size": "55.47"}], "event_type": "book", "last_trade_price": ""}, {"market": "0xef46d8aef02c83f0203460751faa083b9fb892ec1d6a69aa856b9a26a3a61038", "asset_id": "98491734251687324139335621009311531281070290563154473971916535028562687177976", "timestamp": "1769384438123", "hash": "10c29ce6f1689ec1d6155b625ea49094de926ecb", "bids": [{"price": "0.01", "size": "202.04"}, {"price": "0.02", "size": "117.48"}, {"price": "0.03", "size": "18.99"}, {"price": "0.04", "size": "29.99"}], "asks": [{"price": "0.99", "size": "203.82"}, {"price": "0.98", "size": "96.69"}, {"price": "0.97", "size": "20.93"}, {"price": "0.96", "size": "5.47"}], "event_type": "book", "last_trade_price": ""}, {"market": "0xef46d8aef02c83f0203460751faa083b9fb892ec1d6a69aa856b9a26a3a61038", "asset_id": "6515288417779938267569950852091488264079487480017123334432544130400654176812", "timestamp": "1769384438123", "hash": "03acac3967144130c063f312c88ab817527581a0", "bids": [{"price": "0.01", "size": "203.82"}, {"price": "0.02", "size": "96.69"}, {"price": "0.03", "size": "20.93"}, {"price": "0.04", "size": "5.47"}], "asks": [{"price": "0.99", "size": "202.04"}, {"price": "0.98", "size": "117.48"}, {"price": "0.97", "size": "18.99"}, {"price": "0.96", "size": "29.99"}], "event_type": "book", "last_trade_price": ""}]}
