{"_local_timestamp": "2026-01-25T23:34:24.020406+00:00", "data": [{"market": "0xc10f9b681c9c6f563049d9eba86212e8780c92a87a92b0a4c02b4a97207c43f6", "asset_id": "2162042672376060959671551930334041957995276777245897554456078789531767287020", "timestamp": "1769383982951", "hash": "44f7a827011b95d86e026f7969186c2a6998447c", "bids": [{"price": "0.01", "size": "255.04"}, {"price": "0.02", "size": "94.48"}, {"price": "0.03", "size": "18.99"}, {"price": "0.04", "size": "29.99"}], "asks": [{"price": "0.99", "size": "247.79"}, {"price": "0.98", "size": "80.03"}, {"price": "0.97", "size": "23.71"}, {"price": "0.95", "size": "23.99"}, {"price": "0.94", "size": "5.47"}], "event_type": "book", "last_trade_price": ""}, {"market": "0xc10f9b681c9c6f563049d9eba86212e8780c92a87a92b0a4c02b4a97207c43f6", "asset_id": "11830090122054188774311825288191924635763866170525129175402035148917279641539", "timestamp": "1769383982951", "hash": "3c4f9cdea9e37f07bc813062599525c01c0d046a", "bids": [{"price": "0.01", "size": "247.79"}, {"price": "0.02", "size": "80.03"}, {"price": "0.03", "size": "23.71"}, {"price": "0.05", "size": "23.99"}, {"price": "0.06", "size": "5.47"}], "asks": [{"price": "0.99", "size": "255.04"}, {"price": "0.98", "size": "94.48"}, {"price": "0.97", "size": "18.99"}, {"price": "0.96", "size": "29.99"}], "event_type": "book", "last_trade_price": ""}, {"market": "0xbad1e7a86a8e22420686b633b575f873549fc265a1b883d4abc3a69508d829b8", "asset_id": "41699308999919210823225001169580353388597297568737755454301901156941952101704", "timestamp": "1769383982950", "hash": "eba9ab9f9a8e025a394956f29266fec51daf9c88", "bids": [{"price": "0.01", "size": "302.04"}, {"price": "0.02", "size": "150.48"}, {"price": "0.03", "size": "18.99"}, {"price": "0.04", "size": "29.99"}], "asks": [{"price": "0.99", "size": "303.6"}, {"price": "0.98", "size": "146.83"}, {"price": "0.97", "size": "20.91"}, {"price": "0.95", "size": "23.99"}, {"price": "0.94", "size": "5.47"}], "event_type": "book", "last_trade_price": ""}, {"market": "0x4c58718cfbe67a092e27490d5c1557df0f0500474ab2739bddee035c9d5af77f", "asset_id": "28890105978122262666234924363282699497790222421031646186418608893018940773234", "timestamp": "1769383787777", "hash": "ce53a06ed54832ed8c6e558cf01caac76a299a3b", "bids": [{"price": "0.01", "size": "292.43"}, {"price": "0.02", "size": "90"}, {"price": "0.03", "size": "29.18"}, {"price": "0.28", "size": "10"}], "asks": [{"price": "0.99", "size": "304.14"}, {"price": "0.98", "size": "19.43"}, {"price": "0.97", "size": "250"}, {"price": "0.96", "size": "9.25"}, {"price": "0.95", "size": "5.47"}], "event_type": "book", "last_trade_price": ""}, {"market": "0x4f037edcbfe838b107b733c59a1be8843e751ad7b38faade4708a0983cbb0ea5", "asset_id": "107459494287777095413540431684535641623973928881138906326967344651084920000728", "timestamp": "1769383979311", "hash": "1621ebf8221bd86951c4ee09737c5f9ea8bdc779", "bids": [{"price": "0.01", "size": "302.04"}, {"price": "0.02", "size": "150.48"}, {"price": "0.03", "size": "18.99"}, {"price": "0.04", "size": "29.99"}], "asks": [{"price": "0.99", "size": "294.79"}, {"price": "0.98", "size": "146.1"}, {"price": "0.97", "size": "24.33"}, {"price": "0.95", "size": "23.99"}, {"price": "0.94", "size": "5.47"}], "event_type": "book", "last_trade_price": ""}, {"market": "0x4c58718cfbe67a092e27490d5c1557df0f0500474ab2739bddee035c9d5af77f", "asset_id": "31389056719987327990952407116442469233607924703310161040620209293821298633600", "timestamp": "1769383787777", "hash": "33b2892c4145aa0388a87ce72163c309f6264ee9", "bids": [{"price": "0.01", "size": "304.14"}, {"price": "0.02", "size": "19.43"}, {"price": "0.03", "size": "250"}, {"price": "0.04", "size": "9.25"}, {"price": "0.05", "size": "5.47"}], "asks": [{"price": "0.99", "size": "292.43"}, {"price": "0.98", "size": "90"}, {"price": "0.97", "size": "29.18"}, {"price": "0.72", "size": "10"}], "event_type": "book", "last_trade_price": ""}, {"market": "0x4f037edcbfe838b107b733c59a1be8843e751ad7b38faade4708a0983cbb0ea5", "asset_id": "81689004030113466972568110834512836839724199870927679163878524202677627525248", "timestamp": "1769383979311", "hash": "cecad734cba301b0ed29144f746245f50a8f841d", "bids": [{"price": "0.01", "size": "294.79"}, {"price": "0.02", "size": "146.1"}, {"price": "0.03", "size": "24.33"}, {"price": "0.05", "size": "23.99"}, {"price": "0.06", "size": "5.47"}], "asks": [{"price": "0.99", "size": "302.04"}, {"price": "0.98", "size": "150.48"}, {"price": "0.97", "size": "18.99"}, {"price": "0.96", "size": "29.99"}], "event_type": "book", "last_trade_price": ""}, {"market": "0xbad1e7a86a8e22420686b633b575f873549fc265a1b883d4abc3a69508d829b8", "asset_id": "101464203779058774411004425835596964852248845734625970988055073580789312996724", "timestamp": "1769383982950", "hash": "38d7f6ecb7f41f372e68b766061eea8ceb988bbf", "bids": [{"price": "0.01", "size": "303.6"}, {"price": "0.02", "size": "146.83"}, {"price": "0.03", "size": "20.91"}, {"price": "0.05", "size": "23.99"}, {"price": "0.06", "size": "5.47"}], "asks": [{"price": "0.99", "size": "302.04"}, {"price": "0.98", "size": "150.48"}, {"price": "0.97", "size": "18.99"}, {"price": "0.96", "size": "29.99"}], "event_type": "book", "last_trade_price": ""}]}
