{"_local_timestamp": "2026-01-25T23:34:23.523786+00:00", "data": [{"market": "0x85e775634987a4b9029ba89f778cc38db19895e546c93abef01b5640df0dc78b", "asset_id": "84047650671059172595757396913441674838468233151411423300291768123986024250152", "timestamp": "1769381971169", "hash": "d9905fa8dca1c4b433841f1de8dab50135599660", "bids": [{"price": "0.01", "size": "99.99"}, {"price": "0.02", "size": "40"}, {"price": "0.05", "size": "10"}], "asks": [{"price": "0.99", "size": "99.99"}, {"price": "0.98", "size": "40"}, {"price": "0.95", "size": "15.47"}], "event_type": "book", "last_trade_price": ""}, {"market": "0xbe3e41b36e344f46d42a710323e4d53a0283796acdc9f69e3ea50f97b3852e29", "asset_id": "71059054752109218135442977708485517491025713999386273946008983803286229597957", "timestamp": "1769381669149", "hash": "e6add2ab3d07e8fe39fccd318e4c4af4454c2984", "bids": [{"price": "0.01", "size": "255.04"}, {"price": "0.02", "size": "38.97"}, {"price": "0.04", "size": "42.49"}], "asks": [{"price": "0.99", "size": "251.81"}, {"price": "0.98", "size": "40.59"}, {"price": "0.95", "size": "15.47"}], "event_type": "book", "last_trade_price": ""}, {"market": "0x34c4e60c515641ea80e9f4a0fc9e87e3b6cfa37471f11aa8185def171610a325", "asset_id": "107485712670758238691512013848512989568479240403945749862494136308821891525111", "timestamp": "1769381971169", "hash": "baf8302cfae636cc4ca2600cbb0adecf54a8e476", "bids": [{"price": "0.01", "size": "99.99"}, {"price": "0.02", "size": "40"}, {"price": "0.05", "size": "15.47"}], "asks": [{"price": "0.99", "size": "99.99"}, {"price": "0.98", "size": "40"}, {"price": "0.95", "size": "10"}], "event_type": "book", "last_trade_price": ""}, {"market": "0x222b44f09e35e4954ed6d862e72dcae32edab1eecef0df38d895463dae45efda", "asset_id": "106821949736464842969141974075818573331012743450132449588968188753631559639022", "timestamp": "1769383982950", "hash": "55285fb50457ed9a7b5f8d74841ea227a4367631", "bids": [{"price": "0.01", "size": "300.07"}, {"price": "0.02", "size": "25.56"}, {"price": "0.04", "size": "29.99"}, {"price": "0.05", "size": "5.47"}], "asks": [{"price": "0.99", "size": "286.11"}, {"price": "0.98", "size": "46.94"}, {"price": "0.72", "size": "10"}], "event_type": "book", "last_trade_price": ""}, {"market": "0xbe3e41b36e344f46d42a710323e4d53a0283796acdc9f69e3ea50f97b3852e29", "asset_id": "115313672813075887024731656494404831053595027708298109348013077251737851161241", "timestamp": "1769381669149", "hash": "ac98f38bb80ef9735564b6297aad5fa3083d5b04", "bids": [{"price": "0.01", "size": "251.81"}, {"price": "0.02", "size": "40.59"}, {"price": "0.05", "size": "15.47"}], "asks": [{"price": "0.99", "size": "255.04"}, {"price": "0.98", "size": "38.97"}, {"price": "0.96", "size": "42.49"}], "event_type": "book", "last_trade_price": ""}, {"market": "0x85e775634987a4b9029ba89f778cc38db19895e546c93abef01b5640df0dc78b", "asset_id": "64172190609757201901884274511262494995200075278749300866756401392852993552734", "timestamp": "1769381971169", "hash": "303a47dfb2f5da7b46346bfe9b96621e87e76ace", "bids": [{"price": "0.01", "size": "99.99"}, {"price": "0.02", "size": "40"}, {"price": "0.05", "size": "15.47"}], "asks": [{"price": "0.99", "size": "99.99"}, {"price": "0.98", "size": "40"}, {"price": "0.95", "size": "10"}], "event_type": "book", "last_trade_price": ""}, {"market": "0x34c4e60c515641ea80e9f4a0fc9e87e3b6cfa37471f11aa8185def171610a325", "asset_id": "91444119094523526437791641048054909408304471624572299944237372557542383852920", "timestamp": "1769381971169", "hash": "58a348c2337b3e302a469fd505184e0e898f648e", "bids": [{"price": "0.01", "size": "99.99"}, {"price": "0.02", "size": "40"}, {"price": "0.05", "size": "10"}], "asks": [{"price": "0.99", "size": "99.99"}, {"price": "0.98", "size": "40"}, {"price": "0.95", "size": "15.47"}], "event_type": "book", "last_trade_price": ""}, {"market": "0x222b44f09e35e4954ed6d862e72dcae32edab1eecef0df38d895463dae45efda", "asset_id": "34785458113907976138722474755049796151506506769864489504328277642286350331304", "timestamp": "1769383982950", "hash": "ae92f79fa516b160a923c81603e177061515e6de", "bids": [{"price": "0.01", "size": "286.11"}, {"price": "0.02", "size": "46.94"}, {"price": "0.28", "size": "10"}], "asks": [{"price": "0.99", "size": "300.07"}, {"price": "0.98", "size": "25.56"}, {"price": "0.96", "size": "29.99"}, {"price": "0.95", "size": "5.47"}], "event_type": "book", "last_trade_price": ""}]}
{"_local_timestamp": "2026-01-25T23:34:33.764856+00:00", "data": {"market": "0x222b44f09e35e4954ed6d862e72dcae32edab1eecef0df38d895463dae45efda", "price_changes": [{"asset_id": "106821949736464842969141974075818573331012743450132449588968188753631559639022", "price": "0.04", "size": "0", "side": "BUY", "hash": "4c4e374fb3046a7b69c1b23ebdd0f69f7236da8f", "best_bid": "0.05", "best_ask": "0.72"}, {"asset_id": "34785458113907976138722474755049796151506506769864489504328277642286350331304", "price": "0.96", "size": "0", "side": "SELL", "hash": "09454d3fff02bcb8001605bc65d51669098d6bff", "best_bid": "0.28", "best_ask": "0.95"}], "timestamp": "1769384073686", "event_type": "price_change"}}
{"_local_timestamp": "2026-01-25T23:34:35.139152+00:00", "data": {"market": "0x222b44f09e35e4954ed6d862e72dcae32edab1eecef0df38d895463dae45efda", "price_changes": [{"asset_id": "106821949736464842969141974075818573331012743450132449588968188753631559639022", "price": "0.05", "size": "0", "side": "BUY", "hash": "2a7f7778af2a1054de6937575f255b0a42617bc9", "best_bid": "0.02", "best_ask": "0.72"}, {"asset_id": "34785458113907976138722474755049796151506506769864489504328277642286350331304", "price": "0.95", "size": "0", "side": "SELL", "hash": "860f49b4939fafe0646330cca41eca15436d1952", "best_bid": "0.28", "best_ask": "0.98"}], "timestamp": "1769384075057", "event_type": "price_change"}}
{"_local_timestamp": "2026-01-25T23:34:35.393530+00:00", "data": {"market": "0x222b44f09e35e4954ed6d862e72dcae32edab1eecef0df38d895463dae45efda", "price_changes": [{"asset_id": "106821949736464842969141974075818573331012743450132449588968188753631559639022", "price": "0.03", "size": "5.47", "side": "BUY", "hash": "c5e55921a50c935d73dbdd7c22e4a9ec06b9228a", "best_bid": "0.03", "best_ask": "0.72"}, {"asset_id": "34785458113907976138722474755049796151506506769864489504328277642286350331304", "price": "0.97", "size": "5.47", "side": "SELL", "hash": "ad2e209a9520454545de9da3e17ceb5329ff7454", "best_bid": "0.28", "best_ask": "0.97"}], "timestamp": "1769384075327", "event_type": "price_change"}}
{"_local_timestamp": "2026-01-25T23:36:05.447549+00:00", "data": {"market": "0x222b44f09e35e4954ed6d862e72dcae32edab1eecef0df38d895463dae45efda", "price_changes": [{"asset_id": "106821949736464842969141974075818573331012743450132449588968188753631559639022", "price": "0.04", "size": "29.99", "side": "BUY", "hash": "96e7bec5aa333c544835d0dfa7eeea37f43ca6f9", "best_bid": "0.04", "best_ask": "0.72"}, {"asset_id": "34785458113907976138722474755049796151506506769864489504328277642286350331304", "price": "0.96", "size": "29.99", "side": "SELL", "hash": "fc22b6a1a69df551c90c453316c7c88c1bd5fa65", "best_bid": "0.28", "best_ask": "0.96"}], "timestamp": "1769384165373", "event_type": "price_change"}}
{"_local_timestamp": "2026-01-25T23:36:09.251796+00:00", "data": {"market": "0x222b44f09e35e4954ed6d862e72dcae32edab1eecef0df38d895463dae45efda", "price_changes": [{"asset_id": "106821949736464842969141974075818573331012743450132449588968188753631559639022", "price": "0.03", "size": "0", "side": "BUY", "hash": "c882c2fea51b5203f00afa154fed4c24c9aa024e", "best_bid": "0.04", "best_ask": "0.72"}, {"asset_id": "34785458113907976138722474755049796151506506769864489504328277642286350331304", "price": "0.97", "size": "0", "side": "SELL", "hash": "3689db6fba06cfa21064920ab1eb9925b14fd912", "best_bid": "0.28", "best_ask": "0.96"}], "timestamp": "1769384169172", "event_type": "price_change"}}
{"_local_timestamp": "2026-01-25T23:36:09.586353+00:00", "data": {"market": "0x222b44f09e35e4954ed6d862e72dcae32edab1eecef0df38d895463dae45efda", "price_changes": [{"asset_id": "106821949736464842969141974075818573331012743450132449588968188753631559639022", "price": "0.05", "size": "5.47", "side": "BUY", "hash": "ff33bff7289ccd8acd08e85e6263f0b9860fbbba", "best_bid": "0.05", "best_ask": "0.72"}, {"asset_id": "34785458113907976138722474755049796151506506769864489504328277642286350331304", "price": "0.95", "size": "5.47", "side": "SELL", "hash": "83982975a89af5053e54a71c9aef8fda8cbfcf66", "best_bid": "0.28", "best_ask": "0.95"}], "timestamp": "1769384169516", "event_type": "price_change"}}
{"_local_timestamp": "2026-01-25T23:37:43.274044+00:00", "data": {"market": "0x222b44f09e35e4954ed6d862e72dcae32edab1eecef0df38d895463dae45efda", "price_changes": [{"asset_id": "106821949736464842969141974075818573331012743450132449588968188753631559639022", "price": "0.04", "size": "0", "side": "BUY", "hash": "6fe249bd4e2782e2197205c39af365b9429bf4a4", "best_bid": "0.05", "best_ask": "0.72"}, {"asset_id": "34785458113907976138722474755049796151506506769864489504328277642286350331304", "price": "0.96", "size": "0", "side": "SELL", "hash": "0037cba5c8c00432ce2f18ddad4b894e8eda9486", "best_bid": "0.28", "best_ask": "0.95"}], "timestamp": "1769384263172", "event_type": "price_change"}}
{"_local_timestamp": "2026-01-25T23:37:46.311730+00:00", "data": {"market": "0x222b44f09e35e4954ed6d862e72dcae32edab1eecef0df38d895463dae45efda", "price_changes": [{"asset_id": "106821949736464842969141974075818573331012743450132449588968188753631559639022", "price": "0.05", "size": "0", "side": "BUY", "hash": "903adca39e9b9e0bd84e19b15eda3bbbe2345dca", "best_bid": "0.02", "best_ask": "0.72"}, {"asset_id": "34785458113907976138722474755049796151506506769864489504328277642286350331304", "price": "0.95", "size": "0", "side": "SELL", "hash": "8c86baceb2508399cec6e4ffb4baaf80e8fcf5ea", "best_bid": "0.28", "best_ask": "0.98"}], "timestamp": "1769384266142", "event_type": "price_change"}}
{"_local_timestamp": "2026-01-25T23:37:46.545447+00:00", "data": {"market": "0x222b44f09e35e4954ed6d862e72dcae32edab1eecef0df38d895463dae45efda", "price_changes": [{"asset_id": "106821949736464842969141974075818573331012743450132449588968188753631559639022", "price": "0.03", "size": "5.47", "side": "BUY", "hash": "5f3dd7d8826eea0a8a9442b957b75c41b4237fd5", "best_bid": "0.03", "best_ask": "0.72"}, {"asset_id": "34785458113907976138722474755049796151506506769864489504328277642286350331304", "price": "0.97", "size": "5.47", "side": "SELL", "hash": "95e7447bed07900bb02f59fee58d22c07941a41b", "best_bid": "0.28", "best_ask": "0.97"}], "timestamp": "1769384266399", "event_type": "price_change"}}
{"_local_timestamp": "2026-01-25T23:39:12.193407+00:00", "data": {"market": "0x222b44f09e35e4954ed6d862e72dcae32edab1eecef0df38d895463dae45efda", "price_changes": [{"asset_id": "106821949736464842969141974075818573331012743450132449588968188753631559639022", "price": "0.04", "size": "29.99", "side": "BUY", "hash": "5e9f9653bccf130baf6584fc265964232b278cc0", "best_bid": "0.04", "best_ask": "0.72"}, {"asset_id": "34785458113907976138722474755049796151506506769864489504328277642286350331304", "price": "0.96", "size": "29.99", "side": "SELL", "hash": "6a10711529ff35e0c1dc3087a1d8314946e00897", "best_bid": "0.28", "best_ask": "0.96"}], "timestamp": "1769384352100", "event_type": "price_change"}}
{"_local_timestamp": "2026-01-25T23:39:15.213723+00:00", "data": {"market": "0x222b44f09e35e4954ed6d862e72dcae32edab1eecef0df38d895463dae45efda", "price_changes": [{"asset_id": "106821949736464842969141974075818573331012743450132449588968188753631559639022", "price": "0.03", "size": "0", "side": "BUY", "hash": "393deeb9aaf8f342ee040ff775563a851e80d6c1", "best_bid": "0.04", "best_ask": "0.72"}, {"asset_id": "34785458113907976138722474755049796151506506769864489504328277642286350331304", "price": "0.97", "size": "0", "side": "SELL", "hash": "978c03dbb1d65a879205ebb43a26c1761248c60a", "best_bid": "0.28", "best_ask": "0.96"}], "timestamp": "1769384355090", "event_type": "price_change"}}
{"_local_timestamp": "2026-01-25T23:39:15.617171+00:00", "data": {"market": "0x222b44f09e35e4954ed6d862e72dcae32edab1eecef0df38d895463dae45efda", "price_changes": [{"asset_id": "106821949736464842969141974075818573331012743450132449588968188753631559639022", "price": "0.05", "size": "5.47", "side": "BUY", "hash": "6d672c9864d3cfdc79eae8479cab94289174634f", "best_bid": "0.05", "best_ask": "0.72"}, {"asset_id": "34785458113907976138722474755049796151506506769864489504328277642286350331304", "price": "0.95", "size": "5.47", "side": "SELL", "hash": "0ca1136ab50f78ca1a22d28944566dbb1229aea3", "best_bid": "0.28", "best_ask": "0.95"}], "timestamp": "1769384355538", "event_type": "price_change"}}
