{"_local_timestamp": "2026-01-25T23:34:23.540126+00:00", "data": [{"market": "0x6c5a4265f81581f0311b17d0e74c07edbfa4dbe7d050040300aeb4fa038f5437", "asset_id": "99155260082027043306617057882542893631877613598652906709999917440053840082929", "timestamp": "1769383979311", "hash": "a792fa5160e8cac3eb1e4e0c161c16885867a5ec", "bids": [{"price": "0.01", "size": "302.04"}, {"price": "0.02", "size": "111.48"}, {"price": "0.03", "size": "18.99"}, {"price": "0.04", "size": "29.99"}], "asks": [{"price": "0.99", "size": "294.79"}, {"price": "0.98", "size": "103.1"}, {"price": "0.97", "size": "24.33"}, {"price": "0.95", "size": "23.99"}, {"price": "0.94", "size": "5.47"}], "event_type": "book", "last_trade_price": ""}, {"market": "0xcff343463c12a86e590ad15f2c72eefeb10b405546181fee1a91c2477f588729", "asset_id": "20156262322105216627515966796792922656738296304180205110025831168315348313934", "timestamp": "1769383979311", "hash": "223bdfaf0b9ce7475e3a7575382757fa591bd98e", "bids": [{"price": "0.01", "size": "302.04"}, {"price": "0.02", "size": "111.48"}, {"price": "0.03", "size": "18.99"}, {"price": "0.04", "size": "29.99"}], "asks": [{"price": "0.99", "size": "294.79"}, {"price": "0.98", "size": "103.1"}, {"price": "0.97", "size": "24.33"}, {"price": "0.95", "size": "23.99"}, {"price": "0.94", "size": "5.47"}], "event_type": "book", "last_trade_price": ""}, {"market": "0xe5d26339c447b291fff38e264bda9985e6f9dab2f5e82fb4c8c4bf794b9006c9", "asset_id": "15241486216025403841781354892824544387233855845778629694825920164167695493062", "timestamp": "1769379441241", "hash": "b09dffa9e73833a2099b3a3d3890302b9febe85e", "bids": [{"price": "0.01", "size": "285.67"}, {"price": "0.02", "size": "18.62"}, {"price": "0.07", "size": "300"}, {"price": "0.08", "size": "325"}, {"price": "0.09", "size": "75"}, {"price": "0.1", "size": "67.7"}, {"price": "0.34", "size": "50"}, {"price": "0.36", "size": "10"}], "asks": [{"price": "0.99", "size": "285.26"}, {"price": "0.98", "size": "18.61"}, {"price": "0.9", "size": "300"}, {"price": "0.89", "size": "205.22"}, {"price": "0.88", "size": "125"}, {"price": "0.87", "size": "75"}, {"price": "0.86", "size": "62"}, {"price": "0.5", "size": "50"}, {"price": "0.49", "size": "10"}], "event_type": "book", "last_trade_price": ""}, {"market": "0x96e33f80379e56277d466a219572bc82d6db2179bc7e7cd0f78477fbefff5310", "asset_id": "5349242390775590256742861377827090425176131339466113634705167377512829134810", "timestamp": "1769383982949", "hash": "aeeb188599d6aad51b991a5bd56bb18d88176476", "bids": [{"price": "0.01", "size": "255.04"}, {"price": "0.02", "size": "87.48"}, {"price": "0.03", "size": "18.99"}, {"price": "0.04", "size": "29.99"}], "asks": [{"price": "0.99", "size": "247.56"}, {"price": "0.98", "size": "80.03"}, {"price": "0.97", "size": "23.79"}, {"price": "0.95", "size": "23.99"}, {"price": "0.94", "size": "5.47"}], "event_type": "book", "last_trade_price": ""}, {"market": "0xcff343463c12a86e590ad15f2c72eefeb10b405546181fee1a91c2477f588729", "asset_id": "50283462589567432876394027001694861115964070311305720657038547197840864441209", "timestamp": "1769383979311", "hash": "53eecc65b8f5ad2c03cc79ac2acce49de3df7b55", "bids": [{"price": "0.01", "size": "294.79"}, {"price": "0.02", "size": "103.1"}, {"price": "0.03", "size": "24.33"}, {"price": "0.05", "size": "23.99"}, {"price": "0.06", "size": "5.47"}], "asks": [{"price": "0.99", "size": "302.04"}, {"price": "0.98", "size": "111.48"}, {"price": "0.97", "size": "18.99"}, {"price": "0.96", "size": "29.99"}], "event_type": "book", "last_trade_price": ""}, {"market": "0x96e33f80379e56277d466a219572bc82d6db2179bc7e7cd0f78477fbefff5310", "asset_id": "13290977623601816734654608736996048302799588034290137559836732183881508301400", "timestamp": "1769383982949", "hash": "2897f30c4438d55d0b75a4b62fb258f70273ca7d", "bids": [{"price": "0.01", "size": "247.56"}, {"price": "0.02", "size": "80.03"}, {"price": "0.03", "size": "23.79"}, {"price": "0.05", "size": "23.99"}, {"price": "0.06", "size": "5.47"}], "asks": [{"price": "0.99", "size": "255.04"}, {"price": "0.98", "size": "87.48"}, {"price": "0.97", "size": "18.99"}, {"price": "0.96", "size": "29.99"}], "event_type": "book", "last_trade_price": ""}, {"market": "0xe5d26339c447b291fff38e264bda9985e6f9dab2f5e82fb4c8c4bf794b9006c9", "asset_id": "75773198950611247405998945611006492532449542755059174259551770003338470096706", "timestamp": "1769379441241", "hash": "4a9e4aa9da9866cfeca2680330cf8d3605abc475", "bids": [{"price": "0.01", "size": "285.26"}, {"price": "0.02", "size": "18.61"}, {"price": "0.1", "size": "300"}, {"price": "0.11", "size": "205.22"}, {"price": "0.12", "size": "125"}, {"price": "0.13", "size": "75"}, {"price": "0.14", "size": "62"}, {"price": "0.5", "size": "50"}, {"price": "0.51", "size": "10"}], "asks": [{"price": "0.99", "size": "285.67"}, {"price": "0.98", "size": "18.62"}, {"price": "0.93", "size": "300"}, {"price": "0.92", "size": "325"}, {"price": "0.91", "size": "75"}, {"price": "0.9", "size": "67.7"}, {"price": "0.66", "size": "50"}, {"price": "0.64", "size": "10"}], "event_type": "book", "last_trade_price": ""}, {"market": "0x6c5a4265f81581f0311b17d0e74c07edbfa4dbe7d050040300aeb4fa038f5437", "asset_id": "77854887657484589965727679868155958579445116903976612644407681347671326162509", "timestamp": "1769383979311", "hash": "ba3917bd493cffd1031d1a96f74a9040a79459cd", "bids": [{"price": "0.01", "size": "294.79"}, {"price": "0.02", "size": "103.1"}, {"price": "0.03", "size": "24.33"}, {"price": "0.05", "size": "23.99"}, {"price": "0.06", "size": "5.47"}], "asks": [{"price": "0.99", "size": "302.04"}, {"price": "0.98", "size": "111.48"}, {"price": "0.97", "size": "18.99"}, {"price": "0.96", "size": "29.99"}], "event_type": "book", "last_trade_price": ""}]}
{"_local_timestamp": "2026-01-25T23:34:33.669183+00:00", "data": {"market": "0x6c5a4265f81581f0311b17d0e74c07edbfa4dbe7d050040300aeb4fa038f5437", "price_changes": [{"asset_id": "77854887657484589965727679868155958579445116903976612644407681347671326162509", "price": "0.05", "size": "0", "side": "BUY", "hash": "ea294da940a1d7bd7f5442cc39f24251963fd934", "best_bid": "0.06", "best_ask": "0.96"}, {"asset_id": "99155260082027043306617057882542893631877613598652906709999917440053840082929", "price": "0.95", "size": "0", "side": "SELL", "hash": "c24b5e6c00cfbf01fd94638545c3dabaf9c38cbe", "best_bid": "0.04", "best_ask": "0.94"}], "timestamp": "1769384073594", "event_type": "price_change"}}
{"_local_timestamp": "2026-01-25T23:34:33.670022+00:00", "data": {"market": "0x96e33f80379e56277d466a219572bc82d6db2179bc7e7cd0f78477fbefff5310", "price_changes": [{"asset_id": "13290977623601816734654608736996048302799588034290137559836732183881508301400", "price": "0.05", "size": "0", "side": "BUY", "hash": "f53e667559330a76899893b870645d468b8a42f4", "best_bid": "0.06", "best_ask": "0.96"}, {"asset_id": "5349242390775590256742861377827090425176131339466113634705167377512829134810", "price": "0.95", "size": "0", "side": "SELL", "hash": "d31bfe55f0d2e7453dd1d9fe885600f84ed6939d", "best_bid": "0.04", "best_ask": "0.94"}], "timestamp": "1769384073594", "event_type": "price_change"}}
{"_local_timestamp": "2026-01-25T23:34:33.755991+00:00", "data": {"market": "0xcff343463c12a86e590ad15f2c72eefeb10b405546181fee1a91c2477f588729", "price_changes": [{"asset_id": "50283462589567432876394027001694861115964070311305720657038547197840864441209", "price": "0.05", "size": "0", "side": "BUY", "hash": "ac76dd7acb860ee42bc662e4b72bb681fc8323dc", "best_bid": "0.06", "best_ask": "0.96"}, {"asset_id": "20156262322105216627515966796792922656738296304180205110025831168315348313934", "price": "0.95", "size": "0", "side": "SELL", "hash": "bdf7ccbab503e12adc494c1951c68b4ab8c6d90c", "best_bid": "0.04", "best_ask": "0.94"}], "timestamp": "1769384073687", "event_type": "price_change"}}
{"_local_timestamp": "2026-01-25T23:34:35.154263+00:00", "data": {"market": "0xcff343463c12a86e590ad15f2c72eefeb10b405546181fee1a91c2477f588729", "price_changes": [{"asset_id": "50283462589567432876394027001694861115964070311305720657038547197840864441209", "price": "0.06", "size": "0", "side": "BUY", "hash": "16b54664810a0028083bdcec0285cc34dc361fa7", "best_bid": "0.03", "best_ask": "0.96"}, {"asset_id": "20156262322105216627515966796792922656738296304180205110025831168315348313934", "price": "0.94", "size": "0", "side": "SELL", "hash": "d8d5cc77f21d26c8377c0caa31e964a9f548c779", "best_bid": "0.04", "best_ask": "0.97"}], "timestamp": "1769384075058", "event_type": "price_change"}}
{"_local_timestamp": "2026-01-25T23:34:35.155320+00:00", "data": {"market": "0x6c5a4265f81581f0311b17d0e74c07edbfa4dbe7d050040300aeb4fa038f5437", "price_changes": [{"asset_id": "77854887657484589965727679868155958579445116903976612644407681347671326162509", "price": "0.06", "size": "0", "side": "BUY", "hash": "af5e17dd2d49b1becf72aa2652dfa8db1aaac4e0", "best_bid": "0.03", "best_ask": "0.96"}, {"asset_id": "99155260082027043306617057882542893631877613598652906709999917440053840082929", "price": "0.94", "size": "0", "side": "SELL", "hash": "46dd87952cc7356df3f28094165f367c7778202b", "best_bid": "0.04", "best_ask": "0.97"}], "timestamp": "1769384075058", "event_type": "price_change"}}
{"_local_timestamp": "2026-01-25T23:34:35.156423+00:00", "data": {"market": "0x96e33f80379e56277d466a219572bc82d6db2179bc7e7cd0f78477fbefff5310", "price_changes": [{"asset_id": "13290977623601816734654608736996048302799588034290137559836732183881508301400", "price": "0.06", "size": "0", "side": "BUY", "hash": "888098372cfabc7b5ad8492740e80c1948729993", "best_bid": "0.03", "best_ask": "0.96"}, {"asset_id": "5349242390775590256742861377827090425176131339466113634705167377512829134810", "price": "0.94", "size": "0", "side": "SELL", "hash": "f6928da6d87f4396e28346bf9bb2fb2c8d469fe9", "best_bid": "0.04", "best_ask": "0.97"}], "timestamp": "1769384075057", "event_type": "price_change"}}
{"_local_timestamp": "2026-01-25T23:34:35.397447+00:00", "data": {"market": "0x6c5a4265f81581f0311b17d0e74c07edbfa4dbe7d050040300aeb4fa038f5437", "price_changes": [{"asset_id": "77854887657484589965727679868155958579445116903976612644407681347671326162509", "price": "0.04", "size": "5.47", "side": "BUY", "hash": "cfa5f5eed07c97b0ec3635ebb646018acf8d9a19", "best_bid": "0.04", "best_ask": "0.96"}, {"asset_id": "99155260082027043306617057882542893631877613598652906709999917440053840082929", "price": "0.96", "size": "5.47", "side": "SELL", "hash": "12bdf6d7dd7e751a36a39f79dc8252c3e5ed0596", "best_bid": "0.04", "best_ask": "0.96"}], "timestamp": "1769384075327", "event_type": "price_change"}}
{"_local_timestamp": "2026-01-25T23:34:35.397880+00:00", "data": {"market": "0xcff343463c12a86e590ad15f2c72eefeb10b405546181fee1a91c2477f588729", "price_changes": [{"asset_id": "50283462589567432876394027001694861115964070311305720657038547197840864441209", "price": "0.04", "size": "5.47", "side": "BUY", "hash": "d102ac26a2b6a2eea79d98238c4772ae8b3ed469", "best_bid": "0.04", "best_ask": "0.96"}, {"asset_id": "20156262322105216627515966796792922656738296304180205110025831168315348313934", "price": "0.96", "size": "5.47", "side": "SELL", "hash": "a43e095862c859a7c1aa36fa64e4f7667c56d2c6", "best_bid": "0.04", "best_ask": "0.96"}], "timestamp": "1769384075327", "event_type": "price_change"}}
{"_local_timestamp": "2026-01-25T23:34:35.398181+00:00", "data": {"market": "0x96e33f80379e56277d466a219572bc82d6db2179bc7e7cd0f78477fbefff5310", "price_changes": [{"asset_id": "13290977623601816734654608736996048302799588034290137559836732183881508301400", "price": "0.04", "size": "5.47", "side": "BUY", "hash": "2483bc476fe49d96f963bc830e9046568630675e", "best_bid": "0.04", "best_ask": "0.96"}, {"asset_id": "5349242390775590256742861377827090425176131339466113634705167377512829134810", "price": "0.96", "size": "5.47", "side": "SELL", "hash": "41e87b6e78e2e09a943005e61ce1a263c7541972", "best_bid": "0.04", "best_ask": "0.96"}], "timestamp": "1769384075328", "event_type": "price_change"}}
