{"_local_timestamp": "2026-01-25T23:34:22.010160+00:00", "data": [{"market": "0xe2d8271817cea8285227f6a20a8a7c5b14135d7a9904c10506a5fd4112905321", "asset_id": "76014796292385315790037152410458149777024522539255175135706726000764081079707", "timestamp": "1769383979276", "hash": "33a81fc1079e165020e1b74e80f9958857d8df84", "bids": [{"price": "0.01", "size": "11348.58"}, {"price": "0.02", "size": "900.59"}, {"price": "0.03", "size": "18.99"}, {"price": "0.04", "size": "47.96"}], "asks": [{"price": "0.99", "size": "11348.58"}, {"price": "0.98", "size": "900.59"}, {"price": "0.97", "size": "18.99"}, {"price": "0.96", "size": "42.49"}], "event_type": "book", "last_trade_price": ""}, {"market": "0x217ab3e6044a56cf9457920394c5af9579d94ce927355af423e94871139feaff", "asset_id": "86835732496980619146316412297038784213559700414305719756455093316634930198882", "timestamp": "1769383982441", "hash": "68602f99e328ba59355e4109ddc871e1072ea90f", "bids": [{"price": "0.01", "size": "11299.74"}, {"price": "0.02", "size": "900.64"}, {"price": "0.03", "size": "19.07"}, {"price": "0.04", "size": "35.46"}], "asks": [{"price": "0.99", "size": "11299.42"}, {"price": "0.98", "size": "900.28"}, {"price": "0.97", "size": "19.42"}, {"price": "0.96", "size": "29.99"}], "event_type": "book", "last_trade_price": ""}, {"market": "0x712643e456fd0a20276f7647dfcedb18879b274cec3f39d96f3988d60d42c950", "asset_id": "111557544219356388422955953097782914945694753700987082316122569852614965133578", "timestamp": "1769383983259", "hash": "b510e6b57f987839f6612198992a74ad062d5955", "bids": [{"price": "0.01", "size": "11342.68"}, {"price": "0.02", "size": "897.2"}, {"price": "0.03", "size": "23.22"}, {"price": "0.06", "size": "15.47"}], "asks": [{"price": "0.99", "size": "11348.58"}, {"price": "0.98", "size": "900.59"}, {"price": "0.97", "size": "18.99"}, {"price": "0.96", "size": "42.49"}], "event_type": "book", "last_trade_price": ""}, {"market": "0x868e0cc20f19ee22bb927d5fd12979120ce5d1a0fc6bbff398d1983bc9201466", "asset_id": "100060469674113113118626782205603961683930096063457774693730789901753382815995", "timestamp": "1769383982441", "hash": "b6814ba344332987c1d1890441a29d4278ade4c3", "bids": [{"price": "0.01", "size": "11336.86"}, {"price": "0.02", "size": "890.11"}, {"price": "0.03", "size": "29.89"}, {"price": "0.5", "size": "10"}], "asks": [{"price": "0.99", "size": "11341.17"}, {"price": "0.98", "size": "890.11"}, {"price": "0.97", "size": "33.92"}, {"price": "0.83", "size": "10"}, {"price": "0.8", "size": "50"}], "event_type": "book", "last_trade_price": ""}, {"market": "0xc2f82ad8a23de9c6b1a6e96a366327c8ad5e232daefdaf7f0df80e85463d510d", "asset_id": "62411109001583922455298972447843130255598154307948739912364069789309252069685", "timestamp": "1769383979311", "hash": "6f7808757b5532f196d3ade5aad52f48fb406c93", "bids": [{"price": "0.01", "size": "200.64"}, {"price": "0.02", "size": "29.42"}, {"price": "0.04", "size": "29.99"}, {"price": "0.05", "size": "5.47"}], "asks": [{"price": "0.99", "size": "200.64"}, {"price": "0.98", "size": "39.67"}, {"price": "0.96", "size": "29.99"}], "event_type": "book", "last_trade_price": ""}, {"market": "0xe2d8271817cea8285227f6a20a8a7c5b14135d7a9904c10506a5fd4112905321", "asset_id": "69315016300803149655247576820691038505762483625795733055806093749076395092884", "timestamp": "1769383979276", "hash": "561f7680ec742579ed1791b29b7963c19d8c136b", "bids": [{"price": "0.01", "size": "11348.58"}, {"price": "0.02", "size": "900.59"}, {"price": "0.03", "size": "18.99"}, {"price": "0.04", "size": "42.49"}], "asks": [{"price": "0.99", "size": "11348.58"}, {"price": "0.98", "size": "900.59"}, {"price": "0.97", "size": "18.99"}, {"price": "0.96", "size": "47.96"}], "event_type": "book", "last_trade_price": ""}, {"market": "0xc2f82ad8a23de9c6b1a6e96a366327c8ad5e232daefdaf7f0df80e85463d510d", "asset_id": "48440611380139987852933521061849933535135378924528221775925871385856940146001", "timestamp": "1769383979311", "hash": "87a20277674cd3ef41e76121593fc25315c9da59", "bids": [{"price": "0.01", "size": "200.64"}, {"price": "0.02", "size": "39.67"}, {"price": "0.04", "size": "29.99"}], "asks": [{"price": "0.99", "size": "200.64"}, {"price": "0.98", "size": "29.42"}, {"price": "0.96", "size": "29.99"}, {"price": "0.95", "size": "5.47"}], "event_type": "book", "last_trade_price": ""}, {"market": "0x217ab3e6044a56cf9457920394c5af9579d94ce927355af423e94871139feaff", "asset_id": "2210708265993983762689147801479323073780948587572199581626886300743896557999", "timestamp": "1769383982441", "hash": "6ce55fcea9bafd0cf08ac69fbaddc4509ea086ee", "bids": [{"price": "0.01", "size": "11299.42"}, {"price": "0.02", "size": "900.28"}, {"price": "0.03", "size": "19.42"}, {"price": "0.04", "size": "29.99"}], "asks": [{"price": "0.99", "size": "11299.74"}, {"price": "0.98", "size": "900.64"}, {"price": "0.97", "size": "19.07"}, {"price": "0.96", "size": "35.46"}], "event_type": "book", "last_trade_price": ""}, {"market": "0x868e0cc20f19ee22bb927d5fd12979120ce5d1a0fc6bbff398d1983bc9201466", "asset_id": "63090612262751547155586820313025648123763342276390859353255773813691617161236", "timestamp": "1769383982441", "hash": "3665b28bf1c45477ef778f0589b19581b245d7a1", "bids": [{"price": "0.01", "size": "11341.17"}, {"price": "0.02", "size": "890.11"}, {"price": "0.03", "size": "33.92"}, {"price": "0.17", "size": "10"}, {"price": "0.2", "size": "50"}], "asks": [{"price": "0.99", "size": "11336.86"}, {"price": "0.98", "size": "890.11"}, {"price": "0.97", "size": "29.89"}, {"price": "0.5", "size": "10"}], "event_type": "book", "last_trade_price": ""}, {"market": "0x712643e456fd0a20276f7647dfcedb18879b274cec3f39d96f3988d60d42c950", "asset_id": "8168176665152461220622205752696894616859073920575758693461347963172079770124", "timestamp": "1769383983259", "hash": "0cda4c3880e5abfded1b63717eaa1f7b7f21223f", "bids": [{"price": "0.01", "size": "11348.58"}, {"price": "0.02", "size": "900.59"}, {"price": "0.03", "size": "18.99"}, {"price": "0.04", "size": "42.49"}], "asks": [{"price": "0.99", "size": "11342.68"}, {"price": "0.98", "size": "897.2"}, {"price": "0.97", "size": "23.22"}, {"price": "0.94", "size": "15.47"}], "event_type": "book", "last_trade_price": ""}]}
{"_local_timestamp": "2026-01-25T23:34:33.562453+00:00", "data": {"market": "0xc2f82ad8a23de9c6b1a6e96a366327c8ad5e232daefdaf7f0df80e85463d510d", "price_changes": [{"asset_id": "62411109001583922455298972447843130255598154307948739912364069789309252069685", "price": "0.04", "size": "0", "side": "BUY", "hash": "6b545fb36b0345c444311603133efed38281d32d", "best_bid": "0.05", "best_ask": "0.96"}, {"asset_id": "48440611380139987852933521061849933535135378924528221775925871385856940146001", "price": "0.96", "size": "0", "side": "SELL", "hash": "cac5d2972be649a6c7ce848493f76b51ffe38f83", "best_bid": "0.04", "best_ask": "0.95"}], "timestamp": "1769384073492", "event_type": "price_change"}}
{"_local_timestamp": "2026-01-25T23:34:35.145832+00:00", "data": {"market": "0xc2f82ad8a23de9c6b1a6e96a366327c8ad5e232daefdaf7f0df80e85463d510d", "price_changes": [{"asset_id": "62411109001583922455298972447843130255598154307948739912364069789309252069685", "price": "0.05", "size": "0", "side": "BUY", "hash": "2f92deb74629ec38d811e0db824f9e7bd2ddf1a8", "best_bid": "0.02", "best_ask": "0.96"}, {"asset_id": "48440611380139987852933521061849933535135378924528221775925871385856940146001", "price": "0.95", "size": "0", "side": "SELL", "hash": "cd3fe4ca9c64b9e7b1a110aedf59c5f727700ba6", "best_bid": "0.04", "best_ask": "0.98"}], "timestamp": "1769384075057", "event_type": "price_change"}}
{"_local_timestamp": "2026-01-25T23:34:35.274081+00:00", "data": {"market": "0xc2f82ad8a23de9c6b1a6e96a366327c8ad5e232daefdaf7f0df80e85463d510d", "price_changes": [{"asset_id": "62411109001583922455298972447843130255598154307948739912364069789309252069685", "price": "0.03", "size": "5.47", "side": "BUY", "hash": "ef8c7d47a54e3818137359f7183128ae2622a834", "best_bid": "0.03", "best_ask": "0.96"}, {"asset_id": "48440611380139987852933521061849933535135378924528221775925871385856940146001", "price": "0.97", "size": "5.47", "side": "SELL", "hash": "6eb30e00c24e6fd4ba2ad0ca91f0a27bb7a79558", "best_bid": "0.04", "best_ask": "0.97"}], "timestamp": "1769384075206", "event_type": "price_change"}}
{"_local_timestamp": "2026-01-25T23:36:05.447583+00:00", "data": {"market": "0xc2f82ad8a23de9c6b1a6e96a366327c8ad5e232daefdaf7f0df80e85463d510d", "price_changes": [{"asset_id": "62411109001583922455298972447843130255598154307948739912364069789309252069685", "price": "0.04", "size": "29.99", "side": "BUY", "hash": "a159d45c2efd855be293669af173fe1f75335bfb", "best_bid": "0.04", "best_ask": "0.96"}, {"asset_id": "48440611380139987852933521061849933535135378924528221775925871385856940146001", "price": "0.96", "size": "29.99", "side": "SELL", "hash": "8fa39177227c9d6f1e4c7700efac8b1f9e43b740", "best_bid": "0.04", "best_ask": "0.96"}], "timestamp": "1769384165373", "event_type": "price_change"}}
{"_local_timestamp": "2026-01-25T23:36:09.198553+00:00", "data": {"market": "0xc2f82ad8a23de9c6b1a6e96a366327c8ad5e232daefdaf7f0df80e85463d510d", "price_changes": [{"asset_id": "62411109001583922455298972447843130255598154307948739912364069789309252069685", "price": "0.03", "size": "0", "side": "BUY", "hash": "dd1d8884815c0e2d76d8de4a37d70c40f20aaaf9", "best_bid": "0.04", "best_ask": "0.96"}, {"asset_id": "48440611380139987852933521061849933535135378924528221775925871385856940146001", "price": "0.97", "size": "0", "side": "SELL", "hash": "d95a95960d8171153b11dacb4b6bf448c3c02b36", "best_bid": "0.04", "best_ask": "0.96"}], "timestamp": "1769384169123", "event_type": "price_change"}}
{"_local_timestamp": "2026-01-25T23:36:09.502523+00:00", "data": {"market": "0xc2f82ad8a23de9c6b1a6e96a366327c8ad5e232daefdaf7f0df80e85463d510d", "price_changes": [{"asset_id": "62411109001583922455298972447843130255598154307948739912364069789309252069685", "price": "0.05", "size": "5.47", "side": "BUY", "hash": "bcb4503e754da1537213306e42c6caf9c0073924", "best_bid": "0.05", "best_ask": "0.96"}, {"asset_id": "48440611380139987852933521061849933535135378924528221775925871385856940146001", "price": "0.95", "size": "5.47", "side": "SELL", "hash": "cfdb28293641da2c17e1b0a56b1c3cfc22f6e231", "best_bid": "0.04", "best_ask": "0.95"}], "timestamp": "1769384169426", "event_type": "price_change"}}
{"_local_timestamp": "2026-01-25T23:37:04.965884+00:00", "data": {"market": "0x217ab3e6044a56cf9457920394c5af9579d94ce927355af423e94871139feaff", "price_changes": [{"asset_id": "2210708265993983762689147801479323073780948587572199581626886300743896557999", "price": "0.5", "size": "701", "side": "BUY", "hash": "0ca77b2381df986701dc386bca5c16c694c0d51e", "best_bid": "0.5", "best_ask": "0.96"}, {"asset_id": "86835732496980619146316412297038784213559700414305719756455093316634930198882", "price": "0.5", "size": "701", "side": "SELL", "hash": "17dd3bb2061bb03a60c304a68bd7c492726ba3bb", "best_bid": "0.04", "best_ask": "0.5"}], "timestamp": "1769384224745", "event_type": "price_change"}}
{"_local_timestamp": "2026-01-25T23:37:05.261764+00:00", "data": {"market": "0x217ab3e6044a56cf9457920394c5af9579d94ce927355af423e94871139feaff", "price_changes": [{"asset_id": "2210708265993983762689147801479323073780948587572199581626886300743896557999", "price": "0.5", "size": "1591.11", "side": "BUY", "hash": "a100ec10905c5be64a0d6fc09db380dfe22e3bd1", "best_bid": "0.5", "best_ask": "0.96"}, {"asset_id": "86835732496980619146316412297038784213559700414305719756455093316634930198882", "price": "0.5", "size": "1591.11", "side": "SELL", "hash": "9899dda6e12cf1561605bda36fbd84c8e424af55", "best_bid": "0.04", "best_ask": "0.5"}], "timestamp": "1769384225006", "event_type": "price_change"}}
{"_local_timestamp": "2026-01-25T23:37:05.262197+00:00", "data": {"market": "0x217ab3e6044a56cf9457920394c5af9579d94ce927355af423e94871139feaff", "price_changes": [{"asset_id": "2210708265993983762689147801479323073780948587572199581626886300743896557999", "price": "0.51", "size": "890.11", "side": "BUY", "hash": "f1613d77637b8d788df3ac9edc2554b0a4b866a5", "best_bid": "0.51", "best_ask": "0.96"}, {"asset_id": "86835732496980619146316412297038784213559700414305719756455093316634930198882", "price": "0.49", "size": "890.11", "side": "SELL", "hash": "6ac1b645f7b65069f1aaeb73e2cc2246bf4ed163", "best_bid": "0.04", "best_ask": "0.49"}], "timestamp": "1769384225007", "event_type": "price_change"}}
{"_local_timestamp": "2026-01-25T23:37:11.917905+00:00", "data": {"market": "0x217ab3e6044a56cf9457920394c5af9579d94ce927355af423e94871139feaff", "price_changes": [{"asset_id": "2210708265993983762689147801479323073780948587572199581626886300743896557999", "price": "0.5", "size": "890.11", "side": "BUY", "hash": "3cd2ffa02f698cbb517fede41912463793a71382", "best_bid": "0.51", "best_ask": "0.96"}, {"asset_id": "86835732496980619146316412297038784213559700414305719756455093316634930198882", "price": "0.5", "size": "890.11", "side": "SELL", "hash": "5dc12dabb0417ae1031ca7eae1a28982052a37a1", "best_bid": "0.04", "best_ask": "0.49"}], "timestamp": "1769384231848", "event_type": "price_change"}}
