{"_local_timestamp": "2026-01-25T23:34:23.540126+00:00", "data": [{"market": "0x6c5a4265f81581f0311b17d0e74c07edbfa4dbe7d050040300aeb4fa038f5437", "asset_id": "99155260082027043306617057882542893631877613598652906709999917440053840082929", "timestamp": "1769383979311", "hash": "a792fa5160e8cac3eb1e4e0c161c16885867a5ec", "bids": [{"price": "0.01", "size": "302.04"}, {"price": "0.02", "size": "111.48"}, {"price": "0.03", "size": "18.99"}, {"price": "0.04", "size": "29.99"}], "asks": [{"price": "0.99", "size": "294.79"}, {"price": "0.98", "size": "103.1"}, {"price": "0.97", "size": "24.33"}, {"price": "0.95", "size": "23.99"}, {"price": "0.94", "size": "5.47"}], "event_type": "book", "last_trade_price": ""}, {"market": "0xcff343463c12a86e590ad15f2c72eefeb10b405546181fee1a91c2477f588729", "asset_id": "20156262322105216627515966796792922656738296304180205110025831168315348313934", "timestamp": "1769383979311", "hash": "223bdfaf0b9ce7475e3a7575382757fa591bd98e", "bids": [{"price": "0.01", "size": "302.04"}, {"price": "0.02", "size": "111.48"}, {"price": "0.03", "size": "18.99"}, {"price": "0.04", "size": "29.99"}], "asks": [{"price": "0.99", "size": "294.79"}, {"price": "0.98", "size": "103.1"}, {"price": "0.97", "size": "24.33"}, {"price": "0.95", "size": "23.99"}, {"price": "0.94", "size": "5.47"}], "event_type": "book", "last_trade_price": ""}, {"market": "0xe5d26339c447b291fff38e264bda9985e6f9dab2f5e82fb4c8c4bf794b9006c9", "asset_id": "15241486216025403841781354892824544387233855845778629694825920164167695493062", "timestamp": "1769379441241", "hash": "b09dffa9e73833a2099b3a3d3890302b9febe85e", "bids": [{"price": "0.01", "size": "285.67"}, {"price": "0.02", "size": "18.62"}, {"price": "0.07", "size": "300"}, {"price": "0.08", "size": "325"}, {"price": "0.09", "size": "75"}, {"price": "0.1", "size": "67.7"}, {"price": "0.34", "size": "50"}, {"price": "0.36", "size": "10"}], "asks": [{"price": "0.99", "size": "285.26"}, {"price": "0.98", "size": "18.61"}, {"price": "0.9", "size": "300"}, {"price": "0.89", "size": "205.22"}, {"price": "0.88", "size": "125"}, {"price": "0.87", "size": "75"}, {"price": "0.86", "size": "62"}, {"price": "0.5", "size": "50"}, {"price": "0.49", "size": "10"}], "event_type": "book", "last_trade_price": ""}, {"market": "0x96e33f80379e56277d466a219572bc82d6db2179bc7e7cd0f78477fbefff5310", "asset_id": "5349242390775590256742861377827090425176131339466113634705167377512829134810", "timestamp": "1769383982949", "hash": "aeeb188599d6aad51b991a5bd56bb18d88176476", "bids": [{"price": "0.01", "size": "255.04"}, {"price": "0.02", "size": "87.48"}, {"price": "0.03", "size": "18.99"}, {"price": "0.04", "size": "29.99"}], "asks": [{"price": "0.99", "size": "247.56"}, {"price": "0.98", "size": "80.03"}, {"price": "0.97", "size": "23.79"}, {"price": "0.95", "size": "23.99"}, {"price": "0.94", "size": "5.47"}], "event_type": "book", "last_trade_price": ""}, {"market": "0xcff343463c12a86e590ad15f2c72eefeb10b405546181fee1a91c2477f588729", "asset_id": "50283462589567432876394027001694861115964070311305720657038547197840864441209", "timestamp": "1769383979311", "hash": "53eecc65b8f5ad2c03cc79ac2acce49de3df7b55", "bids": [{"price": "0.01", "size": "294.79"}, {"price": "0.02", "size": "103.1"}, {"price": "0.03", "size": "24.33"}, {"price": "0.05", "size": "23.99"}, {"price": "0.06", "size": "5.47"}], "asks": [{"price": "0.99", "size": "302.04"}, {"price": "0.98", "size": "111.48"}, {"price": "0.97", "size": "18.99"}, {"price": "0.96", "size": "29.99"}], "event_type": "book", "last_trade_price": ""}, {"market": "0x96e33f80379e56277d466a219572bc82d6db2179bc7e7cd0f78477fbefff5310", "asset_id": "13290977623601816734654608736996048302799588034290137559836732183881508301400", "timestamp": "1769383982949", "hash": "2897f30c4438d55d0b75a4b62fb258f70273ca7d", "bids": [{"price": "0.01", "size": "247.56"}, {"price": "0.02", "size": "80.03"}, {"price": "0.03", "size": "23.79"}, {"price": "0.05", "size": "23.99"}, {"price": "0.06", "size": "5.47"}], "asks": [{"price": "0.99", "size": "255.04"}, {"price": "0.98", "size": "87.48"}, {"price": "0.97", "size": "18.99"}, {"price": "0.96", "size": "29.99"}], "event_type": "book", "last_trade_price": ""}, {"market": "0xe5d26339c447b291fff38e264bda9985e6f9dab2f5e82fb4c8c4bf794b9006c9", "asset_id": "75773198950611247405998945611006492532449542755059174259551770003338470096706", "timestamp": "1769379441241", "hash": "4a9e4aa9da9866cfeca2680330cf8d3605abc475", "bids": [{"price": "0.01", "size": "285.26"}, {"price": "0.02", "size": "18.61"}, {"price": "0.1", "size": "300"}, {"price": "0.11", "size": "205.22"}, {"price": "0.12", "size": "125"}, {"price": "0.13", "size": "75"}, {"price": "0.14", "size": "62"}, {"price": "0.5", "size": "50"}, {"price": "0.51", "size": "10"}], "asks": [{"price": "0.99", "size": "285.67"}, {"price": "0.98", "size": "18.62"}, {"price": "0.93", "size": "300"}, {"price": "0.92", "size": "325"}, {"price": "0.91", "size": "75"}, {"price": "0.9", "size": "67.7"}, {"price": "0.66", "size": "50"}, {"price": "0.64", "size": "10"}], "event_type": "book", "last_trade_price": ""}, {"market": "0x6c5a4265f81581f0311b17d0e74c07edbfa4dbe7d050040300aeb4fa038f5437", "asset_id": "77854887657484589965727679868155958579445116903976612644407681347671326162509", "timestamp": "1769383979311", "hash": "ba3917bd493cffd1031d1a96f74a9040a79459cd", "bids": [{"price": "0.01", "size": "294.79"}, {"price": "0.02", "size": "103.1"}, {"price": "0.03", "size": "24.33"}, {"price": "0.05", "size": "23.99"}, {"price": "0.06", "size": "5.47"}], "asks": [{"price": "0.99", "size": "302.04"}, {"price": "0.98", "size": "111.48"}, {"price": "0.97", "size": "18.99"}, {"price": "0.96", "size": "29.99"}], "event_type": "book", "last_trade_price": ""}]}
