{"_local_timestamp": "2026-01-25T23:34:24.020406+00:00", "data": [{"market": "0xc10f9b681c9c6f563049d9eba86212e8780c92a87a92b0a4c02b4a97207c43f6", "asset_id": "2162042672376060959671551930334041957995276777245897554456078789531767287020", "timestamp": "1769383982951", "hash": "44f7a827011b95d86e026f7969186c2a6998447c", "bids": [{"price": "0.01", "size": "255.04"}, {"price": "0.02", "size": "94.48"}, {"price": "0.03", "size": "18.99"}, {"price": "0.04", "size": "29.99"}], "asks": [{"price": "0.99", "size": "247.79"}, {"price": "0.98", "size": "80.03"}, {"price": "0.97", "size": "23.71"}, {"price": "0.95", "size": "23.99"}, {"price": "0.94", "size": "5.47"}], "event_type": "book", "last_trade_price": ""}, {"market": "0xc10f9b681c9c6f563049d9eba86212e8780c92a87a92b0a4c02b4a97207c43f6", "asset_id": "11830090122054188774311825288191924635763866170525129175402035148917279641539", "timestamp": "1769383982951", "hash": "3c4f9cdea9e37f07bc813062599525c01c0d046a", "bids": [{"price": "0.01", "size": "247.79"}, {"price": "0.02", "size": "80.03"}, {"price": "0.03", "size": "23.71"}, {"price": "0.05", "size": "23.99"}, {"price": "0.06", "size": "5.47"}], "asks": [{"price": "0.99", "size": "255.04"}, {"price": "0.98", "size": "94.48"}, {"price": "0.97", "size": "18.99"}, {"price": "0.96", "size": "29.99"}], "event_type": "book", "last_trade_price": ""}, {"market": "0xbad1e7a86a8e22420686b633b575f873549fc265a1b883d4abc3a69508d829b8", "asset_id": "41699308999919210823225001169580353388597297568737755454301901156941952101704", "timestamp": "1769383982950", "hash": "eba9ab9f9a8e025a394956f29266fec51daf9c88", "bids": [{"price": "0.01", "size": "302.04"}, {"price": "0.02", "size": "150.48"}, {"price": "0.03", "size": "18.99"}, {"price": "0.04", "size": "29.99"}], "asks": [{"price": "0.99", "size": "303.6"}, {"price": "0.98", "size": "146.83"}, {"price": "0.97", "size": "20.91"}, {"price": "0.95", "size": "23.99"}, {"price": "0.94", "size": "5.47"}], "event_type": "book", "last_trade_price": ""}, {"market": "0x4c58718cfbe67a092e27490d5c1557df0f0500474ab2739bddee035c9d5af77f", "asset_id": "28890105978122262666234924363282699497790222421031646186418608893018940773234", "timestamp": "1769383787777", "hash": "ce53a06ed54832ed8c6e558cf01caac76a299a3b", "bids": [{"price": "0.01", "size": "292.43"}, {"price": "0.02", "size": "90"}, {"price": "0.03", "size": "29.18"}, {"price": "0.28", "size": "10"}], "asks": [{"price": "0.99", "size": "304.14"}, {"price": "0.98", "size": "19.43"}, {"price": "0.97", "size": "250"}, {"price": "0.96", "size": "9.25"}, {"price": "0.95", "size": "5.47"}], "event_type": "book", "last_trade_price": ""}, {"market": "0x4f037edcbfe838b107b733c59a1be8843e751ad7b38faade4708a0983cbb0ea5", "asset_id": "107459494287777095413540431684535641623973928881138906326967344651084920000728", "timestamp": "1769383979311", "hash": "1621ebf8221bd86951c4ee09737c5f9ea8bdc779", "bids": [{"price": "0.01", "size": "302.04"}, {"price": "0.02", "size": "150.48"}, {"price": "0.03", "size": "18.99"}, {"price": "0.04", "size": "29.99"}], "asks": [{"price": "0.99", "size": "294.79"}, {"price": "0.98", "size": "146.1"}, {"price": "0.97", "size": "24.33"}, {"price": "0.95", "size": "23.99"}, {"price": "0.94", "size": "5.47"}], "event_type": "book", "last_trade_price": ""}, {"market": "0x4c58718cfbe67a092e27490d5c1557df0f0500474ab2739bddee035c9d5af77f", "asset_id": "31389056719987327990952407116442469233607924703310161040620209293821298633600", "timestamp": "1769383787777", "hash": "33b2892c4145aa0388a87ce72163c309f6264ee9", "bids": [{"price": "0.01", "size": "304.14"}, {"price": "0.02", "size": "19.43"}, {"price": "0.03", "size": "250"}, {"price": "0.04", "size": "9.25"}, {"price": "0.05", "size": "5.47"}], "asks": [{"price": "0.99", "size": "292.43"}, {"price": "0.98", "size": "90"}, {"price": "0.97", "size": "29.18"}, {"price": "0.72", "size": "10"}], "event_type": "book", "last_trade_price": ""}, {"market": "0x4f037edcbfe838b107b733c59a1be8843e751ad7b38faade4708a0983cbb0ea5", "asset_id": "81689004030113466972568110834512836839724199870927679163878524202677627525248", "timestamp": "1769383979311", "hash": "cecad734cba301b0ed29144f746245f50a8f841d", "bids": [{"price": "0.01", "size": "294.79"}, {"price": "0.02", "size": "146.1"}, {"price": "0.03", "size": "24.33"}, {"price": "0.05", "size": "23.99"}, {"price": "0.06", "size": "5.47"}], "asks": [{"price": "0.99", "size": "302.04"}, {"price": "0.98", "size": "150.48"}, {"price": "0.97", "size": "18.99"}, {"price": "0.96", "size": "29.99"}], "event_type": "book", "last_trade_price": ""}, {"market": "0xbad1e7a86a8e22420686b633b575f873549fc265a1b883d4abc3a69508d829b8", "asset_id": "101464203779058774411004425835596964852248845734625970988055073580789312996724", "timestamp": "1769383982950", "hash": "38d7f6ecb7f41f372e68b766061eea8ceb988bbf", "bids": [{"price": "0.01", "size": "303.6"}, {"price": "0.02", "size": "146.83"}, {"price": "0.03", "size": "20.91"}, {"price": "0.05", "size": "23.99"}, {"price": "0.06", "size": "5.47"}], "asks": [{"price": "0.99", "size": "302.04"}, {"price": "0.98", "size": "150.48"}, {"price": "0.97", "size": "18.99"}, {"price": "0.96", "size": "29.99"}], "event_type": "book", "last_trade_price": ""}]}
{"_local_timestamp": "2026-01-25T23:34:33.838905+00:00", "data": {"market": "0x4f037edcbfe838b107b733c59a1be8843e751ad7b38faade4708a0983cbb0ea5", "price_changes": [{"asset_id": "81689004030113466972568110834512836839724199870927679163878524202677627525248", "price": "0.05", "size": "0", "side": "BUY", "hash": "c0f9f085ebc030302e0eeb1b4499f563acd41d1b", "best_bid": "0.06", "best_ask": "0.96"}, {"asset_id": "107459494287777095413540431684535641623973928881138906326967344651084920000728", "price": "0.95", "size": "0", "side": "SELL", "hash": "31170bd095f5c070dc3285a4207969c812750976", "best_bid": "0.04", "best_ask": "0.94"}], "timestamp": "1769384073594", "event_type": "price_change"}}
{"_local_timestamp": "2026-01-25T23:34:33.923750+00:00", "data": {"market": "0xc10f9b681c9c6f563049d9eba86212e8780c92a87a92b0a4c02b4a97207c43f6", "price_changes": [{"asset_id": "11830090122054188774311825288191924635763866170525129175402035148917279641539", "price": "0.05", "size": "0", "side": "BUY", "hash": "96fecd55236946d06a3a38c7b1f298418a3a9438", "best_bid": "0.06", "best_ask": "0.96"}, {"asset_id": "2162042672376060959671551930334041957995276777245897554456078789531767287020", "price": "0.95", "size": "0", "side": "SELL", "hash": "6297710250d3b835e70d996644223032d3eb2016", "best_bid": "0.04", "best_ask": "0.94"}], "timestamp": "1769384073686", "event_type": "price_change"}}
{"_local_timestamp": "2026-01-25T23:34:33.926304+00:00", "data": {"market": "0xbad1e7a86a8e22420686b633b575f873549fc265a1b883d4abc3a69508d829b8", "price_changes": [{"asset_id": "101464203779058774411004425835596964852248845734625970988055073580789312996724", "price": "0.05", "size": "0", "side": "BUY", "hash": "3105fe65693cd3655d9c5306c3d8e329569c7b91", "best_bid": "0.06", "best_ask": "0.96"}, {"asset_id": "41699308999919210823225001169580353388597297568737755454301901156941952101704", "price": "0.95", "size": "0", "side": "SELL", "hash": "6d0bf35175ed6098426920737f46be6188d09941", "best_bid": "0.04", "best_ask": "0.94"}], "timestamp": "1769384073686", "event_type": "price_change"}}
{"_local_timestamp": "2026-01-25T23:34:35.306761+00:00", "data": {"market": "0x4f037edcbfe838b107b733c59a1be8843e751ad7b38faade4708a0983cbb0ea5", "price_changes": [{"asset_id": "81689004030113466972568110834512836839724199870927679163878524202677627525248", "price": "0.06", "size": "0", "side": "BUY", "hash": "7021cb3c37d5f49baba4b0ef4b4d2aa4ab8b3127", "best_bid": "0.03", "best_ask": "0.96"}, {"asset_id": "107459494287777095413540431684535641623973928881138906326967344651084920000728", "price": "0.94", "size": "0", "side": "SELL", "hash": "fb8c927536fe60e976a86818c0ebea4ee00fdfdb", "best_bid": "0.04", "best_ask": "0.97"}], "timestamp": "1769384075057", "event_type": "price_change"}}
{"_local_timestamp": "2026-01-25T23:34:35.307148+00:00", "data": {"market": "0xc10f9b681c9c6f563049d9eba86212e8780c92a87a92b0a4c02b4a97207c43f6", "price_changes": [{"asset_id": "11830090122054188774311825288191924635763866170525129175402035148917279641539", "price": "0.06", "size": "0", "side": "BUY", "hash": "8962dbd45e5649c951463f59fc7ab2160d030fbf", "best_bid": "0.03", "best_ask": "0.96"}, {"asset_id": "2162042672376060959671551930334041957995276777245897554456078789531767287020", "price": "0.94", "size": "0", "side": "SELL", "hash": "c7835d3aa969bfdda87fc3320cabb4573a66839a", "best_bid": "0.04", "best_ask": "0.97"}], "timestamp": "1769384075058", "event_type": "price_change"}}
{"_local_timestamp": "2026-01-25T23:34:35.310409+00:00", "data": {"market": "0xbad1e7a86a8e22420686b633b575f873549fc265a1b883d4abc3a69508d829b8", "price_changes": [{"asset_id": "101464203779058774411004425835596964852248845734625970988055073580789312996724", "price": "0.06", "size": "0", "side": "BUY", "hash": "fd1aff73abb149c0ee01b8619bbe7e3e4b05e465", "best_bid": "0.03", "best_ask": "0.96"}, {"asset_id": "41699308999919210823225001169580353388597297568737755454301901156941952101704", "price": "0.94", "size": "0", "side": "SELL", "hash": "c22c790e50ce9915a862c4ebe8891d4393898a4c", "best_bid": "0.04", "best_ask": "0.97"}], "timestamp": "1769384075058", "event_type": "price_change"}}
{"_local_timestamp": "2026-01-25T23:34:35.577466+00:00", "data": {"market": "0x4f037edcbfe838b107b733c59a1be8843e751ad7b38faade4708a0983cbb0ea5", "price_changes": [{"asset_id": "81689004030113466972568110834512836839724199870927679163878524202677627525248", "price": "0.04", "size": "5.47", "side": "BUY", "hash": "f11904b3f4f51008571154f76599da4e90cc9a04", "best_bid": "0.04", "best_ask": "0.96"}, {"asset_id": "107459494287777095413540431684535641623973928881138906326967344651084920000728", "price": "0.96", "size": "5.47", "side": "SELL", "hash": "30afd6f9e6484a5045a292793b92726aae400f43", "best_bid": "0.04", "best_ask": "0.96"}], "timestamp": "1769384075328", "event_type": "price_change"}}
{"_local_timestamp": "2026-01-25T23:34:35.578125+00:00", "data": {"market": "0xbad1e7a86a8e22420686b633b575f873549fc265a1b883d4abc3a69508d829b8", "price_changes": [{"asset_id": "101464203779058774411004425835596964852248845734625970988055073580789312996724", "price": "0.04", "size": "5.47", "side": "BUY", "hash": "35a9f73828644eb28c2920bec96b3354b3ca9392", "best_bid": "0.04", "best_ask": "0.96"}, {"asset_id": "41699308999919210823225001169580353388597297568737755454301901156941952101704", "price": "0.96", "size": "5.47", "side": "SELL", "hash": "cd5c3d5848d80896135782654c47db71ebe5399d", "best_bid": "0.04", "best_ask": "0.96"}], "timestamp": "1769384075328", "event_type": "price_change"}}
{"_local_timestamp": "2026-01-25T23:34:35.578434+00:00", "data": {"market": "0xc10f9b681c9c6f563049d9eba86212e8780c92a87a92b0a4c02b4a97207c43f6", "price_changes": [{"asset_id": "11830090122054188774311825288191924635763866170525129175402035148917279641539", "price": "0.04", "size": "5.47", "side": "BUY", "hash": "b20205682f0c7a454507d09aef326f6ddd62b687", "best_bid": "0.04", "best_ask": "0.96"}, {"asset_id": "2162042672376060959671551930334041957995276777245897554456078789531767287020", "price": "0.96", "size": "5.47", "side": "SELL", "hash": "86d57c43cf767d2e340eb95358011438f326f08f", "best_bid": "0.04", "best_ask": "0.96"}], "timestamp": "1769384075328", "event_type": "price_change"}}
{"_local_timestamp": "2026-01-25T23:35:54.223058+00:00", "data": {"market": "0xc10f9b681c9c6f563049d9eba86212e8780c92a87a92b0a4c02b4a97207c43f6", "price_changes": [{"asset_id": "11830090122054188774311825288191924635763866170525129175402035148917279641539", "price": "0.03", "size": "9.79", "side": "BUY", "hash": "7f2dc38409b94d14d786195a7d18c43d58a1210a", "best_bid": "0.04", "best_ask": "0.96"}, {"asset_id": "2162042672376060959671551930334041957995276777245897554456078789531767287020", "price": "0.97", "size": "9.79", "side": "SELL", "hash": "3cbccc70d50f88495210783d32ccc384bc1c718b", "best_bid": "0.04", "best_ask": "0.96"}], "timestamp": "1769384154149", "event_type": "price_change"}}
{"_local_timestamp": "2026-01-25T23:35:54.533215+00:00", "data": {"market": "0xc10f9b681c9c6f563049d9eba86212e8780c92a87a92b0a4c02b4a97207c43f6", "price_changes": [{"asset_id": "11830090122054188774311825288191924635763866170525129175402035148917279641539", "price": "0.03", "size": "20.81", "side": "BUY", "hash": "90c682c335de2d2466f480073d636aa16de112fb", "best_bid": "0.04", "best_ask": "0.96"}, {"asset_id": "2162042672376060959671551930334041957995276777245897554456078789531767287020", "price": "0.97", "size": "20.81", "side": "SELL", "hash": "75e1703fa67680ea349166f352908c2ac45eae5c", "best_bid": "0.04", "best_ask": "0.96"}], "timestamp": "1769384154467", "event_type": "price_change"}}
{"_local_timestamp": "2026-01-25T23:35:54.535438+00:00", "data": {"market": "0xc10f9b681c9c6f563049d9eba86212e8780c92a87a92b0a4c02b4a97207c43f6", "price_changes": [{"asset_id": "11830090122054188774311825288191924635763866170525129175402035148917279641539", "price": "0.01", "size": "256.48", "side": "BUY", "hash": "04145197eba2a31b9888d588ac13642e3274511c", "best_bid": "0.04", "best_ask": "0.96"}, {"asset_id": "2162042672376060959671551930334041957995276777245897554456078789531767287020", "price": "0.99", "size": "256.48", "side": "SELL", "hash": "b8ea600177398320fe6c99114ba732a47050e6f1", "best_bid": "0.04", "best_ask": "0.96"}], "timestamp": "1769384154472", "event_type": "price_change"}}
{"_local_timestamp": "2026-01-25T23:35:54.661460+00:00", "data": {"market": "0x4f037edcbfe838b107b733c59a1be8843e751ad7b38faade4708a0983cbb0ea5", "price_changes": [{"asset_id": "81689004030113466972568110834512836839724199870927679163878524202677627525248", "price": "0.03", "size": "11.26", "side": "BUY", "hash": "72870e0301f0ad1933cfc94dacdabcccd2e52d05", "best_bid": "0.04", "best_ask": "0.96"}, {"asset_id": "107459494287777095413540431684535641623973928881138906326967344651084920000728", "price": "0.97", "size": "11.26", "side": "SELL", "hash": "866b5117d1732dfe4883a6d0cf65c12b68f9ac9b", "best_bid": "0.04", "best_ask": "0.96"}], "timestamp": "1769384154595", "event_type": "price_change"}}
{"_local_timestamp": "2026-01-25T23:35:55.008426+00:00", "data": {"market": "0x4f037edcbfe838b107b733c59a1be8843e751ad7b38faade4708a0983cbb0ea5", "price_changes": [{"asset_id": "81689004030113466972568110834512836839724199870927679163878524202677627525248", "price": "0.03", "size": "21.22", "side": "BUY", "hash": "20260acbe3abba6c1ce315d7ddd99fb6aae8a910", "best_bid": "0.04", "best_ask": "0.96"}, {"asset_id": "107459494287777095413540431684535641623973928881138906326967344651084920000728", "price": "0.97", "size": "21.22", "side": "SELL", "hash": "fe099dbe98a1ac6833a1d7f11cd653c2dca693e5", "best_bid": "0.04", "best_ask": "0.96"}], "timestamp": "1769384154931", "event_type": "price_change"}}
{"_local_timestamp": "2026-01-25T23:35:55.016604+00:00", "data": {"market": "0x4f037edcbfe838b107b733c59a1be8843e751ad7b38faade4708a0983cbb0ea5", "price_changes": [{"asset_id": "81689004030113466972568110834512836839724199870927679163878524202677627525248", "price": "0.01", "size": "304.13", "side": "BUY", "hash": "ec094e8b97aa9105b509cb0ec721a82562e85974", "best_bid": "0.04", "best_ask": "0.96"}, {"asset_id": "107459494287777095413540431684535641623973928881138906326967344651084920000728", "price": "0.99", "size": "304.13", "side": "SELL", "hash": "2332b88f64f89d107282b3a10658816c4382b2fb", "best_bid": "0.04", "best_ask": "0.96"}], "timestamp": "1769384154936", "event_type": "price_change"}}
{"_local_timestamp": "2026-01-25T23:35:55.138506+00:00", "data": {"market": "0x4c58718cfbe67a092e27490d5c1557df0f0500474ab2739bddee035c9d5af77f", "price_changes": [{"asset_id": "31389056719987327990952407116442469233607924703310161040620209293821298633600", "price": "0.01", "size": "280", "side": "BUY", "hash": "6267a00606adda77f8fa5cbe44bcb7767f7726ad", "best_bid": "0.05", "best_ask": "0.72"}, {"asset_id": "28890105978122262666234924363282699497790222421031646186418608893018940773234", "price": "0.99", "size": "280", "side": "SELL", "hash": "653673e9b0b9dda47d0c1437bc59019402d3b46a", "best_bid": "0.28", "best_ask": "0.95"}], "timestamp": "1769384155035", "event_type": "price_change"}}
{"_local_timestamp": "2026-01-25T23:35:55.454455+00:00", "data": {"market": "0x4c58718cfbe67a092e27490d5c1557df0f0500474ab2739bddee035c9d5af77f", "price_changes": [{"asset_id": "31389056719987327990952407116442469233607924703310161040620209293821298633600", "price": "0.01", "size": "304.14", "side": "BUY", "hash": "e75296a8b434d946058a5886414f850b3756aa1c", "best_bid": "0.05", "best_ask": "0.72"}, {"asset_id": "28890105978122262666234924363282699497790222421031646186418608893018940773234", "price": "0.99", "size": "304.14", "side": "SELL", "hash": "4975f9c5c5909ef2b933577e9001ba97b2798f78", "best_bid": "0.28", "best_ask": "0.95"}], "timestamp": "1769384155384", "event_type": "price_change"}}
{"_local_timestamp": "2026-01-25T23:36:05.446881+00:00", "data": {"market": "0x4f037edcbfe838b107b733c59a1be8843e751ad7b38faade4708a0983cbb0ea5", "price_changes": [{"asset_id": "81689004030113466972568110834512836839724199870927679163878524202677627525248", "price": "0.05", "size": "23.99", "side": "BUY", "hash": "6f7991f3bd60d329b130a7da012f8b90e71792a0", "best_bid": "0.05", "best_ask": "0.96"}, {"asset_id": "107459494287777095413540431684535641623973928881138906326967344651084920000728", "price": "0.95", "size": "23.99", "side": "SELL", "hash": "7d9acd9e46ec7f770e348c40b455f994e4f2cc50", "best_bid": "0.04", "best_ask": "0.95"}], "timestamp": "1769384165373", "event_type": "price_change"}}
{"_local_timestamp": "2026-01-25T23:36:05.550932+00:00", "data": {"market": "0xbad1e7a86a8e22420686b633b575f873549fc265a1b883d4abc3a69508d829b8", "price_changes": [{"asset_id": "101464203779058774411004425835596964852248845734625970988055073580789312996724", "price": "0.05", "size": "23.99", "side": "BUY", "hash": "8feab6cf96cf5e730a3dd686aeb5eee64bf3e19d", "best_bid": "0.05", "best_ask": "0.96"}, {"asset_id": "41699308999919210823225001169580353388597297568737755454301901156941952101704", "price": "0.95", "size": "23.99", "side": "SELL", "hash": "cfbacead6e1b4a5ba4b176ca8a6783d446832e93", "best_bid": "0.04", "best_ask": "0.95"}], "timestamp": "1769384165482", "event_type": "price_change"}}
{"_local_timestamp": "2026-01-25T23:36:05.658211+00:00", "data": {"market": "0xc10f9b681c9c6f563049d9eba86212e8780c92a87a92b0a4c02b4a97207c43f6", "price_changes": [{"asset_id": "11830090122054188774311825288191924635763866170525129175402035148917279641539", "price": "0.05", "size": "23.99", "side": "BUY", "hash": "2e57b812c0288b144be08263061d1f8f562c1074", "best_bid": "0.05", "best_ask": "0.96"}, {"asset_id": "2162042672376060959671551930334041957995276777245897554456078789531767287020", "price": "0.95", "size": "23.99", "side": "SELL", "hash": "6ee87c913c7b32ac4bfe6a0057abcd22faf1c0d1", "best_bid": "0.04", "best_ask": "0.95"}], "timestamp": "1769384165580", "event_type": "price_change"}}
