{"_local_timestamp": "2026-01-25T23:34:17.178301+00:00", "data": [{"market": "0xb483376a4a11938da0ae705f901db99f563a73f84df0d3dcb2c1bf7052ca279b", "asset_id": "23776435377389573739555717891589267364161331448909103730752015156572276458827", "timestamp": "1769383984694", "hash": "a04280bca80538137bb2a70649ba1bd5c2191282", "bids": [{"price": "0.01", "size": "8079.49"}, {"price": "0.02", "size": "5047.43"}, {"price": "0.03", "size": "3080.22"}, {"price": "0.51", "size": "400"}], "asks": [{"price": "0.99", "size": "8075.27"}, {"price": "0.98", "size": "5052.52"}, {"price": "0.97", "size": "10156.43"}, {"price": "0.96", "size": "20.94"}, {"price": "0.58", "size": "400"}], "event_type": "book", "last_trade_price": ""}, {"market": "0x88608442d14bdfa98a3d2ece26857aa516f193c8161db0c8e7c779fd8f3464af", "asset_id": "42097535137505280315737745177128192451567567237475285083506851409423497113459", "timestamp": "1769384047059", "hash": "cbddf729b8385aef2fb733053ced5af00af3d863", "bids": [{"price": "0.01", "size": "8818.44"}, {"price": "0.02", "size": "1000"}, {"price": "0.03", "size": "10.29"}, {"price": "0.04", "size": "1100"}, {"price": "0.07", "size": "2590.11"}, {"price": "0.08", "size": "890.11"}, {"price": "0.1", "size": "995.98"}, {"price": "0.11", "size": "990.11"}, {"price": "0.21", "size": "37.34"}, {"price": "0.4", "size": "400"}], "asks": [{"price": "0.99", "size": "8794.47"}, {"price": "0.98", "size": "1012"}, {"price": "0.97", "size": "1100"}, {"price": "0.96", "size": "5.38"}, {"price": "0.93", "size": "2590.11"}, {"price": "0.92", "size": "5147.43"}, {"price": "0.91", "size": "100"}, {"price": "0.9", "size": "500"}, {"price": "0.89", "size": "5.73"}, {"price": "0.85", "size": "890.11"}, {"price": "0.84", "size": "1090.11"}, {"price": "0.8", "size": "50"}, {"price": "0.68", "size": "2.64"}, {"price": "0.66", "size": "60"}, {"price": "0.47", "size": "7440.27"}], "event_type": "book", "last_trade_price": "0.530"}, {"market": "0x88608442d14bdfa98a3d2ece26857aa516f193c8161db0c8e7c779fd8f3464af", "asset_id": "20794210232738155208360248995422719359166978550921485109532388301377529305580", "timestamp": "1769384047059", "hash": "443b9d6dc632e33ad88fcff2950e696679925910", "bids": [{"price": "0.01", "size": "8794.47"}, {"price": "0.02", "size": "1012"}, {"price": "0.03", "size": "1100"}, {"price": "0.04", "size": "5.38"}, {"price": "0.07", "size": "2590.11"}, {"price": "0.08", "size": "5147.43"}, {"price": "0.09", "size": "100"}, {"price": "0.1", "size": "500"}, {"price": "0.11", "size": "5.73"}, {"price": "0.15", "size": "890.11"}, {"price": "0.16", "size": "1090.11"}, {"price": "0.2", "size": "50"}, {"price": "0.32", "size": "2.64"}, {"price": "0.34", "size": "60"}, {"price": "0.53", "size": "7440.27"}], "asks": [{"price": "0.99", "size": "8818.44"}, {"price": "0.98", "size": "1000"}, {"price": "0.97", "size": "10.29"}, {"price": "0.96", "size": "1100"}, {"price": "0.93", "size": "2590.11"}, {"price": "0.92", "size": "890.11"}, {"price": "0.9", "size": "995.98"}, {"price": "0.89", "size": "990.11"}, {"price": "0.79", "size": "37.34"}, {"price": "0.6", "size": "400"}], "event_type": "book", "last_trade_price": "0.530"}, {"market": "0x72ba07862b22314dbe4f409505a9833da2dfb3ffe2f6a1c8fa1ba3add5e7a039", "asset_id": "2984940558574601482400602739691261511463191599721533374910685943278753091727", "timestamp": "1769384056412", "hash": "48420921a88d56a1e40b22cae8c1719a4aa05e69", "bids": [{"price": "0.01", "size": "11206.36"}, {"price": "0.02", "size": "24.83"}, {"price": "0.03", "size": "5.47"}], "asks": [{"price": "0.99", "size": "8019.22"}, {"price": "0.98", "size": "5107.42"}], "event_type": "book", "last_trade_price": ""}, {"market": "0x98612f171f4dc6a0e346710a7729ea695ccc2e5f49437995894dfd0809884f0c", "asset_id": "47125239482019083915651528778718935257305702079962957861743905530721500306751", "timestamp": "1769383984878", "hash": "bc6572dd7b4c853c1448f00308b704f94773679e", "bids": [{"price": "0.01", "size": "8074.95"}, {"price": "0.02", "size": "5047.43"}, {"price": "0.03", "size": "11077.96"}, {"price": "0.42", "size": "400"}], "asks": [{"price": "0.99", "size": "8074.48"}, {"price": "0.98", "size": "5054.58"}, {"price": "0.97", "size": "8886.33"}, {"price": "0.95", "size": "16.08"}, {"price": "0.49", "size": "400"}], "event_type": "book", "last_trade_price": ""}, {"market": "0x72ba07862b22314dbe4f409505a9833da2dfb3ffe2f6a1c8fa1ba3add5e7a039", "asset_id": "93425111955845150480136289753481493030447902158015790781546943758014021748210", "timestamp": "1769384056412", "hash": "11551abc30a72732ef2b4e7f1fdbea2206f741a7", "bids": [{"price": "0.01", "size": "8019.22"}, {"price": "0.02", "size": "5107.42"}], "asks": [{"price": "0.99", "size": "11206.36"}, {"price": "0.98", "size": "24.83"}, {"price": "0.97", "size": "5.47"}], "event_type": "book", "last_trade_price": ""}, {"market": "0x050d4987d8be39002515c0fa150fdc0a7bbce0866834df64e0883e3aca16cebb", "asset_id": "54622260618686572723853734237251247285564699837184079846228858628426409826720", "timestamp": "1769383886055", "hash": "f5427b2c84e7381a5774dc2b5e41f49726133711", "bids": [{"price": "0.01", "size": "98.78"}, {"price": "0.02", "size": "25.63"}, {"price": "0.05", "size": "11.46"}], "asks": [{"price": "0.99", "size": "100"}, {"price": "0.98", "size": "39.99"}, {"price": "0.96", "size": "29.99"}], "event_type": "book", "last_trade_price": ""}, {"market": "0x050d4987d8be39002515c0fa150fdc0a7bbce0866834df64e0883e3aca16cebb", "asset_id": "46879560284701891629007918945256927799382824144519183690709895963589731438674", "timestamp": "1769383886055", "hash": "fa651e2a3a3e2fb0a995422c8b3ad2be001e85d3", "bids": [{"price": "0.01", "size": "100"}, {"price": "0.02", "size": "39.99"}, {"price": "0.04", "size": "29.99"}], "asks": [{"price": "0.99", "size": "98.78"}, {"price": "0.98", "size": "25.63"}, {"price": "0.95", "size": "11.46"}], "event_type": "book", "last_trade_price": ""}, {"market": "0xb483376a4a11938da0ae705f901db99f563a73f84df0d3dcb2c1bf7052ca279b", "asset_id": "38278925131304241066712865633907202764870863859804168264871289385839720357843", "timestamp": "1769383984694", "hash": "86981b991d544d446524759832623a70725213af", "bids": [{"price": "0.01", "size": "8075.27"}, {"price": "0.02", "size": "5052.52"}, {"price": "0.03", "size": "10156.43"}, {"price": "0.04", "size": "20.94"}, {"price": "0.42", "size": "400"}], "asks": [{"price": "0.99", "size": "8079.49"}, {"price": "0.98", "size": "5047.43"}, {"price": "0.97", "size": "3080.22"}, {"price": "0.49", "size": "400"}], "event_type": "book", "last_trade_price": ""}, {"market": "0x98612f171f4dc6a0e346710a7729ea695ccc2e5f49437995894dfd0809884f0c", "asset_id": "48560990866788733674131421352321870328649148949521354561724191929176618618723", "timestamp": "1769383984878", "hash": "e2cc54f6b9764d24498f2cfb71d59d325c536cea", "bids": [{"price": "0.01", "size": "8074.48"}, {"price": "0.02", "size": "5054.58"}, {"price": "0.03", "size": "8886.33"}, {"price": "0.05", "size": "16.08"}, {"price": "0.51", "size": "400"}], "asks": [{"price": "0.99", "size": "8074.95"}, {"price": "0.98", "size": "5047.43"}, {"price": "0.97", "size": "11077.96"}, {"price": "0.58", "size": "400"}], "event_type": "book", "last_trade_price": ""}]}
{"_local_timestamp": "2026-01-25T23:34:21.617550+00:00", "data": {"market": "0x88608442d14bdfa98a3d2ece26857aa516f193c8161db0c8e7c779fd8f3464af", "price_changes": [{"asset_id": "42097535137505280315737745177128192451567567237475285083506851409423497113459", "price": "0.1", "size": "895.98", "side": "BUY", "hash": "7a8a32df8db76c559c7c08e1caccc6f0292d6902", "best_bid": "0.4", "best_ask": "0.47"}, {"asset_id": "20794210232738155208360248995422719359166978550921485109532388301377529305580", "price": "0.9", "size": "895.98", "side": "SELL", "hash": "8370de655fe70a9a615877b9732562fcb58580d6", "best_bid": "0.53", "best_ask": "0.6"}], "timestamp": "1769384061552", "event_type": "price_change"}}
{"_local_timestamp": "2026-01-25T23:34:21.624402+00:00", "data": {"market": "0x88608442d14bdfa98a3d2ece26857aa516f193c8161db0c8e7c779fd8f3464af", "price_changes": [{"asset_id": "20794210232738155208360248995422719359166978550921485109532388301377529305580", "price": "0.09", "size": "0", "side": "BUY", "hash": "0574c68a0ffc0194d5b87aa9f32c8172f7fe84e3", "best_bid": "0.53", "best_ask": "0.6"}, {"asset_id": "42097535137505280315737745177128192451567567237475285083506851409423497113459", "price": "0.91", "size": "0", "side": "SELL", "hash": "a1ecfffbb260a7a019a2e5a883e50c68cad855c1", "best_bid": "0.4", "best_ask": "0.47"}], "timestamp": "1769384061552", "event_type": "price_change"}}
{"_local_timestamp": "2026-01-25T23:34:21.671482+00:00", "data": {"market": "0x88608442d14bdfa98a3d2ece26857aa516f193c8161db0c8e7c779fd8f3464af", "price_changes": [{"asset_id": "20794210232738155208360248995422719359166978550921485109532388301377529305580", "price": "0.15", "size": "0", "side": "BUY", "hash": "86ae0de1d07c714ba76c4630abe133c2f0cae080", "best_bid": "0.53", "best_ask": "0.6"}, {"asset_id": "42097535137505280315737745177128192451567567237475285083506851409423497113459", "price": "0.85", "size": "0", "side": "SELL", "hash": "e180b24c83bcad2afc091babd7a1b9919606a69b", "best_bid": "0.4", "best_ask": "0.47"}], "timestamp": "1769384061602", "event_type": "price_change"}}
{"_local_timestamp": "2026-01-25T23:34:21.672238+00:00", "data": {"market": "0x88608442d14bdfa98a3d2ece26857aa516f193c8161db0c8e7c779fd8f3464af", "price_changes": [{"asset_id": "20794210232738155208360248995422719359166978550921485109532388301377529305580", "price": "0.08", "size": "4257.32", "side": "BUY", "hash": "86ae0de1d07c714ba76c4630abe133c2f0cae080", "best_bid": "0.53", "best_ask": "0.6"}, {"asset_id": "42097535137505280315737745177128192451567567237475285083506851409423497113459", "price": "0.92", "size": "4257.32", "side": "SELL", "hash": "e180b24c83bcad2afc091babd7a1b9919606a69b", "best_bid": "0.4", "best_ask": "0.47"}], "timestamp": "1769384061602", "event_type": "price_change"}}
{"_local_timestamp": "2026-01-25T23:34:21.674300+00:00", "data": {"market": "0x88608442d14bdfa98a3d2ece26857aa516f193c8161db0c8e7c779fd8f3464af", "price_changes": [{"asset_id": "20794210232738155208360248995422719359166978550921485109532388301377529305580", "price": "0.07", "size": "1700", "side": "BUY", "hash": "86ae0de1d07c714ba76c4630abe133c2f0cae080", "best_bid": "0.53", "best_ask": "0.6"}, {"asset_id": "42097535137505280315737745177128192451567567237475285083506851409423497113459", "price": "0.93", "size": "1700", "side": "SELL", "hash": "e180b24c83bcad2afc091babd7a1b9919606a69b", "best_bid": "0.4", "best_ask": "0.47"}], "timestamp": "1769384061602", "event_type": "price_change"}}
{"_local_timestamp": "2026-01-25T23:34:21.677939+00:00", "data": {"market": "0x88608442d14bdfa98a3d2ece26857aa516f193c8161db0c8e7c779fd8f3464af", "price_changes": [{"asset_id": "42097535137505280315737745177128192451567567237475285083506851409423497113459", "price": "0.1", "size": "5.87", "side": "BUY", "hash": "afcd2f8e2e7ab11434e9dda0c6806e2ff2e86d60", "best_bid": "0.4", "best_ask": "0.47"}, {"asset_id": "20794210232738155208360248995422719359166978550921485109532388301377529305580", "price": "0.9", "size": "5.87", "side": "SELL", "hash": "932785bdc218ee4574194c24608c0de502d83d7a", "best_bid": "0.53", "best_ask": "0.6"}], "timestamp": "1769384061602", "event_type": "price_change"}}
{"_local_timestamp": "2026-01-25T23:34:21.678528+00:00", "data": {"market": "0x88608442d14bdfa98a3d2ece26857aa516f193c8161db0c8e7c779fd8f3464af", "price_changes": [{"asset_id": "42097535137505280315737745177128192451567567237475285083506851409423497113459", "price": "0.11", "size": "100", "side": "BUY", "hash": "afcd2f8e2e7ab11434e9dda0c6806e2ff2e86d60", "best_bid": "0.4", "best_ask": "0.47"}, {"asset_id": "20794210232738155208360248995422719359166978550921485109532388301377529305580", "price": "0.89", "size": "100", "side": "SELL", "hash": "932785bdc218ee4574194c24608c0de502d83d7a", "best_bid": "0.53", "best_ask": "0.6"}], "timestamp": "1769384061602", "event_type": "price_change"}}
{"_local_timestamp": "2026-01-25T23:34:21.697604+00:00", "data": {"market": "0x88608442d14bdfa98a3d2ece26857aa516f193c8161db0c8e7c779fd8f3464af", "price_changes": [{"asset_id": "42097535137505280315737745177128192451567567237475285083506851409423497113459", "price": "0.08", "size": "2160.21", "side": "BUY", "hash": "8da4622952db2f53b3696693c54411f135006d4a", "best_bid": "0.4", "best_ask": "0.47"}, {"asset_id": "20794210232738155208360248995422719359166978550921485109532388301377529305580", "price": "0.92", "size": "2160.21", "side": "SELL", "hash": "27ea79f3e8fd1b75b65f774533a9694c5184f348", "best_bid": "0.53", "best_ask": "0.6"}], "timestamp": "1769384061625", "event_type": "price_change"}}
{"_local_timestamp": "2026-01-25T23:34:21.698810+00:00", "data": {"market": "0x88608442d14bdfa98a3d2ece26857aa516f193c8161db0c8e7c779fd8f3464af", "price_changes": [{"asset_id": "42097535137505280315737745177128192451567567237475285083506851409423497113459", "price": "0.08", "size": "3050.32", "side": "BUY", "hash": "9d005356a0fe78d4ebe14af4939faae583309f80", "best_bid": "0.4", "best_ask": "0.47"}, {"asset_id": "20794210232738155208360248995422719359166978550921485109532388301377529305580", "price": "0.92", "size": "3050.32", "side": "SELL", "hash": "cdc85072086913af5b0211abe3d681af2e198115", "best_bid": "0.53", "best_ask": "0.6"}], "timestamp": "1769384061625", "event_type": "price_change"}}
{"_local_timestamp": "2026-01-25T23:34:21.735607+00:00", "data": {"market": "0x88608442d14bdfa98a3d2ece26857aa516f193c8161db0c8e7c779fd8f3464af", "price_changes": [{"asset_id": "20794210232738155208360248995422719359166978550921485109532388301377529305580", "price": "0.17", "size": "890.11", "side": "BUY", "hash": "cce42902893acb8cf07835b0ef0ab3e626046e47", "best_bid": "0.53", "best_ask": "0.6"}, {"asset_id": "42097535137505280315737745177128192451567567237475285083506851409423497113459", "price": "0.83", "size": "890.11", "side": "SELL", "hash": "8e5860c95361f0d3441227566634e97c7179a069", "best_bid": "0.4", "best_ask": "0.47"}], "timestamp": "1769384061663", "event_type": "price_change"}}
{"_local_timestamp": "2026-01-25T23:34:21.749255+00:00", "data": {"market": "0x88608442d14bdfa98a3d2ece26857aa516f193c8161db0c8e7c779fd8f3464af", "price_changes": [{"asset_id": "42097535137505280315737745177128192451567567237475285083506851409423497113459", "price": "0.08", "size": "5047.43", "side": "BUY", "hash": "223c55492fe3e9632b4b98f2899cf90d1530edb2", "best_bid": "0.4", "best_ask": "0.47"}, {"asset_id": "20794210232738155208360248995422719359166978550921485109532388301377529305580", "price": "0.92", "size": "5047.43", "side": "SELL", "hash": "feff8d98b824c8d8071d6caf73590a5db2759929", "best_bid": "0.53", "best_ask": "0.6"}], "timestamp": "1769384061664", "event_type": "price_change"}}
{"_local_timestamp": "2026-01-25T23:34:21.912743+00:00", "data": {"market": "0x88608442d14bdfa98a3d2ece26857aa516f193c8161db0c8e7c779fd8f3464af", "price_changes": [{"asset_id": "20794210232738155208360248995422719359166978550921485109532388301377529305580", "price": "0.1", "size": "600", "side": "BUY", "hash": "37a59a8bd42afe0db113443a4f7656dfebe9bc74", "best_bid": "0.53", "best_ask": "0.6"}, {"asset_id": "42097535137505280315737745177128192451567567237475285083506851409423497113459", "price": "0.9", "size": "600", "side": "SELL", "hash": "74e50bfbbb33080021c188b536a93b0f204da70c", "best_bid": "0.4", "best_ask": "0.47"}], "timestamp": "1769384061838", "event_type": "price_change"}}
{"_local_timestamp": "2026-01-25T23:34:29.294453+00:00", "data": {"market": "0x88608442d14bdfa98a3d2ece26857aa516f193c8161db0c8e7c779fd8f3464af", "price_changes": [{"asset_id": "20794210232738155208360248995422719359166978550921485109532388301377529305580", "price": "0.1", "size": "500", "side": "BUY", "hash": "c564e10a52859e2fe16e5b88a0b4ab849953668a", "best_bid": "0.53", "best_ask": "0.6"}, {"asset_id": "42097535137505280315737745177128192451567567237475285083506851409423497113459", "price": "0.9", "size": "500", "side": "SELL", "hash": "ff7972801d9fb1c2e5b579b05826610bbbca39e1", "best_bid": "0.4", "best_ask": "0.47"}], "timestamp": "1769384069218", "event_type": "price_change"}}
{"_local_timestamp": "2026-01-25T23:34:29.554878+00:00", "data": {"market": "0x88608442d14bdfa98a3d2ece26857aa516f193c8161db0c8e7c779fd8f3464af", "price_changes": [{"asset_id": "20794210232738155208360248995422719359166978550921485109532388301377529305580", "price": "0.08", "size": "4357.32", "side": "BUY", "hash": "b34348aebc05798300949e09fadc681d5b0f2afc", "best_bid": "0.53", "best_ask": "0.6"}, {"asset_id": "42097535137505280315737745177128192451567567237475285083506851409423497113459", "price": "0.92", "size": "4357.32", "side": "SELL", "hash": "d9be3221be26beca6a536a60a3f7a025923dfd23", "best_bid": "0.4", "best_ask": "0.47"}], "timestamp": "1769384069485", "event_type": "price_change"}}
{"_local_timestamp": "2026-01-25T23:34:30.016493+00:00", "data": {"market": "0x88608442d14bdfa98a3d2ece26857aa516f193c8161db0c8e7c779fd8f3464af", "price_changes": [{"asset_id": "20794210232738155208360248995422719359166978550921485109532388301377529305580", "price": "0.1", "size": "100", "side": "BUY", "hash": "cf8a0772b6aa1db091b54c0b4b8a25ccc6e670fe", "best_bid": "0.53", "best_ask": "0.6"}, {"asset_id": "42097535137505280315737745177128192451567567237475285083506851409423497113459", "price": "0.9", "size": "100", "side": "SELL", "hash": "74bf7325a715ecf00a01764ac38cb7730f0ba4ed", "best_bid": "0.4", "best_ask": "0.47"}], "timestamp": "1769384069833", "event_type": "price_change"}}
{"_local_timestamp": "2026-01-25T23:34:30.275260+00:00", "data": {"market": "0x88608442d14bdfa98a3d2ece26857aa516f193c8161db0c8e7c779fd8f3464af", "price_changes": [{"asset_id": "20794210232738155208360248995422719359166978550921485109532388301377529305580", "price": "0.08", "size": "4757.32", "side": "BUY", "hash": "81d48e0cfb718689891ec913b7c07c222ff5df9e", "best_bid": "0.53", "best_ask": "0.6"}, {"asset_id": "42097535137505280315737745177128192451567567237475285083506851409423497113459", "price": "0.92", "size": "4757.32", "side": "SELL", "hash": "76c5bac99c50f7c26f709b972d5f635fe5302c92", "best_bid": "0.4", "best_ask": "0.47"}], "timestamp": "1769384070110", "event_type": "price_change"}}
{"_local_timestamp": "2026-01-25T23:34:30.457086+00:00", "data": {"market": "0x88608442d14bdfa98a3d2ece26857aa516f193c8161db0c8e7c779fd8f3464af", "price_changes": [{"asset_id": "20794210232738155208360248995422719359166978550921485109532388301377529305580", "price": "0.09", "size": "1270.1", "side": "BUY", "hash": "35b34875efd5baaa152a5d5fde85488defb85eaa", "best_bid": "0.53", "best_ask": "0.6"}, {"asset_id": "42097535137505280315737745177128192451567567237475285083506851409423497113459", "price": "0.91", "size": "1270.1", "side": "SELL", "hash": "c7a6f84e20d279a0247d11771c9f072a9e2c238f", "best_bid": "0.4", "best_ask": "0.47"}], "timestamp": "1769384070293", "event_type": "price_change"}}
{"_local_timestamp": "2026-01-25T23:34:30.462311+00:00", "data": {"market": "0x88608442d14bdfa98a3d2ece26857aa516f193c8161db0c8e7c779fd8f3464af", "price_changes": [{"asset_id": "20794210232738155208360248995422719359166978550921485109532388301377529305580", "price": "0.09", "size": "3267.21", "side": "BUY", "hash": "aab9465d64e4d9655a0bc4d248e5853a07020b20", "best_bid": "0.53", "best_ask": "0.6"}, {"asset_id": "42097535137505280315737745177128192451567567237475285083506851409423497113459", "price": "0.91", "size": "3267.21", "side": "SELL", "hash": "1f840935a9ee879d93fee52d1dd891df090f728d", "best_bid": "0.4", "best_ask": "0.47"}], "timestamp": "1769384070294", "event_type": "price_change"}}
{"_local_timestamp": "2026-01-25T23:34:30.464802+00:00", "data": {"market": "0x88608442d14bdfa98a3d2ece26857aa516f193c8161db0c8e7c779fd8f3464af", "price_changes": [{"asset_id": "20794210232738155208360248995422719359166978550921485109532388301377529305580", "price": "0.09", "size": "4157.32", "side": "BUY", "hash": "a0db900231afdc41bc28271f5b8e22a0ad74bfb4", "best_bid": "0.53", "best_ask": "0.6"}, {"asset_id": "42097535137505280315737745177128192451567567237475285083506851409423497113459", "price": "0.91", "size": "4157.32", "side": "SELL", "hash": "542c72b512a4504427e095956311b0d7f7b00cff", "best_bid": "0.4", "best_ask": "0.47"}], "timestamp": "1769384070295", "event_type": "price_change"}}
{"_local_timestamp": "2026-01-25T23:34:30.950992+00:00", "data": {"market": "0x88608442d14bdfa98a3d2ece26857aa516f193c8161db0c8e7c779fd8f3464af", "price_changes": [{"asset_id": "42097535137505280315737745177128192451567567237475285083506851409423497113459", "price": "0.11", "size": "0", "side": "BUY", "hash": "3f1111bbf4ff337bb8f666fcce86e7271e34cded", "best_bid": "0.4", "best_ask": "0.47"}, {"asset_id": "20794210232738155208360248995422719359166978550921485109532388301377529305580", "price": "0.89", "size": "0", "side": "SELL", "hash": "516dc8126aa3cdffd4e928c3990b5a4b1e49154f", "best_bid": "0.53", "best_ask": "0.6"}], "timestamp": "1769384070882", "event_type": "price_change"}}
{"_local_timestamp": "2026-01-25T23:34:31.180192+00:00", "data": {"market": "0x88608442d14bdfa98a3d2ece26857aa516f193c8161db0c8e7c779fd8f3464af", "price_changes": [{"asset_id": "42097535137505280315737745177128192451567567237475285083506851409423497113459", "price": "0.08", "size": "5147.43", "side": "BUY", "hash": "76989b0d3049da98f6fe0f9820f47c56ba2d30ba", "best_bid": "0.4", "best_ask": "0.47"}, {"asset_id": "20794210232738155208360248995422719359166978550921485109532388301377529305580", "price": "0.92", "size": "5147.43", "side": "SELL", "hash": "4b096887977bbb743f559b2200e0d49adbc055c0", "best_bid": "0.53", "best_ask": "0.6"}], "timestamp": "1769384071112", "event_type": "price_change"}}
{"_local_timestamp": "2026-01-25T23:34:35.758945+00:00", "data": {"market": "0x72ba07862b22314dbe4f409505a9833da2dfb3ffe2f6a1c8fa1ba3add5e7a039", "price_changes": [{"asset_id": "2984940558574601482400602739691261511463191599721533374910685943278753091727", "price": "0.04", "size": "29.99", "side": "BUY", "hash": "257339282b6da3c28261f7931d069143813e6012", "best_bid": "0.04", "best_ask": "0.98"}, {"asset_id": "93425111955845150480136289753481493030447902158015790781546943758014021748210", "price": "0.96", "size": "29.99", "side": "SELL", "hash": "dab03e1ab4de54f965942f8b08c62572fafa9480", "best_bid": "0.02", "best_ask": "0.96"}], "timestamp": "1769384075688", "event_type": "price_change"}}
{"_local_timestamp": "2026-01-25T23:34:39.019790+00:00", "data": {"market": "0x72ba07862b22314dbe4f409505a9833da2dfb3ffe2f6a1c8fa1ba3add5e7a039", "price_changes": [{"asset_id": "2984940558574601482400602739691261511463191599721533374910685943278753091727", "price": "0.03", "size": "0", "side": "BUY", "hash": "38ec7032140d5869bd6979873b473b9b2a7dd5a0", "best_bid": "0.04", "best_ask": "0.98"}, {"asset_id": "93425111955845150480136289753481493030447902158015790781546943758014021748210", "price": "0.97", "size": "0", "side": "SELL", "hash": "34fd80d137de6daa531348f9adec85d8df7cf8fa", "best_bid": "0.02", "best_ask": "0.96"}], "timestamp": "1769384078927", "event_type": "price_change"}}
{"_local_timestamp": "2026-01-25T23:34:39.380129+00:00", "data": {"market": "0x72ba07862b22314dbe4f409505a9833da2dfb3ffe2f6a1c8fa1ba3add5e7a039", "price_changes": [{"asset_id": "2984940558574601482400602739691261511463191599721533374910685943278753091727", "price": "0.05", "size": "5.47", "side": "BUY", "hash": "95d26c4cffcf1e87c75b85d023b03d3402ba4a98", "best_bid": "0.05", "best_ask": "0.98"}, {"asset_id": "93425111955845150480136289753481493030447902158015790781546943758014021748210", "price": "0.95", "size": "5.47", "side": "SELL", "hash": "5adfdc254bedaf14e0849287c8385f2a4a01a96c", "best_bid": "0.02", "best_ask": "0.95"}], "timestamp": "1769384079248", "event_type": "price_change"}}
{"_local_timestamp": "2026-01-25T23:34:50.262464+00:00", "data": {"market": "0x88608442d14bdfa98a3d2ece26857aa516f193c8161db0c8e7c779fd8f3464af", "price_changes": [{"asset_id": "20794210232738155208360248995422719359166978550921485109532388301377529305580", "price": "0.1", "size": "0", "side": "BUY", "hash": "6feeb2d7d3948863e2a82cc672062da9a6f2291a", "best_bid": "0.53", "best_ask": "0.6"}, {"asset_id": "42097535137505280315737745177128192451567567237475285083506851409423497113459", "price": "0.9", "size": "0", "side": "SELL", "hash": "50b6d67c692865d90307567eb0e1a590457ec34b", "best_bid": "0.4", "best_ask": "0.47"}], "timestamp": "1769384090193", "event_type": "price_change"}}
{"_local_timestamp": "2026-01-25T23:34:50.480475+00:00", "data": {"market": "0x88608442d14bdfa98a3d2ece26857aa516f193c8161db0c8e7c779fd8f3464af", "price_changes": [{"asset_id": "20794210232738155208360248995422719359166978550921485109532388301377529305580", "price": "0.08", "size": "600", "side": "BUY", "hash": "d5f2fd2cf305d64557e68922af2a65b875bdc078", "best_bid": "0.53", "best_ask": "0.6"}, {"asset_id": "42097535137505280315737745177128192451567567237475285083506851409423497113459", "price": "0.92", "size": "600", "side": "SELL", "hash": "b84c6591a015410dbee6ab3225408fd2c48bc0aa", "best_bid": "0.4", "best_ask": "0.47"}], "timestamp": "1769384090411", "event_type": "price_change"}}
{"_local_timestamp": "2026-01-25T23:34:50.533608+00:00", "data": {"market": "0x88608442d14bdfa98a3d2ece26857aa516f193c8161db0c8e7c779fd8f3464af", "price_changes": [{"asset_id": "20794210232738155208360248995422719359166978550921485109532388301377529305580", "price": "0.08", "size": "700", "side": "BUY", "hash": "031cc9783c4037abe792a6b39903fc5ef2dab559", "best_bid": "0.53", "best_ask": "0.6"}, {"asset_id": "42097535137505280315737745177128192451567567237475285083506851409423497113459", "price": "0.92", "size": "700", "side": "SELL", "hash": "3b0c5aad0fa0c6976a1c71abaabf75bbb7c18d64", "best_bid": "0.4", "best_ask": "0.47"}], "timestamp": "1769384090464", "event_type": "price_change"}}
{"_local_timestamp": "2026-01-25T23:34:50.537464+00:00", "data": {"market": "0x88608442d14bdfa98a3d2ece26857aa516f193c8161db0c8e7c779fd8f3464af", "price_changes": [{"asset_id": "42097535137505280315737745177128192451567567237475285083506851409423497113459", "price": "0.08", "size": "5247.43", "side": "BUY", "hash": "239ab431d922f3e347b35d987338f0ebdf124f3d", "best_bid": "0.4", "best_ask": "0.47"}, {"asset_id": "20794210232738155208360248995422719359166978550921485109532388301377529305580", "price": "0.92", "size": "5247.43", "side": "SELL", "hash": "6ee0aac4b957c21f1ff0be69bd1df02a820c95b6", "best_bid": "0.53", "best_ask": "0.6"}], "timestamp": "1769384090465", "event_type": "price_change"}}
{"_local_timestamp": "2026-01-25T23:34:50.702850+00:00", "data": {"market": "0x88608442d14bdfa98a3d2ece26857aa516f193c8161db0c8e7c779fd8f3464af", "price_changes": [{"asset_id": "42097535137505280315737745177128192451567567237475285083506851409423497113459", "price": "0.09", "size": "890.11", "side": "BUY", "hash": "30877691d2664388f3e06618ce612c0ccc5f3cda", "best_bid": "0.4", "best_ask": "0.47"}, {"asset_id": "20794210232738155208360248995422719359166978550921485109532388301377529305580", "price": "0.91", "size": "890.11", "side": "SELL", "hash": "6b7fd863e9db86495ab5c05d60f1290e25363ffc", "best_bid": "0.53", "best_ask": "0.6"}], "timestamp": "1769384090630", "event_type": "price_change"}}
{"_local_timestamp": "2026-01-25T23:34:50.731480+00:00", "data": {"market": "0x88608442d14bdfa98a3d2ece26857aa516f193c8161db0c8e7c779fd8f3464af", "price_changes": [{"asset_id": "20794210232738155208360248995422719359166978550921485109532388301377529305580", "price": "0.16", "size": "890.11", "side": "BUY", "hash": "e2391668a25fd762b66fd8a87285a356c30406c8", "best_bid": "0.53", "best_ask": "0.6"}, {"asset_id": "42097535137505280315737745177128192451567567237475285083506851409423497113459", "price": "0.84", "size": "890.11", "side": "SELL", "hash": "c5f440974af2d1ac77088f1616cf895ce23a78b5", "best_bid": "0.4", "best_ask": "0.47"}], "timestamp": "1769384090660", "event_type": "price_change"}}
{"_local_timestamp": "2026-01-25T23:34:50.731944+00:00", "data": {"market": "0x88608442d14bdfa98a3d2ece26857aa516f193c8161db0c8e7c779fd8f3464af", "price_changes": [{"asset_id": "20794210232738155208360248995422719359166978550921485109532388301377529305580", "price": "0.08", "size": "300", "side": "BUY", "hash": "e2391668a25fd762b66fd8a87285a356c30406c8", "best_bid": "0.53", "best_ask": "0.6"}, {"asset_id": "42097535137505280315737745177128192451567567237475285083506851409423497113459", "price": "0.92", "size": "300", "side": "SELL", "hash": "c5f440974af2d1ac77088f1616cf895ce23a78b5", "best_bid": "0.4", "best_ask": "0.47"}], "timestamp": "1769384090660", "event_type": "price_change"}}
{"_local_timestamp": "2026-01-25T23:34:50.834427+00:00", "data": {"market": "0x88608442d14bdfa98a3d2ece26857aa516f193c8161db0c8e7c779fd8f3464af", "price_changes": [{"asset_id": "20794210232738155208360248995422719359166978550921485109532388301377529305580", "price": "0.08", "size": "2297.11", "side": "BUY", "hash": "243b92e09b9d29792e9e070b033f8ce143e76723", "best_bid": "0.53", "best_ask": "0.6"}, {"asset_id": "42097535137505280315737745177128192451567567237475285083506851409423497113459", "price": "0.92", "size": "2297.11", "side": "SELL", "hash": "5943ca4562943e47f2f026bc977a4aa2f07809d4", "best_bid": "0.4", "best_ask": "0.47"}], "timestamp": "1769384090762", "event_type": "price_change"}}
{"_local_timestamp": "2026-01-25T23:34:51.356874+00:00", "data": {"market": "0x88608442d14bdfa98a3d2ece26857aa516f193c8161db0c8e7c779fd8f3464af", "price_changes": [{"asset_id": "20794210232738155208360248995422719359166978550921485109532388301377529305580", "price": "0.08", "size": "3187.22", "side": "BUY", "hash": "f7966636c06024edc193fb2ab15bdbbf5d551aa2", "best_bid": "0.53", "best_ask": "0.6"}, {"asset_id": "42097535137505280315737745177128192451567567237475285083506851409423497113459", "price": "0.92", "size": "3187.22", "side": "SELL", "hash": "03ed50c4e7f63c14bef7b5131546111f1d0ab5b4", "best_bid": "0.4", "best_ask": "0.47"}], "timestamp": "1769384090763", "event_type": "price_change"}}
{"_local_timestamp": "2026-01-25T23:34:51.357302+00:00", "data": {"market": "0x88608442d14bdfa98a3d2ece26857aa516f193c8161db0c8e7c779fd8f3464af", "price_changes": [{"asset_id": "20794210232738155208360248995422719359166978550921485109532388301377529305580", "price": "0.08", "size": "4457.32", "side": "BUY", "hash": "26694ad7513a37642c94bfa6c5e798aeb1f9152c", "best_bid": "0.53", "best_ask": "0.6"}, {"asset_id": "42097535137505280315737745177128192451567567237475285083506851409423497113459", "price": "0.92", "size": "4457.32", "side": "SELL", "hash": "b6df7f64b96e51aa27fb75179c6ce958b9840571", "best_bid": "0.4", "best_ask": "0.47"}], "timestamp": "1769384090792", "event_type": "price_change"}}
{"_local_timestamp": "2026-01-25T23:34:51.492746+00:00", "data": {"market": "0x88608442d14bdfa98a3d2ece26857aa516f193c8161db0c8e7c779fd8f3464af", "price_changes": [{"asset_id": "20794210232738155208360248995422719359166978550921485109532388301377529305580", "price": "0.17", "size": "1090.11", "side": "BUY", "hash": "022bed3a9768af956e315fecc078eb4092c0f291", "best_bid": "0.53", "best_ask": "0.6"}, {"asset_id": "42097535137505280315737745177128192451567567237475285083506851409423497113459", "price": "0.83", "size": "1090.11", "side": "SELL", "hash": "6360ec54abc63fae4017ef6e880702bfc7a1b662", "best_bid": "0.4", "best_ask": "0.47"}], "timestamp": "1769384090942", "event_type": "price_change"}}
{"_local_timestamp": "2026-01-25T23:34:51.493170+00:00", "data": {"market": "0x88608442d14bdfa98a3d2ece26857aa516f193c8161db0c8e7c779fd8f3464af", "price_changes": [{"asset_id": "20794210232738155208360248995422719359166978550921485109532388301377529305580", "price": "0.09", "size": "4557.32", "side": "BUY", "hash": "8e346ebc7bbc0025d3c19535a8c4e8e98853db54", "best_bid": "0.53", "best_ask": "0.6"}, {"asset_id": "42097535137505280315737745177128192451567567237475285083506851409423497113459", "price": "0.91", "size": "4557.32", "side": "SELL", "hash": "7e88da6d9ffda4241526b90a74fcb21683304404", "best_bid": "0.4", "best_ask": "0.47"}], "timestamp": "1769384090943", "event_type": "price_change"}}
{"_local_timestamp": "2026-01-25T23:34:51.493543+00:00", "data": {"market": "0x88608442d14bdfa98a3d2ece26857aa516f193c8161db0c8e7c779fd8f3464af", "price_changes": [{"asset_id": "42097535137505280315737745177128192451567567237475285083506851409423497113459", "price": "0.08", "size": "5647.43", "side": "BUY", "hash": "14bbe037fa4f3b362b13a7b73d5f5525efd10ee8", "best_bid": "0.4", "best_ask": "0.47"}, {"asset_id": "20794210232738155208360248995422719359166978550921485109532388301377529305580", "price": "0.92", "size": "5647.43", "side": "SELL", "hash": "a880c9ba85aa7a05076adb31b783c466064829e0", "best_bid": "0.53", "best_ask": "0.6"}], "timestamp": "1769384090944", "event_type": "price_change"}}
{"_local_timestamp": "2026-01-25T23:34:56.660649+00:00", "data": {"market": "0x88608442d14bdfa98a3d2ece26857aa516f193c8161db0c8e7c779fd8f3464af", "price_changes": [{"asset_id": "20794210232738155208360248995422719359166978550921485109532388301377529305580", "price": "0.08", "size": "4357.32", "side": "BUY", "hash": "0631c9358b4c37bae8813a246f66832087136d86", "best_bid": "0.53", "best_ask": "0.6"}, {"asset_id": "42097535137505280315737745177128192451567567237475285083506851409423497113459", "price": "0.92", "size": "4357.32", "side": "SELL", "hash": "858479ed161e2efb4841618c2a52831d51e69f2a", "best_bid": "0.4", "best_ask": "0.47"}], "timestamp": "1769384096590", "event_type": "price_change"}}
{"_local_timestamp": "2026-01-25T23:34:56.737653+00:00", "data": {"market": "0x88608442d14bdfa98a3d2ece26857aa516f193c8161db0c8e7c779fd8f3464af", "price_changes": [{"asset_id": "42097535137505280315737745177128192451567567237475285083506851409423497113459", "price": "0.08", "size": "1490.11", "side": "BUY", "hash": "6aa17362f537f59c00b98a418ef92a20b4bceb69", "best_bid": "0.4", "best_ask": "0.47"}, {"asset_id": "20794210232738155208360248995422719359166978550921485109532388301377529305580", "price": "0.92", "size": "1490.11", "side": "SELL", "hash": "c6b94b4bb95755d2375d50d845d0b114fd68c1df", "best_bid": "0.53", "best_ask": "0.6"}], "timestamp": "1769384096672", "event_type": "price_change"}}
{"_local_timestamp": "2026-01-25T23:34:56.738923+00:00", "data": {"market": "0x88608442d14bdfa98a3d2ece26857aa516f193c8161db0c8e7c779fd8f3464af", "price_changes": [{"asset_id": "42097535137505280315737745177128192451567567237475285083506851409423497113459", "price": "0.07", "size": "1700", "side": "BUY", "hash": "6aa17362f537f59c00b98a418ef92a20b4bceb69", "best_bid": "0.4", "best_ask": "0.47"}, {"asset_id": "20794210232738155208360248995422719359166978550921485109532388301377529305580", "price": "0.93", "size": "1700", "side": "SELL", "hash": "c6b94b4bb95755d2375d50d845d0b114fd68c1df", "best_bid": "0.53", "best_ask": "0.6"}], "timestamp": "1769384096672", "event_type": "price_change"}}
{"_local_timestamp": "2026-01-25T23:34:56.741101+00:00", "data": {"market": "0x88608442d14bdfa98a3d2ece26857aa516f193c8161db0c8e7c779fd8f3464af", "price_changes": [{"asset_id": "20794210232738155208360248995422719359166978550921485109532388301377529305580", "price": "0.09", "size": "400", "side": "BUY", "hash": "ef59c14c0e7dcab6d2fee973d37462bbe0f26f1d", "best_bid": "0.53", "best_ask": "0.6"}, {"asset_id": "42097535137505280315737745177128192451567567237475285083506851409423497113459", "price": "0.91", "size": "400", "side": "SELL", "hash": "d1105af70e480cbc6944505a39928a6de253e54f", "best_bid": "0.4", "best_ask": "0.47"}], "timestamp": "1769384096672", "event_type": "price_change"}}
{"_local_timestamp": "2026-01-25T23:34:56.792915+00:00", "data": {"market": "0x88608442d14bdfa98a3d2ece26857aa516f193c8161db0c8e7c779fd8f3464af", "price_changes": [{"asset_id": "20794210232738155208360248995422719359166978550921485109532388301377529305580", "price": "0.16", "size": "0", "side": "BUY", "hash": "ef59c14c0e7dcab6d2fee973d37462bbe0f26f1d", "best_bid": "0.53", "best_ask": "0.6"}, {"asset_id": "42097535137505280315737745177128192451567567237475285083506851409423497113459", "price": "0.84", "size": "0", "side": "SELL", "hash": "d1105af70e480cbc6944505a39928a6de253e54f", "best_bid": "0.4", "best_ask": "0.47"}], "timestamp": "1769384096672", "event_type": "price_change"}}
{"_local_timestamp": "2026-01-25T23:34:56.793360+00:00", "data": {"market": "0x88608442d14bdfa98a3d2ece26857aa516f193c8161db0c8e7c779fd8f3464af", "price_changes": [{"asset_id": "42097535137505280315737745177128192451567567237475285083506851409423497113459", "price": "0.09", "size": "1780.22", "side": "BUY", "hash": "308ee8aedcf84279028220d293c458d910fbeb4f", "best_bid": "0.4", "best_ask": "0.47"}, {"asset_id": "20794210232738155208360248995422719359166978550921485109532388301377529305580", "price": "0.91", "size": "1780.22", "side": "SELL", "hash": "fe83b206766be2525ffda527d31c4daf40e24fcb", "best_bid": "0.53", "best_ask": "0.6"}], "timestamp": "1769384096686", "event_type": "price_change"}}
{"_local_timestamp": "2026-01-25T23:34:56.793745+00:00", "data": {"market": "0x88608442d14bdfa98a3d2ece26857aa516f193c8161db0c8e7c779fd8f3464af", "price_changes": [{"asset_id": "42097535137505280315737745177128192451567567237475285083506851409423497113459", "price": "0.09", "size": "3777.33", "side": "BUY", "hash": "dba742cb4996913bd2eb7a611ecc683d0e294bee", "best_bid": "0.4", "best_ask": "0.47"}, {"asset_id": "20794210232738155208360248995422719359166978550921485109532388301377529305580", "price": "0.91", "size": "3777.33", "side": "SELL", "hash": "59376c94eb794804835154482dc48e60a2be10df", "best_bid": "0.53", "best_ask": "0.6"}], "timestamp": "1769384096689", "event_type": "price_change"}}
{"_local_timestamp": "2026-01-25T23:34:56.794134+00:00", "data": {"market": "0x88608442d14bdfa98a3d2ece26857aa516f193c8161db0c8e7c779fd8f3464af", "price_changes": [{"asset_id": "42097535137505280315737745177128192451567567237475285083506851409423497113459", "price": "0.09", "size": "5047.43", "side": "BUY", "hash": "97258085825738e7aac829b8866512992671b118", "best_bid": "0.4", "best_ask": "0.47"}, {"asset_id": "20794210232738155208360248995422719359166978550921485109532388301377529305580", "price": "0.91", "size": "5047.43", "side": "SELL", "hash": "b7a43926658feacb2fafc604b69cd92016d71f56", "best_bid": "0.53", "best_ask": "0.6"}], "timestamp": "1769384096692", "event_type": "price_change"}}
{"_local_timestamp": "2026-01-25T23:34:56.869957+00:00", "data": {"market": "0x88608442d14bdfa98a3d2ece26857aa516f193c8161db0c8e7c779fd8f3464af", "price_changes": [{"asset_id": "20794210232738155208360248995422719359166978550921485109532388301377529305580", "price": "0.18", "size": "890.11", "side": "BUY", "hash": "49b377f12719fd6b7295f7370780956ea88a8ccc", "best_bid": "0.53", "best_ask": "0.6"}, {"asset_id": "42097535137505280315737745177128192451567567237475285083506851409423497113459", "price": "0.82", "size": "890.11", "side": "SELL", "hash": "c13c34cc562da4b2b62ed1add81b4dacc39ca4b7", "best_bid": "0.4", "best_ask": "0.47"}], "timestamp": "1769384096695", "event_type": "price_change"}}
{"_local_timestamp": "2026-01-25T23:34:56.913472+00:00", "data": {"market": "0x88608442d14bdfa98a3d2ece26857aa516f193c8161db0c8e7c779fd8f3464af", "price_changes": [{"asset_id": "42097535137505280315737745177128192451567567237475285083506851409423497113459", "price": "0.08", "size": "1590.11", "side": "BUY", "hash": "89edad989fc6dbef8946640e8ca21036e9f105f7", "best_bid": "0.4", "best_ask": "0.47"}, {"asset_id": "20794210232738155208360248995422719359166978550921485109532388301377529305580", "price": "0.92", "size": "1590.11", "side": "SELL", "hash": "6af691db0a933017884e438427e3d4952d823aee", "best_bid": "0.53", "best_ask": "0.6"}], "timestamp": "1769384096845", "event_type": "price_change"}}
{"_local_timestamp": "2026-01-25T23:34:56.913996+00:00", "data": {"market": "0x88608442d14bdfa98a3d2ece26857aa516f193c8161db0c8e7c779fd8f3464af", "price_changes": [{"asset_id": "20794210232738155208360248995422719359166978550921485109532388301377529305580", "price": "0.09", "size": "500", "side": "BUY", "hash": "922627e059a6a885150a9e9d2a11b73331692c88", "best_bid": "0.53", "best_ask": "0.6"}, {"asset_id": "42097535137505280315737745177128192451567567237475285083506851409423497113459", "price": "0.91", "size": "500", "side": "SELL", "hash": "14553aeaa2cc925ffe06c5a727b7dcaa59f07028", "best_bid": "0.4", "best_ask": "0.47"}], "timestamp": "1769384096846", "event_type": "price_change"}}
{"_local_timestamp": "2026-01-25T23:34:56.949101+00:00", "data": {"market": "0x88608442d14bdfa98a3d2ece26857aa516f193c8161db0c8e7c779fd8f3464af", "price_changes": [{"asset_id": "20794210232738155208360248995422719359166978550921485109532388301377529305580", "price": "0.1", "size": "5999.11", "side": "BUY", "hash": "204358c4679aafb56b637919846619156eef4a94", "best_bid": "0.53", "best_ask": "0.6"}, {"asset_id": "42097535137505280315737745177128192451567567237475285083506851409423497113459", "price": "0.9", "size": "5999.11", "side": "SELL", "hash": "8afb86f45f7e3b09a73213b43c27a4762daa00fb", "best_bid": "0.4", "best_ask": "0.47"}], "timestamp": "1769384096884", "event_type": "price_change"}}
{"_local_timestamp": "2026-01-25T23:34:58.187658+00:00", "data": {"market": "0x72ba07862b22314dbe4f409505a9833da2dfb3ffe2f6a1c8fa1ba3add5e7a039", "price_changes": [{"asset_id": "93425111955845150480136289753481493030447902158015790781546943758014021748210", "price": "0.01", "size": "7019.22", "side": "BUY", "hash": "8f01f40844a430656459dc1e81f42e51b711fdf7", "best_bid": "0.02", "best_ask": "0.95"}, {"asset_id": "2984940558574601482400602739691261511463191599721533374910685943278753091727", "price": "0.99", "size": "7019.22", "side": "SELL", "hash": "254e14a670eb97807d5eb595bfbe52a0f5c89bf8", "best_bid": "0.05", "best_ask": "0.98"}], "timestamp": "1769384098113", "event_type": "price_change"}}
{"_local_timestamp": "2026-01-25T23:34:58.428147+00:00", "data": {"market": "0x72ba07862b22314dbe4f409505a9833da2dfb3ffe2f6a1c8fa1ba3add5e7a039", "price_changes": [{"asset_id": "93425111955845150480136289753481493030447902158015790781546943758014021748210", "price": "0.01", "size": "9016.33", "side": "BUY", "hash": "4e19c891723e215ea4a6468de84ad03d9553f5ee", "best_bid": "0.02", "best_ask": "0.95"}, {"asset_id": "2984940558574601482400602739691261511463191599721533374910685943278753091727", "price": "0.99", "size": "9016.33", "side": "SELL", "hash": "58b0c001d74907a23aa7f769f9bd0f9fc32b60ed", "best_bid": "0.05", "best_ask": "0.98"}], "timestamp": "1769384098358", "event_type": "price_change"}}
{"_local_timestamp": "2026-01-25T23:34:58.428665+00:00", "data": {"market": "0x72ba07862b22314dbe4f409505a9833da2dfb3ffe2f6a1c8fa1ba3add5e7a039", "price_changes": [{"asset_id": "93425111955845150480136289753481493030447902158015790781546943758014021748210", "price": "0.01", "size": "9906.44", "side": "BUY", "hash": "65acf78fb7090af7fa69bccc2b4b790df6001686", "best_bid": "0.02", "best_ask": "0.95"}, {"asset_id": "2984940558574601482400602739691261511463191599721533374910685943278753091727", "price": "0.99", "size": "9906.44", "side": "SELL", "hash": "5da47930751f14832fc10570ad20b88ff2548817", "best_bid": "0.05", "best_ask": "0.98"}], "timestamp": "1769384098359", "event_type": "price_change"}}
{"_local_timestamp": "2026-01-25T23:34:58.429048+00:00", "data": {"market": "0x72ba07862b22314dbe4f409505a9833da2dfb3ffe2f6a1c8fa1ba3add5e7a039", "price_changes": [{"asset_id": "93425111955845150480136289753481493030447902158015790781546943758014021748210", "price": "0.01", "size": "11176.54", "side": "BUY", "hash": "b66b7dc972e7989a2b42c2e549a00de1552367f2", "best_bid": "0.02", "best_ask": "0.95"}, {"asset_id": "2984940558574601482400602739691261511463191599721533374910685943278753091727", "price": "0.99", "size": "11176.54", "side": "SELL", "hash": "61fe99f8a4d84b94240ed80300c9f5f1e30986a9", "best_bid": "0.05", "best_ask": "0.98"}], "timestamp": "1769384098359", "event_type": "price_change"}}
{"_local_timestamp": "2026-01-25T23:35:01.811243+00:00", "data": {"market": "0x88608442d14bdfa98a3d2ece26857aa516f193c8161db0c8e7c779fd8f3464af", "price_changes": [{"asset_id": "20794210232738155208360248995422719359166978550921485109532388301377529305580", "price": "0.08", "size": "4257.32", "side": "BUY", "hash": "a63946f31ffd8dea376059c9d124a1e810645124", "best_bid": "0.53", "best_ask": "0.6"}, {"asset_id": "42097535137505280315737745177128192451567567237475285083506851409423497113459", "price": "0.92", "size": "4257.32", "side": "SELL", "hash": "6726e064c5444d40d9944169a89be57d3039dd8d", "best_bid": "0.4", "best_ask": "0.47"}], "timestamp": "1769384101738", "event_type": "price_change"}}
{"_local_timestamp": "2026-01-25T23:35:01.984512+00:00", "data": {"market": "0x88608442d14bdfa98a3d2ece26857aa516f193c8161db0c8e7c779fd8f3464af", "price_changes": [{"asset_id": "20794210232738155208360248995422719359166978550921485109532388301377529305580", "price": "0.1", "size": "0", "side": "BUY", "hash": "9f6033bb57930472c6555899facb8647bd0cf174", "best_bid": "0.53", "best_ask": "0.6"}, {"asset_id": "42097535137505280315737745177128192451567567237475285083506851409423497113459", "price": "0.9", "size": "0", "side": "SELL", "hash": "bafb12895a97df7e1badc160548245be366ff4a2", "best_bid": "0.4", "best_ask": "0.47"}], "timestamp": "1769384101917", "event_type": "price_change"}}
{"_local_timestamp": "2026-01-25T23:35:02.098081+00:00", "data": {"market": "0x88608442d14bdfa98a3d2ece26857aa516f193c8161db0c8e7c779fd8f3464af", "price_changes": [{"asset_id": "42097535137505280315737745177128192451567567237475285083506851409423497113459", "price": "0.08", "size": "1690.11", "side": "BUY", "hash": "e37e3793b63329820368390a9d36e000c2c74d08", "best_bid": "0.4", "best_ask": "0.47"}, {"asset_id": "20794210232738155208360248995422719359166978550921485109532388301377529305580", "price": "0.92", "size": "1690.11", "side": "SELL", "hash": "aebc32c2b3cc06634f690a6fcf2a659dfbec2444", "best_bid": "0.53", "best_ask": "0.6"}], "timestamp": "1769384102011", "event_type": "price_change"}}
{"_local_timestamp": "2026-01-25T23:35:02.099899+00:00", "data": {"market": "0x88608442d14bdfa98a3d2ece26857aa516f193c8161db0c8e7c779fd8f3464af", "price_changes": [{"asset_id": "20794210232738155208360248995422719359166978550921485109532388301377529305580", "price": "0.09", "size": "600", "side": "BUY", "hash": "5906554bb5f3ed970af5170e51a9b126f2adb2ec", "best_bid": "0.53", "best_ask": "0.6"}, {"asset_id": "42097535137505280315737745177128192451567567237475285083506851409423497113459", "price": "0.91", "size": "600", "side": "SELL", "hash": "1b96fea8d3d94d134a252baca3657d0744d5b816", "best_bid": "0.4", "best_ask": "0.47"}], "timestamp": "1769384102012", "event_type": "price_change"}}
{"_local_timestamp": "2026-01-25T23:35:02.213910+00:00", "data": {"market": "0x88608442d14bdfa98a3d2ece26857aa516f193c8161db0c8e7c779fd8f3464af", "price_changes": [{"asset_id": "20794210232738155208360248995422719359166978550921485109532388301377529305580", "price": "0.1", "size": "1997.11", "side": "BUY", "hash": "0f868e0659ef26999c2b6d6a48f106d7ab9a2f6f", "best_bid": "0.53", "best_ask": "0.6"}, {"asset_id": "42097535137505280315737745177128192451567567237475285083506851409423497113459", "price": "0.9", "size": "1997.11", "side": "SELL", "hash": "6b5539fb9d5115cb988581c4ea3077995a351529", "best_bid": "0.4", "best_ask": "0.47"}], "timestamp": "1769384102146", "event_type": "price_change"}}
{"_local_timestamp": "2026-01-25T23:35:02.214390+00:00", "data": {"market": "0x88608442d14bdfa98a3d2ece26857aa516f193c8161db0c8e7c779fd8f3464af", "price_changes": [{"asset_id": "20794210232738155208360248995422719359166978550921485109532388301377529305580", "price": "0.1", "size": "2887.22", "side": "BUY", "hash": "6d7a317918adba33970f04d94cb8f79c7b213667", "best_bid": "0.53", "best_ask": "0.6"}, {"asset_id": "42097535137505280315737745177128192451567567237475285083506851409423497113459", "price": "0.9", "size": "2887.22", "side": "SELL", "hash": "83223f0b33513729686c8318e3978c7ba9cc14d5", "best_bid": "0.4", "best_ask": "0.47"}], "timestamp": "1769384102147", "event_type": "price_change"}}
{"_local_timestamp": "2026-01-25T23:35:02.214803+00:00", "data": {"market": "0x88608442d14bdfa98a3d2ece26857aa516f193c8161db0c8e7c779fd8f3464af", "price_changes": [{"asset_id": "20794210232738155208360248995422719359166978550921485109532388301377529305580", "price": "0.1", "size": "4157.32", "side": "BUY", "hash": "9f5fa22c40c3dc869b8bfd1498af1e19ceea841d", "best_bid": "0.53", "best_ask": "0.6"}, {"asset_id": "42097535137505280315737745177128192451567567237475285083506851409423497113459", "price": "0.9", "size": "4157.32", "side": "SELL", "hash": "b9521e1e918a9de21e090ac50ce7933f21c90263", "best_bid": "0.4", "best_ask": "0.47"}], "timestamp": "1769384102147", "event_type": "price_change"}}
{"_local_timestamp": "2026-01-25T23:35:06.834967+00:00", "data": {"market": "0x88608442d14bdfa98a3d2ece26857aa516f193c8161db0c8e7c779fd8f3464af", "price_changes": [{"asset_id": "42097535137505280315737745177128192451567567237475285083506851409423497113459", "price": "0.08", "size": "1590.11", "side": "BUY", "hash": "e0128139a91dc24e205a4966d91f9eb7d2efb29a", "best_bid": "0.4", "best_ask": "0.47"}, {"asset_id": "20794210232738155208360248995422719359166978550921485109532388301377529305580", "price": "0.92", "size": "1590.11", "side": "SELL", "hash": "2207b6e9def4ced1dbe0237c49cf5eaf80721296", "best_bid": "0.53", "best_ask": "0.6"}], "timestamp": "1769384106760", "event_type": "price_change"}}
{"_local_timestamp": "2026-01-25T23:35:06.888812+00:00", "data": {"market": "0x88608442d14bdfa98a3d2ece26857aa516f193c8161db0c8e7c779fd8f3464af", "price_changes": [{"asset_id": "20794210232738155208360248995422719359166978550921485109532388301377529305580", "price": "0.08", "size": "2097.11", "side": "BUY", "hash": "79f5994919ee6460d52e703eb3a71322bd36c76d", "best_bid": "0.53", "best_ask": "0.6"}, {"asset_id": "42097535137505280315737745177128192451567567237475285083506851409423497113459", "price": "0.92", "size": "2097.11", "side": "SELL", "hash": "1382f2468a9945dbef8de22a4be41f64cba6aefe", "best_bid": "0.4", "best_ask": "0.47"}], "timestamp": "1769384106818", "event_type": "price_change"}}
{"_local_timestamp": "2026-01-25T23:35:06.976788+00:00", "data": {"market": "0x88608442d14bdfa98a3d2ece26857aa516f193c8161db0c8e7c779fd8f3464af", "price_changes": [{"asset_id": "20794210232738155208360248995422719359166978550921485109532388301377529305580", "price": "0.08", "size": "100", "side": "BUY", "hash": "58711ce063a6a2a3457d9d09cb11b8b6c9197701", "best_bid": "0.53", "best_ask": "0.6"}, {"asset_id": "42097535137505280315737745177128192451567567237475285083506851409423497113459", "price": "0.92", "size": "100", "side": "SELL", "hash": "41af65e3e0ffc188b0ea4a1c41a4c5397455e6ae", "best_bid": "0.4", "best_ask": "0.47"}], "timestamp": "1769384106907", "event_type": "price_change"}}
{"_local_timestamp": "2026-01-25T23:35:07.044842+00:00", "data": {"market": "0x88608442d14bdfa98a3d2ece26857aa516f193c8161db0c8e7c779fd8f3464af", "price_changes": [{"asset_id": "42097535137505280315737745177128192451567567237475285083506851409423497113459", "price": "0.09", "size": "5147.43", "side": "BUY", "hash": "c9dfcd0ce9b20699cbdc9643a811f191ea59b7dd", "best_bid": "0.4", "best_ask": "0.47"}, {"asset_id": "20794210232738155208360248995422719359166978550921485109532388301377529305580", "price": "0.91", "size": "5147.43", "side": "SELL", "hash": "301d32346d9cde26fd9efb7e175270beb04af526", "best_bid": "0.53", "best_ask": "0.6"}], "timestamp": "1769384106975", "event_type": "price_change"}}
{"_local_timestamp": "2026-01-25T23:35:07.288525+00:00", "data": {"market": "0x72ba07862b22314dbe4f409505a9833da2dfb3ffe2f6a1c8fa1ba3add5e7a039", "price_changes": [{"asset_id": "93425111955845150480136289753481493030447902158015790781546943758014021748210", "price": "0.5", "size": "222.22", "side": "BUY", "hash": "2f7e097e9ab47ccb831037b01fe5a2de4c3a2f98", "best_bid": "0.5", "best_ask": "0.95"}, {"asset_id": "2984940558574601482400602739691261511463191599721533374910685943278753091727", "price": "0.5", "size": "222.22", "side": "SELL", "hash": "bec9230f9e7e5e4c1515d1f9c96ddbeb44838912", "best_bid": "0.05", "best_ask": "0.5"}], "timestamp": "1769384107226", "event_type": "price_change"}}
{"_local_timestamp": "2026-01-25T23:35:07.388955+00:00", "data": {"market": "0x72ba07862b22314dbe4f409505a9833da2dfb3ffe2f6a1c8fa1ba3add5e7a039", "price_changes": [{"asset_id": "93425111955845150480136289753481493030447902158015790781546943758014021748210", "price": "0.02", "size": "59.99", "side": "BUY", "hash": "23bd834e373399b5a719c0036f2011a137357f81", "best_bid": "0.5", "best_ask": "0.95"}, {"asset_id": "2984940558574601482400602739691261511463191599721533374910685943278753091727", "price": "0.98", "size": "59.99", "side": "SELL", "hash": "ca9e6d77ffe54685cab740296091db8cc52fc9d5", "best_bid": "0.05", "best_ask": "0.5"}], "timestamp": "1769384107320", "event_type": "price_change"}}
{"_local_timestamp": "2026-01-25T23:35:12.486353+00:00", "data": {"market": "0x88608442d14bdfa98a3d2ece26857aa516f193c8161db0c8e7c779fd8f3464af", "price_changes": [{"asset_id": "42097535137505280315737745177128192451567567237475285083506851409423497113459", "price": "0.08", "size": "1190.11", "side": "BUY", "hash": "160fe1a61578b7bb5b02c6816049349171ef42b9", "best_bid": "0.4", "best_ask": "0.47"}, {"asset_id": "20794210232738155208360248995422719359166978550921485109532388301377529305580", "price": "0.92", "size": "1190.11", "side": "SELL", "hash": "a7fa506fcc484542e69ba16303b5c999dced79f8", "best_bid": "0.53", "best_ask": "0.6"}], "timestamp": "1769384112422", "event_type": "price_change"}}
{"_local_timestamp": "2026-01-25T23:35:12.501993+00:00", "data": {"market": "0x88608442d14bdfa98a3d2ece26857aa516f193c8161db0c8e7c779fd8f3464af", "price_changes": [{"asset_id": "20794210232738155208360248995422719359166978550921485109532388301377529305580", "price": "0.17", "size": "890.11", "side": "BUY", "hash": "0ae16e6ac0270c32c65bec749c154409f94ff2a5", "best_bid": "0.53", "best_ask": "0.6"}, {"asset_id": "42097535137505280315737745177128192451567567237475285083506851409423497113459", "price": "0.83", "size": "890.11", "side": "SELL", "hash": "b626073fcb186020362cd920b7a6d9a5822d27b9", "best_bid": "0.4", "best_ask": "0.47"}], "timestamp": "1769384112422", "event_type": "price_change"}}
{"_local_timestamp": "2026-01-25T23:35:12.502526+00:00", "data": {"market": "0x88608442d14bdfa98a3d2ece26857aa516f193c8161db0c8e7c779fd8f3464af", "price_changes": [{"asset_id": "20794210232738155208360248995422719359166978550921485109532388301377529305580", "price": "0.09", "size": "200", "side": "BUY", "hash": "0ae16e6ac0270c32c65bec749c154409f94ff2a5", "best_bid": "0.53", "best_ask": "0.6"}, {"asset_id": "42097535137505280315737745177128192451567567237475285083506851409423497113459", "price": "0.91", "size": "200", "side": "SELL", "hash": "b626073fcb186020362cd920b7a6d9a5822d27b9", "best_bid": "0.4", "best_ask": "0.47"}], "timestamp": "1769384112422", "event_type": "price_change"}}
{"_local_timestamp": "2026-01-25T23:35:12.568864+00:00", "data": {"market": "0x88608442d14bdfa98a3d2ece26857aa516f193c8161db0c8e7c779fd8f3464af", "price_changes": [{"asset_id": "42097535137505280315737745177128192451567567237475285083506851409423497113459", "price": "0.08", "size": "2080.22", "side": "BUY", "hash": "466c279d05e8b26f8682df3dcda0eb3753420b86", "best_bid": "0.4", "best_ask": "0.47"}, {"asset_id": "20794210232738155208360248995422719359166978550921485109532388301377529305580", "price": "0.92", "size": "2080.22", "side": "SELL", "hash": "af42800759dce30c178dceedd69077048b9d98f5", "best_bid": "0.53", "best_ask": "0.6"}], "timestamp": "1769384112497", "event_type": "price_change"}}
{"_local_timestamp": "2026-01-25T23:35:12.569474+00:00", "data": {"market": "0x88608442d14bdfa98a3d2ece26857aa516f193c8161db0c8e7c779fd8f3464af", "price_changes": [{"asset_id": "42097535137505280315737745177128192451567567237475285083506851409423497113459", "price": "0.08", "size": "4077.33", "side": "BUY", "hash": "733366c812be624d23f2413749ca85f4f708229a", "best_bid": "0.4", "best_ask": "0.47"}, {"asset_id": "20794210232738155208360248995422719359166978550921485109532388301377529305580", "price": "0.92", "size": "4077.33", "side": "SELL", "hash": "a58e805e54816b4e94a76022d3044bdcd51bbaee", "best_bid": "0.53", "best_ask": "0.6"}], "timestamp": "1769384112498", "event_type": "price_change"}}
{"_local_timestamp": "2026-01-25T23:35:12.569931+00:00", "data": {"market": "0x88608442d14bdfa98a3d2ece26857aa516f193c8161db0c8e7c779fd8f3464af", "price_changes": [{"asset_id": "42097535137505280315737745177128192451567567237475285083506851409423497113459", "price": "0.08", "size": "5347.43", "side": "BUY", "hash": "02425f94c6830edbb5785eef359741c62c1bdf31", "best_bid": "0.4", "best_ask": "0.47"}, {"asset_id": "20794210232738155208360248995422719359166978550921485109532388301377529305580", "price": "0.92", "size": "5347.43", "side": "SELL", "hash": "99a57f0f29137638ccc623714df1a1c06ce5abd0", "best_bid": "0.53", "best_ask": "0.6"}], "timestamp": "1769384112499", "event_type": "price_change"}}
{"_local_timestamp": "2026-01-25T23:35:12.671965+00:00", "data": {"market": "0x88608442d14bdfa98a3d2ece26857aa516f193c8161db0c8e7c779fd8f3464af", "price_changes": [{"asset_id": "20794210232738155208360248995422719359166978550921485109532388301377529305580", "price": "0.09", "size": "1090.11", "side": "BUY", "hash": "5dd58466a083f930d10b647a966ec84ed1c1c61c", "best_bid": "0.53", "best_ask": "0.6"}, {"asset_id": "42097535137505280315737745177128192451567567237475285083506851409423497113459", "price": "0.91", "size": "1090.11", "side": "SELL", "hash": "6457e2d96ba4b8a2f6f47ca546c12dcea748c15b", "best_bid": "0.4", "best_ask": "0.47"}], "timestamp": "1769384112606", "event_type": "price_change"}}
{"_local_timestamp": "2026-01-25T23:35:12.672490+00:00", "data": {"market": "0x88608442d14bdfa98a3d2ece26857aa516f193c8161db0c8e7c779fd8f3464af", "price_changes": [{"asset_id": "20794210232738155208360248995422719359166978550921485109532388301377529305580", "price": "0.1", "size": "5047.43", "side": "BUY", "hash": "810fcc0f075663f637002aca158673a96a4a1f61", "best_bid": "0.53", "best_ask": "0.6"}, {"asset_id": "42097535137505280315737745177128192451567567237475285083506851409423497113459", "price": "0.9", "size": "5047.43", "side": "SELL", "hash": "deb27c45570a6a34030aaf2d8348adc365dea444", "best_bid": "0.4", "best_ask": "0.47"}], "timestamp": "1769384112607", "event_type": "price_change"}}
{"_local_timestamp": "2026-01-25T23:35:12.787484+00:00", "data": {"market": "0x88608442d14bdfa98a3d2ece26857aa516f193c8161db0c8e7c779fd8f3464af", "price_changes": [{"asset_id": "20794210232738155208360248995422719359166978550921485109532388301377529305580", "price": "0.18", "size": "1090.11", "side": "BUY", "hash": "363120ee9a2a0c389fa0d301aba7abde9b117d21", "best_bid": "0.53", "best_ask": "0.6"}, {"asset_id": "42097535137505280315737745177128192451567567237475285083506851409423497113459", "price": "0.82", "size": "1090.11", "side": "SELL", "hash": "402c5ea26924331104688c769100a3d6caa001ba", "best_bid": "0.4", "best_ask": "0.47"}], "timestamp": "1769384112713", "event_type": "price_change"}}
{"_local_timestamp": "2026-01-25T23:35:12.795199+00:00", "data": {"market": "0x88608442d14bdfa98a3d2ece26857aa516f193c8161db0c8e7c779fd8f3464af", "price_changes": [{"asset_id": "20794210232738155208360248995422719359166978550921485109532388301377529305580", "price": "0.1", "size": "5447.43", "side": "BUY", "hash": "d2d156571aa1c24d149ce7da980c378c3d62aa63", "best_bid": "0.53", "best_ask": "0.6"}, {"asset_id": "42097535137505280315737745177128192451567567237475285083506851409423497113459", "price": "0.9", "size": "5447.43", "side": "SELL", "hash": "5907491b204738ac76804b93d44de5a893e98d6b", "best_bid": "0.4", "best_ask": "0.47"}], "timestamp": "1769384112713", "event_type": "price_change"}}
{"_local_timestamp": "2026-01-25T23:35:12.795724+00:00", "data": {"market": "0x88608442d14bdfa98a3d2ece26857aa516f193c8161db0c8e7c779fd8f3464af", "price_changes": [{"asset_id": "42097535137505280315737745177128192451567567237475285083506851409423497113459", "price": "0.09", "size": "5547.43", "side": "BUY", "hash": "c4e4fbe2e759b3af70c8ede5d8314bdf11529bea", "best_bid": "0.4", "best_ask": "0.47"}, {"asset_id": "20794210232738155208360248995422719359166978550921485109532388301377529305580", "price": "0.91", "size": "5547.43", "side": "SELL", "hash": "43c5f1acc31cba1a87dce40e4c86c20fbeda3e2a", "best_bid": "0.53", "best_ask": "0.6"}], "timestamp": "1769384112714", "event_type": "price_change"}}
{"_local_timestamp": "2026-01-25T23:35:13.131382+00:00", "data": {"market": "0x88608442d14bdfa98a3d2ece26857aa516f193c8161db0c8e7c779fd8f3464af", "price_changes": [{"asset_id": "42097535137505280315737745177128192451567567237475285083506851409423497113459", "price": "0.09", "size": "11546.54", "side": "BUY", "hash": "7e3f3fe2e550b8badbfb898c48eab69b3d0bf889", "best_bid": "0.4", "best_ask": "0.47"}, {"asset_id": "20794210232738155208360248995422719359166978550921485109532388301377529305580", "price": "0.91", "size": "11546.54", "side": "SELL", "hash": "d0437b80212ea15bed47b1be3109b585f95d89b8", "best_bid": "0.53", "best_ask": "0.6"}], "timestamp": "1769384113021", "event_type": "price_change"}}
{"_local_timestamp": "2026-01-25T23:35:16.643387+00:00", "data": {"market": "0x72ba07862b22314dbe4f409505a9833da2dfb3ffe2f6a1c8fa1ba3add5e7a039", "price_changes": [{"asset_id": "93425111955845150480136289753481493030447902158015790781546943758014021748210", "price": "0.5", "size": "0", "side": "BUY", "hash": "264c0b12a10b058e750589b81da539bceea0feff", "best_bid": "0.02", "best_ask": "0.95"}, {"asset_id": "2984940558574601482400602739691261511463191599721533374910685943278753091727", "price": "0.5", "size": "0", "side": "SELL", "hash": "bd91c3da03d05352eeced3ed4319ae48ad6e4b00", "best_bid": "0.05", "best_ask": "0.98"}], "timestamp": "1769384116577", "event_type": "price_change"}}
{"_local_timestamp": "2026-01-25T23:35:26.853122+00:00", "data": {"market": "0x88608442d14bdfa98a3d2ece26857aa516f193c8161db0c8e7c779fd8f3464af", "price_changes": [{"asset_id": "42097535137505280315737745177128192451567567237475285083506851409423497113459", "price": "0.08", "size": "5247.43", "side": "BUY", "hash": "0db3268eb9d032113916ca33650f902a4d7d9fda", "best_bid": "0.4", "best_ask": "0.47"}, {"asset_id": "20794210232738155208360248995422719359166978550921485109532388301377529305580", "price": "0.92", "size": "5247.43", "side": "SELL", "hash": "c1bbf861488f3d350e60e8aae833a79a6b4ccd9c", "best_bid": "0.53", "best_ask": "0.6"}], "timestamp": "1769384126678", "event_type": "price_change"}}
{"_local_timestamp": "2026-01-25T23:35:26.865249+00:00", "data": {"market": "0x88608442d14bdfa98a3d2ece26857aa516f193c8161db0c8e7c779fd8f3464af", "price_changes": [{"asset_id": "20794210232738155208360248995422719359166978550921485109532388301377529305580", "price": "0.08", "size": "0", "side": "BUY", "hash": "f7fc22afa4e445a8687085875a6bced699242824", "best_bid": "0.53", "best_ask": "0.6"}, {"asset_id": "42097535137505280315737745177128192451567567237475285083506851409423497113459", "price": "0.92", "size": "0", "side": "SELL", "hash": "30a5dc2fd6cfc0e03ee31646b4b8261baa5501f5", "best_bid": "0.4", "best_ask": "0.47"}], "timestamp": "1769384126679", "event_type": "price_change"}}
{"_local_timestamp": "2026-01-25T23:35:26.946886+00:00", "data": {"market": "0x88608442d14bdfa98a3d2ece26857aa516f193c8161db0c8e7c779fd8f3464af", "price_changes": [{"asset_id": "20794210232738155208360248995422719359166978550921485109532388301377529305580", "price": "0.19", "size": "890.11", "side": "BUY", "hash": "2bf98923bf24521b9fc059ba490418a7e597f940", "best_bid": "0.53", "best_ask": "0.6"}, {"asset_id": "42097535137505280315737745177128192451567567237475285083506851409423497113459", "price": "0.81", "size": "890.11", "side": "SELL", "hash": "347ab5210cbdc183f95fd75ac1fa077306f848b7", "best_bid": "0.4", "best_ask": "0.47"}], "timestamp": "1769384126856", "event_type": "price_change"}}
{"_local_timestamp": "2026-01-25T23:35:26.948760+00:00", "data": {"market": "0x88608442d14bdfa98a3d2ece26857aa516f193c8161db0c8e7c779fd8f3464af", "price_changes": [{"asset_id": "20794210232738155208360248995422719359166978550921485109532388301377529305580", "price": "0.08", "size": "890.11", "side": "BUY", "hash": "239287e4c48deeaa6918e1031713721f908e6ad5", "best_bid": "0.53", "best_ask": "0.6"}, {"asset_id": "42097535137505280315737745177128192451567567237475285083506851409423497113459", "price": "0.92", "size": "890.11", "side": "SELL", "hash": "b00d8aae369d02415fddb4742c91333ff52b39ac", "best_bid": "0.4", "best_ask": "0.47"}], "timestamp": "1769384126857", "event_type": "price_change"}}
{"_local_timestamp": "2026-01-25T23:35:26.954962+00:00", "data": {"market": "0x88608442d14bdfa98a3d2ece26857aa516f193c8161db0c8e7c779fd8f3464af", "price_changes": [{"asset_id": "20794210232738155208360248995422719359166978550921485109532388301377529305580", "price": "0.08", "size": "2887.22", "side": "BUY", "hash": "bc5d69eecf03e433a788a2b7c4769f1bb7167ef9", "best_bid": "0.53", "best_ask": "0.6"}, {"asset_id": "42097535137505280315737745177128192451567567237475285083506851409423497113459", "price": "0.92", "size": "2887.22", "side": "SELL", "hash": "644738b7151a50800bb0380ce08fcb87bd520d77", "best_bid": "0.4", "best_ask": "0.47"}], "timestamp": "1769384126858", "event_type": "price_change"}}
{"_local_timestamp": "2026-01-25T23:35:26.964301+00:00", "data": {"market": "0x88608442d14bdfa98a3d2ece26857aa516f193c8161db0c8e7c779fd8f3464af", "price_changes": [{"asset_id": "42097535137505280315737745177128192451567567237475285083506851409423497113459", "price": "0.1", "size": "895.98", "side": "BUY", "hash": "0b90e69e8e3b2a6f270441134449f5a1818aef00", "best_bid": "0.4", "best_ask": "0.47"}, {"asset_id": "20794210232738155208360248995422719359166978550921485109532388301377529305580", "price": "0.9", "size": "895.98", "side": "SELL", "hash": "1ba2268d403eeea8a5ad8a3d4a5b1790aeac993e", "best_bid": "0.53", "best_ask": "0.6"}], "timestamp": "1769384126859", "event_type": "price_change"}}
{"_local_timestamp": "2026-01-25T23:35:26.965614+00:00", "data": {"market": "0x88608442d14bdfa98a3d2ece26857aa516f193c8161db0c8e7c779fd8f3464af", "price_changes": [{"asset_id": "20794210232738155208360248995422719359166978550921485109532388301377529305580", "price": "0.08", "size": "4157.32", "side": "BUY", "hash": "58caf3e48f12f3ac56d31fbd7469d347363df752", "best_bid": "0.53", "best_ask": "0.6"}, {"asset_id": "42097535137505280315737745177128192451567567237475285083506851409423497113459", "price": "0.92", "size": "4157.32", "side": "SELL", "hash": "e02bb8cae99aeb7eadad410122d012a92ea493b7", "best_bid": "0.4", "best_ask": "0.47"}], "timestamp": "1769384126860", "event_type": "price_change"}}
{"_local_timestamp": "2026-01-25T23:35:27.186652+00:00", "data": {"market": "0x88608442d14bdfa98a3d2ece26857aa516f193c8161db0c8e7c779fd8f3464af", "price_changes": [{"asset_id": "20794210232738155208360248995422719359166978550921485109532388301377529305580", "price": "0.1", "size": "400", "side": "BUY", "hash": "b7dce8f8ba2ca513649502db1389a66cf48c45e0", "best_bid": "0.53", "best_ask": "0.6"}, {"asset_id": "42097535137505280315737745177128192451567567237475285083506851409423497113459", "price": "0.9", "size": "400", "side": "SELL", "hash": "b1f74b6f6ccf594a6a0042e638e8c31031cabbe4", "best_bid": "0.4", "best_ask": "0.47"}], "timestamp": "1769384126933", "event_type": "price_change"}}
{"_local_timestamp": "2026-01-25T23:35:27.187310+00:00", "data": {"market": "0x88608442d14bdfa98a3d2ece26857aa516f193c8161db0c8e7c779fd8f3464af", "price_changes": [{"asset_id": "20794210232738155208360248995422719359166978550921485109532388301377529305580", "price": "0.17", "size": "0", "side": "BUY", "hash": "b7dce8f8ba2ca513649502db1389a66cf48c45e0", "best_bid": "0.53", "best_ask": "0.6"}, {"asset_id": "42097535137505280315737745177128192451567567237475285083506851409423497113459", "price": "0.83", "size": "0", "side": "SELL", "hash": "b1f74b6f6ccf594a6a0042e638e8c31031cabbe4", "best_bid": "0.4", "best_ask": "0.47"}], "timestamp": "1769384126933", "event_type": "price_change"}}
{"_local_timestamp": "2026-01-25T23:35:27.188830+00:00", "data": {"market": "0x88608442d14bdfa98a3d2ece26857aa516f193c8161db0c8e7c779fd8f3464af", "price_changes": [{"asset_id": "20794210232738155208360248995422719359166978550921485109532388301377529305580", "price": "0.09", "size": "200", "side": "BUY", "hash": "b7dce8f8ba2ca513649502db1389a66cf48c45e0", "best_bid": "0.53", "best_ask": "0.6"}, {"asset_id": "42097535137505280315737745177128192451567567237475285083506851409423497113459", "price": "0.91", "size": "200", "side": "SELL", "hash": "b1f74b6f6ccf594a6a0042e638e8c31031cabbe4", "best_bid": "0.4", "best_ask": "0.47"}], "timestamp": "1769384126933", "event_type": "price_change"}}
{"_local_timestamp": "2026-01-25T23:35:27.192110+00:00", "data": {"market": "0x88608442d14bdfa98a3d2ece26857aa516f193c8161db0c8e7c779fd8f3464af", "price_changes": [{"asset_id": "42097535137505280315737745177128192451567567237475285083506851409423497113459", "price": "0.09", "size": "1390.11", "side": "BUY", "hash": "c408c15f2af682a0053b53376fbd197d2628c173", "best_bid": "0.4", "best_ask": "0.47"}, {"asset_id": "20794210232738155208360248995422719359166978550921485109532388301377529305580", "price": "0.91", "size": "1390.11", "side": "SELL", "hash": "860e8b402007043bf054d63ae685f4bfeaaec28f", "best_bid": "0.53", "best_ask": "0.6"}], "timestamp": "1769384126934", "event_type": "price_change"}}
{"_local_timestamp": "2026-01-25T23:35:27.192892+00:00", "data": {"market": "0x88608442d14bdfa98a3d2ece26857aa516f193c8161db0c8e7c779fd8f3464af", "price_changes": [{"asset_id": "42097535137505280315737745177128192451567567237475285083506851409423497113459", "price": "0.08", "size": "4357.32", "side": "BUY", "hash": "c408c15f2af682a0053b53376fbd197d2628c173", "best_bid": "0.4", "best_ask": "0.47"}, {"asset_id": "20794210232738155208360248995422719359166978550921485109532388301377529305580", "price": "0.92", "size": "4357.32", "side": "SELL", "hash": "860e8b402007043bf054d63ae685f4bfeaaec28f", "best_bid": "0.53", "best_ask": "0.6"}], "timestamp": "1769384126934", "event_type": "price_change"}}
{"_local_timestamp": "2026-01-25T23:35:27.226433+00:00", "data": {"market": "0x88608442d14bdfa98a3d2ece26857aa516f193c8161db0c8e7c779fd8f3464af", "price_changes": [{"asset_id": "20794210232738155208360248995422719359166978550921485109532388301377529305580", "price": "0.1", "size": "500", "side": "BUY", "hash": "5e819de15b0627bcbbee288507409d48b079eebf", "best_bid": "0.53", "best_ask": "0.6"}, {"asset_id": "42097535137505280315737745177128192451567567237475285083506851409423497113459", "price": "0.9", "size": "500", "side": "SELL", "hash": "9b4b89f90ef35e91a2273d42be6236bdbff3cdee", "best_bid": "0.4", "best_ask": "0.47"}], "timestamp": "1769384126955", "event_type": "price_change"}}
{"_local_timestamp": "2026-01-25T23:35:27.233135+00:00", "data": {"market": "0x88608442d14bdfa98a3d2ece26857aa516f193c8161db0c8e7c779fd8f3464af", "price_changes": [{"asset_id": "42097535137505280315737745177128192451567567237475285083506851409423497113459", "price": "0.09", "size": "1490.11", "side": "BUY", "hash": "3e2a2d312fd3ed4e58d5539989976ec7d7168f2b", "best_bid": "0.4", "best_ask": "0.47"}, {"asset_id": "20794210232738155208360248995422719359166978550921485109532388301377529305580", "price": "0.91", "size": "1490.11", "side": "SELL", "hash": "d929b9610e665b56883e04fd887bfee732c2e2fd", "best_bid": "0.53", "best_ask": "0.6"}], "timestamp": "1769384126956", "event_type": "price_change"}}
{"_local_timestamp": "2026-01-25T23:35:27.336573+00:00", "data": {"market": "0x88608442d14bdfa98a3d2ece26857aa516f193c8161db0c8e7c779fd8f3464af", "price_changes": [{"asset_id": "20794210232738155208360248995422719359166978550921485109532388301377529305580", "price": "0.11", "size": "6004.84", "side": "BUY", "hash": "1ea0dcdc4030ab0af515153b1a165c7763386638", "best_bid": "0.53", "best_ask": "0.6"}, {"asset_id": "42097535137505280315737745177128192451567567237475285083506851409423497113459", "price": "0.89", "size": "6004.84", "side": "SELL", "hash": "321bf859e7b4567d47966500907bae904577ce53", "best_bid": "0.4", "best_ask": "0.47"}], "timestamp": "1769384127175", "event_type": "price_change"}}
{"_local_timestamp": "2026-01-25T23:35:27.337184+00:00", "data": {"market": "0x88608442d14bdfa98a3d2ece26857aa516f193c8161db0c8e7c779fd8f3464af", "price_changes": [{"asset_id": "42097535137505280315737745177128192451567567237475285083506851409423497113459", "price": "0.1", "size": "6895.09", "side": "BUY", "hash": "08245be820ec0f337282dab050521139644d40ee", "best_bid": "0.4", "best_ask": "0.47"}, {"asset_id": "20794210232738155208360248995422719359166978550921485109532388301377529305580", "price": "0.9", "size": "6895.09", "side": "SELL", "hash": "3c4d8d2f8749e138edb8445f4e51d91373fd9e04", "best_bid": "0.53", "best_ask": "0.6"}], "timestamp": "1769384127176", "event_type": "price_change"}}
{"_local_timestamp": "2026-01-25T23:35:28.355973+00:00", "data": {"market": "0x88608442d14bdfa98a3d2ece26857aa516f193c8161db0c8e7c779fd8f3464af", "price_changes": [{"asset_id": "42097535137505280315737745177128192451567567237475285083506851409423497113459", "price": "0.08", "size": "4257.32", "side": "BUY", "hash": "2c0f5e225833af7a44967c5d4499ab38ab07bd1b", "best_bid": "0.4", "best_ask": "0.47"}, {"asset_id": "20794210232738155208360248995422719359166978550921485109532388301377529305580", "price": "0.92", "size": "4257.32", "side": "SELL", "hash": "1d316b93a615ac1f0711b029775b832cfb4e6912", "best_bid": "0.53", "best_ask": "0.6"}], "timestamp": "1769384128280", "event_type": "price_change"}}
{"_local_timestamp": "2026-01-25T23:35:28.364877+00:00", "data": {"market": "0x88608442d14bdfa98a3d2ece26857aa516f193c8161db0c8e7c779fd8f3464af", "price_changes": [{"asset_id": "20794210232738155208360248995422719359166978550921485109532388301377529305580", "price": "0.09", "size": "100", "side": "BUY", "hash": "ca50b1a2b9cf9af6508d62dce19603903b00f291", "best_bid": "0.53", "best_ask": "0.6"}, {"asset_id": "42097535137505280315737745177128192451567567237475285083506851409423497113459", "price": "0.91", "size": "100", "side": "SELL", "hash": "1b21d3f21cf88639afb7b8203cbdd360c59b4f88", "best_bid": "0.4", "best_ask": "0.47"}], "timestamp": "1769384128280", "event_type": "price_change"}}
{"_local_timestamp": "2026-01-25T23:35:28.615386+00:00", "data": {"market": "0x88608442d14bdfa98a3d2ece26857aa516f193c8161db0c8e7c779fd8f3464af", "price_changes": [{"asset_id": "20794210232738155208360248995422719359166978550921485109532388301377529305580", "price": "0.1", "size": "600", "side": "BUY", "hash": "fcaaf245729cc6b1ac91321dd78a0225c95fff91", "best_bid": "0.53", "best_ask": "0.6"}, {"asset_id": "42097535137505280315737745177128192451567567237475285083506851409423497113459", "price": "0.9", "size": "600", "side": "SELL", "hash": "3257c591e938c27c8579b156445c8e613ecc4306", "best_bid": "0.4", "best_ask": "0.47"}], "timestamp": "1769384128551", "event_type": "price_change"}}
{"_local_timestamp": "2026-01-25T23:35:28.628561+00:00", "data": {"market": "0x88608442d14bdfa98a3d2ece26857aa516f193c8161db0c8e7c779fd8f3464af", "price_changes": [{"asset_id": "42097535137505280315737745177128192451567567237475285083506851409423497113459", "price": "0.09", "size": "1590.11", "side": "BUY", "hash": "901240ad6802f36dd7f886c2c37a9e965d75e525", "best_bid": "0.4", "best_ask": "0.47"}, {"asset_id": "20794210232738155208360248995422719359166978550921485109532388301377529305580", "price": "0.91", "size": "1590.11", "side": "SELL", "hash": "e78dece51fefd4a8602fdb31c21727498422d031", "best_bid": "0.53", "best_ask": "0.6"}], "timestamp": "1769384128553", "event_type": "price_change"}}
{"_local_timestamp": "2026-01-25T23:35:32.908626+00:00", "data": {"market": "0x88608442d14bdfa98a3d2ece26857aa516f193c8161db0c8e7c779fd8f3464af", "price_changes": [{"asset_id": "20794210232738155208360248995422719359166978550921485109532388301377529305580", "price": "0.09", "size": "0", "side": "BUY", "hash": "4651fc8b5572d799753d6c9313780cb2a42dc382", "best_bid": "0.53", "best_ask": "0.6"}, {"asset_id": "42097535137505280315737745177128192451567567237475285083506851409423497113459", "price": "0.91", "size": "0", "side": "SELL", "hash": "d089adc9d2b880939d94c79372074f15329cf522", "best_bid": "0.4", "best_ask": "0.47"}], "timestamp": "1769384132834", "event_type": "price_change"}}
{"_local_timestamp": "2026-01-25T23:35:32.909261+00:00", "data": {"market": "0x88608442d14bdfa98a3d2ece26857aa516f193c8161db0c8e7c779fd8f3464af", "price_changes": [{"asset_id": "42097535137505280315737745177128192451567567237475285083506851409423497113459", "price": "0.08", "size": "4157.32", "side": "BUY", "hash": "b1331460d094693bd1facaf808c611f927efff4c", "best_bid": "0.4", "best_ask": "0.47"}, {"asset_id": "20794210232738155208360248995422719359166978550921485109532388301377529305580", "price": "0.92", "size": "4157.32", "side": "SELL", "hash": "b85df0bd3a53291cbfb8002ca22fca31c5400fe7", "best_bid": "0.53", "best_ask": "0.6"}], "timestamp": "1769384132835", "event_type": "price_change"}}
{"_local_timestamp": "2026-01-25T23:35:32.972386+00:00", "data": {"market": "0x88608442d14bdfa98a3d2ece26857aa516f193c8161db0c8e7c779fd8f3464af", "price_changes": [{"asset_id": "20794210232738155208360248995422719359166978550921485109532388301377529305580", "price": "0.11", "size": "8001.95", "side": "BUY", "hash": "42b590fe7cf7bda8414185a39b2c9f8da75ba568", "best_bid": "0.53", "best_ask": "0.6"}, {"asset_id": "42097535137505280315737745177128192451567567237475285083506851409423497113459", "price": "0.89", "size": "8001.95", "side": "SELL", "hash": "2761887f3576d2f781fe2f793173618f93649a92", "best_bid": "0.4", "best_ask": "0.47"}], "timestamp": "1769384132903", "event_type": "price_change"}}
{"_local_timestamp": "2026-01-25T23:35:32.973004+00:00", "data": {"market": "0x88608442d14bdfa98a3d2ece26857aa516f193c8161db0c8e7c779fd8f3464af", "price_changes": [{"asset_id": "42097535137505280315737745177128192451567567237475285083506851409423497113459", "price": "0.1", "size": "8892.2", "side": "BUY", "hash": "235e55538404fceb688b3b6d97b712cb2c1244f2", "best_bid": "0.4", "best_ask": "0.47"}, {"asset_id": "20794210232738155208360248995422719359166978550921485109532388301377529305580", "price": "0.9", "size": "8892.2", "side": "SELL", "hash": "a120a83a88e68e01cf526bce8af64095c44b8fca", "best_bid": "0.53", "best_ask": "0.6"}], "timestamp": "1769384132904", "event_type": "price_change"}}
{"_local_timestamp": "2026-01-25T23:35:32.973583+00:00", "data": {"market": "0x88608442d14bdfa98a3d2ece26857aa516f193c8161db0c8e7c779fd8f3464af", "price_changes": [{"asset_id": "42097535137505280315737745177128192451567567237475285083506851409423497113459", "price": "0.1", "size": "10162.3", "side": "BUY", "hash": "423f4f5141b46678887d89ce3119f8ce1954999d", "best_bid": "0.4", "best_ask": "0.47"}, {"asset_id": "20794210232738155208360248995422719359166978550921485109532388301377529305580", "price": "0.9", "size": "10162.3", "side": "SELL", "hash": "6db7e252f1c88a619d97da2bc0cbe41b7a9b685f", "best_bid": "0.53", "best_ask": "0.6"}], "timestamp": "1769384132905", "event_type": "price_change"}}
{"_local_timestamp": "2026-01-25T23:35:33.002815+00:00", "data": {"market": "0x88608442d14bdfa98a3d2ece26857aa516f193c8161db0c8e7c779fd8f3464af", "price_changes": [{"asset_id": "20794210232738155208360248995422719359166978550921485109532388301377529305580", "price": "0.11", "size": "9272.05", "side": "BUY", "hash": "a9c0f76bbb509c7563ff1468aacb989337e6c1d6", "best_bid": "0.53", "best_ask": "0.6"}, {"asset_id": "42097535137505280315737745177128192451567567237475285083506851409423497113459", "price": "0.89", "size": "9272.05", "side": "SELL", "hash": "a607958be52f8d1dd8565b8952c0dd0ff44d485f", "best_bid": "0.4", "best_ask": "0.47"}], "timestamp": "1769384132940", "event_type": "price_change"}}
{"_local_timestamp": "2026-01-25T23:35:33.050632+00:00", "data": {"market": "0x88608442d14bdfa98a3d2ece26857aa516f193c8161db0c8e7c779fd8f3464af", "price_changes": [{"asset_id": "20794210232738155208360248995422719359166978550921485109532388301377529305580", "price": "0.11", "size": "10162.16", "side": "BUY", "hash": "889daeef834e63dd3496cdf1d70d4aff073f5b0f", "best_bid": "0.53", "best_ask": "0.6"}, {"asset_id": "42097535137505280315737745177128192451567567237475285083506851409423497113459", "price": "0.89", "size": "10162.16", "side": "SELL", "hash": "b4a85a5fe39fd27d957899041ca696ed268cd99f", "best_bid": "0.4", "best_ask": "0.47"}], "timestamp": "1769384132974", "event_type": "price_change"}}
{"_local_timestamp": "2026-01-25T23:35:33.051265+00:00", "data": {"market": "0x88608442d14bdfa98a3d2ece26857aa516f193c8161db0c8e7c779fd8f3464af", "price_changes": [{"asset_id": "42097535137505280315737745177128192451567567237475285083506851409423497113459", "price": "0.1", "size": "11052.41", "side": "BUY", "hash": "a81096fe106e5a045576a3e219c9a162a29af1cb", "best_bid": "0.4", "best_ask": "0.47"}, {"asset_id": "20794210232738155208360248995422719359166978550921485109532388301377529305580", "price": "0.9", "size": "11052.41", "side": "SELL", "hash": "e80cb5279c8dab35ea4c18ac53b31ec77d26ff07", "best_bid": "0.53", "best_ask": "0.6"}], "timestamp": "1769384132974", "event_type": "price_change"}}
{"_local_timestamp": "2026-01-25T23:35:33.060149+00:00", "data": {"market": "0x88608442d14bdfa98a3d2ece26857aa516f193c8161db0c8e7c779fd8f3464af", "price_changes": [{"asset_id": "20794210232738155208360248995422719359166978550921485109532388301377529305580", "price": "0.08", "size": "0", "side": "BUY", "hash": "2c03bbe2af3d490c25016e30217ce2a633e91af0", "best_bid": "0.53", "best_ask": "0.6"}, {"asset_id": "42097535137505280315737745177128192451567567237475285083506851409423497113459", "price": "0.92", "size": "0", "side": "SELL", "hash": "6ad6e5bc689a28cb992d35bccd1a591691d36add", "best_bid": "0.4", "best_ask": "0.47"}], "timestamp": "1769384132980", "event_type": "price_change"}}
{"_local_timestamp": "2026-01-25T23:35:33.060821+00:00", "data": {"market": "0x88608442d14bdfa98a3d2ece26857aa516f193c8161db0c8e7c779fd8f3464af", "price_changes": [{"asset_id": "20794210232738155208360248995422719359166978550921485109532388301377529305580", "price": "0.11", "size": "4163.05", "side": "BUY", "hash": "2c03bbe2af3d490c25016e30217ce2a633e91af0", "best_bid": "0.53", "best_ask": "0.6"}, {"asset_id": "42097535137505280315737745177128192451567567237475285083506851409423497113459", "price": "0.89", "size": "4163.05", "side": "SELL", "hash": "6ad6e5bc689a28cb992d35bccd1a591691d36add", "best_bid": "0.4", "best_ask": "0.47"}], "timestamp": "1769384132980", "event_type": "price_change"}}
{"_local_timestamp": "2026-01-25T23:35:33.098590+00:00", "data": {"market": "0x88608442d14bdfa98a3d2ece26857aa516f193c8161db0c8e7c779fd8f3464af", "price_changes": [{"asset_id": "42097535137505280315737745177128192451567567237475285083506851409423497113459", "price": "0.08", "size": "0", "side": "BUY", "hash": "94b892bf65d928fd0dd3674233f798e7e987163a", "best_bid": "0.4", "best_ask": "0.47"}, {"asset_id": "20794210232738155208360248995422719359166978550921485109532388301377529305580", "price": "0.92", "size": "0", "side": "SELL", "hash": "3b3449eafd37bafdf8637eef5c0cae1bfb8f5cc0", "best_bid": "0.53", "best_ask": "0.6"}], "timestamp": "1769384132980", "event_type": "price_change"}}
{"_local_timestamp": "2026-01-25T23:35:33.099295+00:00", "data": {"market": "0x88608442d14bdfa98a3d2ece26857aa516f193c8161db0c8e7c779fd8f3464af", "price_changes": [{"asset_id": "42097535137505280315737745177128192451567567237475285083506851409423497113459", "price": "0.1", "size": "5053.3", "side": "BUY", "hash": "94b892bf65d928fd0dd3674233f798e7e987163a", "best_bid": "0.4", "best_ask": "0.47"}, {"asset_id": "20794210232738155208360248995422719359166978550921485109532388301377529305580", "price": "0.9", "size": "5053.3", "side": "SELL", "hash": "3b3449eafd37bafdf8637eef5c0cae1bfb8f5cc0", "best_bid": "0.53", "best_ask": "0.6"}], "timestamp": "1769384132980", "event_type": "price_change"}}
{"_local_timestamp": "2026-01-25T23:35:33.152080+00:00", "data": {"market": "0x88608442d14bdfa98a3d2ece26857aa516f193c8161db0c8e7c779fd8f3464af", "price_changes": [{"asset_id": "20794210232738155208360248995422719359166978550921485109532388301377529305580", "price": "0.12", "size": "5999.11", "side": "BUY", "hash": "a3d33968c809494bc6686d0598b82595eaa28e07", "best_bid": "0.53", "best_ask": "0.6"}, {"asset_id": "42097535137505280315737745177128192451567567237475285083506851409423497113459", "price": "0.88", "size": "5999.11", "side": "SELL", "hash": "d534db44d22e4e5e2ad482c1b5611d482eca4a6f", "best_bid": "0.4", "best_ask": "0.47"}], "timestamp": "1769384133057", "event_type": "price_change"}}
{"_local_timestamp": "2026-01-25T23:35:33.152806+00:00", "data": {"market": "0x88608442d14bdfa98a3d2ece26857aa516f193c8161db0c8e7c779fd8f3464af", "price_changes": [{"asset_id": "42097535137505280315737745177128192451567567237475285083506851409423497113459", "price": "0.11", "size": "5999.11", "side": "BUY", "hash": "d55dc51b7d4475d0a305c53ebc9b2533569a9f0e", "best_bid": "0.4", "best_ask": "0.47"}, {"asset_id": "20794210232738155208360248995422719359166978550921485109532388301377529305580", "price": "0.89", "size": "5999.11", "side": "SELL", "hash": "a94e5986b88adc5a50076642a4040919eba8ceca", "best_bid": "0.53", "best_ask": "0.6"}], "timestamp": "1769384133058", "event_type": "price_change"}}
{"_local_timestamp": "2026-01-25T23:35:33.154357+00:00", "data": {"market": "0x88608442d14bdfa98a3d2ece26857aa516f193c8161db0c8e7c779fd8f3464af", "price_changes": [{"asset_id": "42097535137505280315737745177128192451567567237475285083506851409423497113459", "price": "0.11", "size": "6889.22", "side": "BUY", "hash": "3e707375a25ef2454d7cadc5f2104e5988078d89", "best_bid": "0.4", "best_ask": "0.47"}, {"asset_id": "20794210232738155208360248995422719359166978550921485109532388301377529305580", "price": "0.89", "size": "6889.22", "side": "SELL", "hash": "70487e6e90796411f63a13b47ee69350802c624d", "best_bid": "0.53", "best_ask": "0.6"}], "timestamp": "1769384133058", "event_type": "price_change"}}
{"_local_timestamp": "2026-01-25T23:35:33.185399+00:00", "data": {"market": "0x88608442d14bdfa98a3d2ece26857aa516f193c8161db0c8e7c779fd8f3464af", "price_changes": [{"asset_id": "20794210232738155208360248995422719359166978550921485109532388301377529305580", "price": "0.1", "size": "700", "side": "BUY", "hash": "bb3ae9444cb0ac168e6f20545fe54369998d4647", "best_bid": "0.53", "best_ask": "0.6"}, {"asset_id": "42097535137505280315737745177128192451567567237475285083506851409423497113459", "price": "0.9", "size": "700", "side": "SELL", "hash": "fbbd4bc2928f5875189b60025940f3b235b6fcec", "best_bid": "0.4", "best_ask": "0.47"}], "timestamp": "1769384133099", "event_type": "price_change"}}
{"_local_timestamp": "2026-01-25T23:35:33.190809+00:00", "data": {"market": "0x88608442d14bdfa98a3d2ece26857aa516f193c8161db0c8e7c779fd8f3464af", "price_changes": [{"asset_id": "42097535137505280315737745177128192451567567237475285083506851409423497113459", "price": "0.09", "size": "1690.11", "side": "BUY", "hash": "62387aae15707c4c20d7b36b17df5661f8d63a7f", "best_bid": "0.4", "best_ask": "0.47"}, {"asset_id": "20794210232738155208360248995422719359166978550921485109532388301377529305580", "price": "0.91", "size": "1690.11", "side": "SELL", "hash": "6cb84b15249fef383914b0184b955cdf99415f01", "best_bid": "0.53", "best_ask": "0.6"}], "timestamp": "1769384133100", "event_type": "price_change"}}
{"_local_timestamp": "2026-01-25T23:35:41.038493+00:00", "data": {"market": "0x88608442d14bdfa98a3d2ece26857aa516f193c8161db0c8e7c779fd8f3464af", "price_changes": [{"asset_id": "42097535137505280315737745177128192451567567237475285083506851409423497113459", "price": "0.09", "size": "1590.11", "side": "BUY", "hash": "a219ba5aaeaea0dfc465218df8077276133e76a5", "best_bid": "0.4", "best_ask": "0.47"}, {"asset_id": "20794210232738155208360248995422719359166978550921485109532388301377529305580", "price": "0.91", "size": "1590.11", "side": "SELL", "hash": "7368eeb8bbcfb1e45391f058a497a25a02856fdb", "best_bid": "0.53", "best_ask": "0.6"}], "timestamp": "1769384140976", "event_type": "price_change"}}
{"_local_timestamp": "2026-01-25T23:35:41.103990+00:00", "data": {"market": "0x88608442d14bdfa98a3d2ece26857aa516f193c8161db0c8e7c779fd8f3464af", "price_changes": [{"asset_id": "42097535137505280315737745177128192451567567237475285083506851409423497113459", "price": "0.11", "size": "0", "side": "BUY", "hash": "92e798d7f1a9e053601fd202ec6dfa80e9d4ea8e", "best_bid": "0.4", "best_ask": "0.47"}, {"asset_id": "20794210232738155208360248995422719359166978550921485109532388301377529305580", "price": "0.89", "size": "0", "side": "SELL", "hash": "4ff6dbaeff41a29eac0d8aacb4d8af1ff2dfa38c", "best_bid": "0.53", "best_ask": "0.6"}], "timestamp": "1769384141029", "event_type": "price_change"}}
{"_local_timestamp": "2026-01-25T23:35:41.106343+00:00", "data": {"market": "0x88608442d14bdfa98a3d2ece26857aa516f193c8161db0c8e7c779fd8f3464af", "price_changes": [{"asset_id": "20794210232738155208360248995422719359166978550921485109532388301377529305580", "price": "0.12", "size": "0", "side": "BUY", "hash": "42ef183f3633d8f536201eb01553b56e7da63593", "best_bid": "0.53", "best_ask": "0.6"}, {"asset_id": "42097535137505280315737745177128192451567567237475285083506851409423497113459", "price": "0.88", "size": "0", "side": "SELL", "hash": "3d765cc4b8d1913491faf08a3b285a3e6f132eed", "best_bid": "0.4", "best_ask": "0.47"}], "timestamp": "1769384141030", "event_type": "price_change"}}
{"_local_timestamp": "2026-01-25T23:35:41.142346+00:00", "data": {"market": "0x88608442d14bdfa98a3d2ece26857aa516f193c8161db0c8e7c779fd8f3464af", "price_changes": [{"asset_id": "20794210232738155208360248995422719359166978550921485109532388301377529305580", "price": "0.13", "size": "890.11", "side": "BUY", "hash": "0f5ce17835e6a3d980da49ca66faffb19c3442a9", "best_bid": "0.53", "best_ask": "0.6"}, {"asset_id": "42097535137505280315737745177128192451567567237475285083506851409423497113459", "price": "0.87", "size": "890.11", "side": "SELL", "hash": "761ebd69c7492652e15c1a2014af6c80d9a2b120", "best_bid": "0.4", "best_ask": "0.47"}], "timestamp": "1769384141079", "event_type": "price_change"}}
{"_local_timestamp": "2026-01-25T23:35:41.148030+00:00", "data": {"market": "0x88608442d14bdfa98a3d2ece26857aa516f193c8161db0c8e7c779fd8f3464af", "price_changes": [{"asset_id": "20794210232738155208360248995422719359166978550921485109532388301377529305580", "price": "0.13", "size": "2887.22", "side": "BUY", "hash": "3f1c1a336d2ff44500af7e48e00c20ec580910aa", "best_bid": "0.53", "best_ask": "0.6"}, {"asset_id": "42097535137505280315737745177128192451567567237475285083506851409423497113459", "price": "0.87", "size": "2887.22", "side": "SELL", "hash": "d9e76327d2fabc8df8dc41c13fe7bcb20cef4a2e", "best_bid": "0.4", "best_ask": "0.47"}], "timestamp": "1769384141080", "event_type": "price_change"}}
{"_local_timestamp": "2026-01-25T23:35:41.149053+00:00", "data": {"market": "0x88608442d14bdfa98a3d2ece26857aa516f193c8161db0c8e7c779fd8f3464af", "price_changes": [{"asset_id": "20794210232738155208360248995422719359166978550921485109532388301377529305580", "price": "0.13", "size": "4157.32", "side": "BUY", "hash": "1511eb7f75af8dac1001884a4403dc74298c80c3", "best_bid": "0.53", "best_ask": "0.6"}, {"asset_id": "42097535137505280315737745177128192451567567237475285083506851409423497113459", "price": "0.87", "size": "4157.32", "side": "SELL", "hash": "dcfc3f38bf8abe591430895191bc665978b4a5ff", "best_bid": "0.4", "best_ask": "0.47"}], "timestamp": "1769384141081", "event_type": "price_change"}}
{"_local_timestamp": "2026-01-25T23:35:41.150460+00:00", "data": {"market": "0x88608442d14bdfa98a3d2ece26857aa516f193c8161db0c8e7c779fd8f3464af", "price_changes": [{"asset_id": "20794210232738155208360248995422719359166978550921485109532388301377529305580", "price": "0.13", "size": "10156.43", "side": "BUY", "hash": "61f18b69b6a10adcde6977cca6dafb6d6d0b7665", "best_bid": "0.53", "best_ask": "0.6"}, {"asset_id": "42097535137505280315737745177128192451567567237475285083506851409423497113459", "price": "0.87", "size": "10156.43", "side": "SELL", "hash": "f4066adf110439729742cd3b3b5564de4fdbcb83", "best_bid": "0.4", "best_ask": "0.47"}], "timestamp": "1769384141082", "event_type": "price_change"}}
{"_local_timestamp": "2026-01-25T23:35:41.270953+00:00", "data": {"market": "0x88608442d14bdfa98a3d2ece26857aa516f193c8161db0c8e7c779fd8f3464af", "price_changes": [{"asset_id": "42097535137505280315737745177128192451567567237475285083506851409423497113459", "price": "0.11", "size": "100", "side": "BUY", "hash": "86dc6d1ff7f06c2ff2c9e56054d620aeed18ee21", "best_bid": "0.4", "best_ask": "0.47"}, {"asset_id": "20794210232738155208360248995422719359166978550921485109532388301377529305580", "price": "0.89", "size": "100", "side": "SELL", "hash": "b6c3367ddf12c796d6c42fffd396687b31e4799d", "best_bid": "0.53", "best_ask": "0.6"}], "timestamp": "1769384141207", "event_type": "price_change"}}
{"_local_timestamp": "2026-01-25T23:35:53.734756+00:00", "data": {"market": "0x88608442d14bdfa98a3d2ece26857aa516f193c8161db0c8e7c779fd8f3464af", "price_changes": [{"asset_id": "42097535137505280315737745177128192451567567237475285083506851409423497113459", "price": "0.11", "size": "0", "side": "BUY", "hash": "11e5e7330c61da091dfa7c93b9f7ee815facce31", "best_bid": "0.4", "best_ask": "0.47"}, {"asset_id": "20794210232738155208360248995422719359166978550921485109532388301377529305580", "price": "0.89", "size": "0", "side": "SELL", "hash": "b6b242f37ffb337c6d7fef6681804005a220dd6d", "best_bid": "0.53", "best_ask": "0.6"}], "timestamp": "1769384153665", "event_type": "price_change"}}
{"_local_timestamp": "2026-01-25T23:35:53.799911+00:00", "data": {"market": "0x88608442d14bdfa98a3d2ece26857aa516f193c8161db0c8e7c779fd8f3464af", "price_changes": [{"asset_id": "20794210232738155208360248995422719359166978550921485109532388301377529305580", "price": "0.13", "size": "0", "side": "BUY", "hash": "c647393a3c9ad4d0b48bae3b48bf7a95f5923c6b", "best_bid": "0.53", "best_ask": "0.6"}, {"asset_id": "42097535137505280315737745177128192451567567237475285083506851409423497113459", "price": "0.87", "size": "0", "side": "SELL", "hash": "7bbf4d203d78c1573077f1fca965b42c2c237bdc", "best_bid": "0.4", "best_ask": "0.47"}], "timestamp": "1769384153735", "event_type": "price_change"}}
{"_local_timestamp": "2026-01-25T23:35:53.960622+00:00", "data": {"market": "0x88608442d14bdfa98a3d2ece26857aa516f193c8161db0c8e7c779fd8f3464af", "price_changes": [{"asset_id": "42097535137505280315737745177128192451567567237475285083506851409423497113459", "price": "0.1", "size": "5153.3", "side": "BUY", "hash": "e94c13008fcd2ff41a8539a064f45ee291831e9f", "best_bid": "0.4", "best_ask": "0.47"}, {"asset_id": "20794210232738155208360248995422719359166978550921485109532388301377529305580", "price": "0.9", "size": "5153.3", "side": "SELL", "hash": "4c713d122a5593d47078d01d31c0ea047ae7bc40", "best_bid": "0.53", "best_ask": "0.6"}], "timestamp": "1769384153889", "event_type": "price_change"}}
{"_local_timestamp": "2026-01-25T23:35:57.051248+00:00", "data": {"market": "0x88608442d14bdfa98a3d2ece26857aa516f193c8161db0c8e7c779fd8f3464af", "price_changes": [{"asset_id": "42097535137505280315737745177128192451567567237475285083506851409423497113459", "price": "0.09", "size": "1190.11", "side": "BUY", "hash": "14354027e1daca2b3be66103c111d4b77075390f", "best_bid": "0.4", "best_ask": "0.47"}, {"asset_id": "20794210232738155208360248995422719359166978550921485109532388301377529305580", "price": "0.91", "size": "1190.11", "side": "SELL", "hash": "cd1b9e78c54d94a851bdc9b0a72abd3fda62cc5d", "best_bid": "0.53", "best_ask": "0.6"}], "timestamp": "1769384156983", "event_type": "price_change"}}
{"_local_timestamp": "2026-01-25T23:35:57.055312+00:00", "data": {"market": "0x88608442d14bdfa98a3d2ece26857aa516f193c8161db0c8e7c779fd8f3464af", "price_changes": [{"asset_id": "20794210232738155208360248995422719359166978550921485109532388301377529305580", "price": "0.18", "size": "890.11", "side": "BUY", "hash": "51e0a74ae2bc49b9106e150a1ed28cd7bd4f4fe3", "best_bid": "0.53", "best_ask": "0.6"}, {"asset_id": "42097535137505280315737745177128192451567567237475285083506851409423497113459", "price": "0.82", "size": "890.11", "side": "SELL", "hash": "720ca18ff9c7aa85125ac92b551cebc4deda1814", "best_bid": "0.4", "best_ask": "0.47"}], "timestamp": "1769384156983", "event_type": "price_change"}}
{"_local_timestamp": "2026-01-25T23:35:57.058183+00:00", "data": {"market": "0x88608442d14bdfa98a3d2ece26857aa516f193c8161db0c8e7c779fd8f3464af", "price_changes": [{"asset_id": "20794210232738155208360248995422719359166978550921485109532388301377529305580", "price": "0.1", "size": "300", "side": "BUY", "hash": "51e0a74ae2bc49b9106e150a1ed28cd7bd4f4fe3", "best_bid": "0.53", "best_ask": "0.6"}, {"asset_id": "42097535137505280315737745177128192451567567237475285083506851409423497113459", "price": "0.9", "size": "300", "side": "SELL", "hash": "720ca18ff9c7aa85125ac92b551cebc4deda1814", "best_bid": "0.4", "best_ask": "0.47"}], "timestamp": "1769384156983", "event_type": "price_change"}}
{"_local_timestamp": "2026-01-25T23:35:57.153613+00:00", "data": {"market": "0x88608442d14bdfa98a3d2ece26857aa516f193c8161db0c8e7c779fd8f3464af", "price_changes": [{"asset_id": "20794210232738155208360248995422719359166978550921485109532388301377529305580", "price": "0.1", "size": "1190.11", "side": "BUY", "hash": "6de7f66f225772ebbb43aac77ff1d2ff1e93037a", "best_bid": "0.53", "best_ask": "0.6"}, {"asset_id": "42097535137505280315737745177128192451567567237475285083506851409423497113459", "price": "0.9", "size": "1190.11", "side": "SELL", "hash": "94d28ff20b76ddab00f4e2cbdad8c1e2fddfbaaf", "best_bid": "0.4", "best_ask": "0.47"}], "timestamp": "1769384157076", "event_type": "price_change"}}
{"_local_timestamp": "2026-01-25T23:35:57.154314+00:00", "data": {"market": "0x88608442d14bdfa98a3d2ece26857aa516f193c8161db0c8e7c779fd8f3464af", "price_changes": [{"asset_id": "20794210232738155208360248995422719359166978550921485109532388301377529305580", "price": "0.11", "size": "5053.16", "side": "BUY", "hash": "d677bda232a8aa9845b3de38ebb486d9b0cdf843", "best_bid": "0.53", "best_ask": "0.6"}, {"asset_id": "42097535137505280315737745177128192451567567237475285083506851409423497113459", "price": "0.89", "size": "5053.16", "side": "SELL", "hash": "075cacfd0235f3acf63b592c2d2a2d95baaddea5", "best_bid": "0.4", "best_ask": "0.47"}], "timestamp": "1769384157077", "event_type": "price_change"}}
{"_local_timestamp": "2026-01-25T23:35:57.154897+00:00", "data": {"market": "0x88608442d14bdfa98a3d2ece26857aa516f193c8161db0c8e7c779fd8f3464af", "price_changes": [{"asset_id": "42097535137505280315737745177128192451567567237475285083506851409423497113459", "price": "0.08", "size": "1270.1", "side": "BUY", "hash": "1cf2672ba2ea5706fb7db7d2299a8c85267e43a4", "best_bid": "0.4", "best_ask": "0.47"}, {"asset_id": "20794210232738155208360248995422719359166978550921485109532388301377529305580", "price": "0.92", "size": "1270.1", "side": "SELL", "hash": "6fd9276237f15a26ee05adde27784415e42e84c4", "best_bid": "0.53", "best_ask": "0.6"}], "timestamp": "1769384157078", "event_type": "price_change"}}
