{"_local_timestamp": "2026-01-25T23:41:27.714933+00:00", "data": [{"market": "0x15beb6ee455f9837b69cd7dcd110770b2f489d88651e4ffb21cd54f617a23e04", "asset_id": "44868850067599122384522819337153865676781090849621105309651139851616912647528", "timestamp": "1769384425876", "hash": "dadf11661f1e33d188ac8ab6f92d8dea7642bf94", "bids": [{"price": "0.01", "size": "1138.33"}, {"price": "0.02", "size": "47.33"}, {"price": "0.48", "size": "500"}], "asks": [{"price": "0.99", "size": "1138.52"}, {"price": "0.98", "size": "47.23"}, {"price": "0.58", "size": "500"}], "event_type": "book", "last_trade_price": ""}, {"market": "0xecbb7178261e45c45a2d40f3ba28f7b90da88f208a43e3c8f0bd9f7d69900ddc", "asset_id": "75087175062739028357071911202249876424512123621414420427750062298373802728902", "timestamp": "1769384465499", "hash": "4bee8f4b4a2225fac86ae193365d3385decc20e0", "bids": [{"price": "0.01", "size": "8789.01"}, {"price": "0.02", "size": "2100"}, {"price": "0.03", "size": "8.13"}, {"price": "0.07", "size": "1700"}, {"price": "0.08", "size": "4857.32"}, {"price": "0.09", "size": "4157.32"}, {"price": "0.1", "size": "6.57"}, {"price": "0.14", "size": "300"}, {"price": "0.2", "size": "50"}, {"price": "0.27", "size": "50"}, {"price": "0.5", "size": "10"}, {"price": "0.6", "size": "1890.11"}, {"price": "0.61", "size": "890.11"}, {"price": "0.63", "size": "100"}, {"price": "0.64", "size": "50"}], "asks": [{"price": "0.99", "size": "8779.11"}, {"price": "0.98", "size": "4463.36"}, {"price": "0.96", "size": "21.97"}, {"price": "0.8", "size": "10"}, {"price": "0.73", "size": "91.94"}, {"price": "0.72", "size": "1000"}, {"price": "0.7", "size": "2140.11"}, {"price": "0.69", "size": "890.11"}], "event_type": "book", "last_trade_price": "0.270"}, {"market": "0xc2db3c0906ac69232c4998f436e34e5df7e64b6dd2d9cb9ddd6305f2aef23c0d", "asset_id": "26283804933183319314833342421447518362320608677704153347603079425527445471777", "timestamp": "1769384425877", "hash": "6ba13f5d5ad74db9152532d141545a6bc892ec81", "bids": [{"price": "0.01", "size": "7184.21"}, {"price": "0.02", "size": "4157.32"}, {"price": "0.03", "size": "921.74"}, {"price": "0.04", "size": "5047.43"}, {"price": "0.2", "size": "50"}, {"price": "0.56", "size": "1390.11"}, {"price": "0.57", "size": "890.11"}], "asks": [{"price": "0.99", "size": "7184.22"}, {"price": "0.98", "size": "4157.32"}, {"price": "0.97", "size": "31.63"}, {"price": "0.96", "size": "6889.22"}, {"price": "0.95", "size": "5047.43"}, {"price": "0.67", "size": "1390.11"}, {"price": "0.66", "size": "890.11"}], "event_type": "book", "last_trade_price": ""}, {"market": "0xecbb7178261e45c45a2d40f3ba28f7b90da88f208a43e3c8f0bd9f7d69900ddc", "asset_id": "51057777902653789433362935484116310785534127104787453577540080102342088856991", "timestamp": "1769384465499", "hash": "30c406b86aca6c7875a0dc735dad6e295d94006a", "bids": [{"price": "0.01", "size": "8779.11"}, {"price": "0.02", "size": "4463.36"}, {"price": "0.04", "size": "21.97"}, {"price": "0.2", "size": "10"}, {"price": "0.27", "size": "91.94"}, {"price": "0.28", "size": "1000"}, {"price": "0.3", "size": "2140.11"}, {"price": "0.31", "size": "890.11"}], "asks": [{"price": "0.99", "size": "8789.01"}, {"price": "0.98", "size": "2100"}, {"price": "0.97", "size": "8.13"}, {"price": "0.93", "size": "1700"}, {"price": "0.92", "size": "4857.32"}, {"price": "0.91", "size": "4157.32"}, {"price": "0.9", "size": "6.57"}, {"price": "0.86", "size": "300"}, {"price": "0.8", "size": "50"}, {"price": "0.73", "size": "50"}, {"price": "0.5", "size": "10"}, {"price": "0.4", "size": "1890.11"}, {"price": "0.39", "size": "890.11"}, {"price": "0.37", "size": "100"}, {"price": "0.36", "size": "50"}], "event_type": "book", "last_trade_price": "0.270"}, {"market": "0x15beb6ee455f9837b69cd7dcd110770b2f489d88651e4ffb21cd54f617a23e04", "asset_id": "14205737424716982918858761268248742215558565679165887656230879609115111732505", "timestamp": "1769384425876", "hash": "c64632da10d376c6b0a2b40eef095283969055d9", "bids": [{"price": "0.01", "size": "1138.52"}, {"price": "0.02", "size": "47.23"}, {"price": "0.42", "size": "500"}], "asks": [{"price": "0.99", "size": "1138.33"}, {"price": "0.98", "size": "47.33"}, {"price": "0.52", "size": "500"}], "event_type": "book", "last_trade_price": ""}, {"market": "0x171b0625db2b7f2ac2848455143776eec779ee85f6359364c1b423b23b32fc68", "asset_id": "17118621258018130257689540837975706602158094977984538267313954503349864657420", "timestamp": "1769384425884", "hash": "3dbf3b74bb3161149694abe747214205f145a80e", "bids": [{"price": "0.01", "size": "7184.28"}, {"price": "0.02", "size": "4157.32"}, {"price": "0.03", "size": "31.61"}, {"price": "0.04", "size": "890.11"}, {"price": "0.05", "size": "5047.43"}, {"price": "0.34", "size": "1390.11"}, {"price": "0.35", "size": "890.11"}], "asks": [{"price": "0.99", "size": "7189.21"}, {"price": "0.98", "size": "4157.32"}, {"price": "0.97", "size": "920.07"}, {"price": "0.96", "size": "11046.54"}, {"price": "0.8", "size": "50"}, {"price": "0.45", "size": "1390.11"}, {"price": "0.44", "size": "890.11"}], "event_type": "book", "last_trade_price": ""}, {"market": "0x8ccb39356d65ce6cd50d98b896351aaeff3a2d884158f6453fdec83a0f3f2361", "asset_id": "54115704767093899489859926330384345560631205111379974241224327571709257756515", "timestamp": "1769384438040", "hash": "5a7b5a0eb455e6aa92b4a78f13d0f54531b88bbe", "bids": [{"price": "0.01", "size": "106.9"}, {"price": "0.02", "size": "36.54"}, {"price": "0.03", "size": "5.47"}], "asks": [{"price": "0.99", "size": "100"}, {"price": "0.98", "size": "39.99"}, {"price": "0.96", "size": "29.99"}], "event_type": "book", "last_trade_price": ""}, {"market": "0xc2db3c0906ac69232c4998f436e34e5df7e64b6dd2d9cb9ddd6305f2aef23c0d", "asset_id": "68765318567686557797285708330422826706843409708557814702138983780254126785177", "timestamp": "1769384425877", "hash": "7a367983d9d0d1ac79b7a044ed6c232d76c0cbc3", "bids": [{"price": "0.01", "size": "7184.22"}, {"price": "0.02", "size": "4157.32"}, {"price": "0.03", "size": "31.63"}, {"price": "0.04", "size": "6889.22"}, {"price": "0.05", "size": "5047.43"}, {"price": "0.33", "size": "1390.11"}, {"price": "0.34", "size": "890.11"}], "asks": [{"price": "0.99", "size": "7184.21"}, {"price": "0.98", "size": "4157.32"}, {"price": "0.97", "size": "921.74"}, {"price": "0.96", "size": "5047.43"}, {"price": "0.8", "size": "50"}, {"price": "0.44", "size": "1390.11"}, {"price": "0.43", "size": "890.11"}], "event_type": "book", "last_trade_price": ""}, {"market": "0x8ccb39356d65ce6cd50d98b896351aaeff3a2d884158f6453fdec83a0f3f2361", "asset_id": "85979090154771566247057457488185735048733636408042266931260086497748605442725", "timestamp": "1769384438040", "hash": "fc81b4d461b05bdf5afff3685aa046c030e591a5", "bids": [{"price": "0.01", "size": "100"}, {"price": "0.02", "size": "39.99"}, {"price": "0.04", "size": "29.99"}], "asks": [{"price": "0.99", "size": "106.9"}, {"price": "0.98", "size": "36.54"}, {"price": "0.97", "size": "5.47"}], "event_type": "book", "last_trade_price": ""}, {"market": "0x171b0625db2b7f2ac2848455143776eec779ee85f6359364c1b423b23b32fc68", "asset_id": "110208037745521376477218629625161726044793864281199315926557875582085019919669", "timestamp": "1769384425884", "hash": "fcef8857416e526ba26f6923dc35766df4260dc3", "bids": [{"price": "0.01", "size": "7189.21"}, {"price": "0.02", "size": "4157.32"}, {"price": "0.03", "size": "920.07"}, {"price": "0.04", "size": "11046.54"}, {"price": "0.2", "size": "50"}, {"price": "0.55", "size": "1390.11"}, {"price": "0.56", "size": "890.11"}], "asks": [{"price": "0.99", "size": "7184.28"}, {"price": "0.98", "size": "4157.32"}, {"price": "0.97", "size": "31.61"}, {"price": "0.96", "size": "890.11"}, {"price": "0.95", "size": "5047.43"}, {"price": "0.66", "size": "1390.11"}, {"price": "0.65", "size": "890.11"}], "event_type": "book", "last_trade_price": ""}]}
{"_local_timestamp": "2026-01-25T23:41:27.948686+00:00", "data": {"market": "0xecbb7178261e45c45a2d40f3ba28f7b90da88f208a43e3c8f0bd9f7d69900ddc", "price_changes": [{"asset_id": "75087175062739028357071911202249876424512123621414420427750062298373802728902", "price": "0.08", "size": "4457.32", "side": "BUY", "hash": "b56cd39e5a2f81e584df0ef0079b9c4b5f2e1e07", "best_bid": "0.64", "best_ask": "0.69"}, {"asset_id": "51057777902653789433362935484116310785534127104787453577540080102342088856991", "price": "0.92", "size": "4457.32", "side": "SELL", "hash": "1a6a2739464330009ad8e9fd02a563608b2c6653", "best_bid": "0.31", "best_ask": "0.36"}], "timestamp": "1769384487844", "event_type": "price_change"}}
{"_local_timestamp": "2026-01-25T23:41:28.220949+00:00", "data": {"market": "0xecbb7178261e45c45a2d40f3ba28f7b90da88f208a43e3c8f0bd9f7d69900ddc", "price_changes": [{"asset_id": "75087175062739028357071911202249876424512123621414420427750062298373802728902", "price": "0.09", "size": "4557.32", "side": "BUY", "hash": "4568911a3b47ee0c759507159cbc0cc8cab6cff7", "best_bid": "0.64", "best_ask": "0.69"}, {"asset_id": "51057777902653789433362935484116310785534127104787453577540080102342088856991", "price": "0.91", "size": "4557.32", "side": "SELL", "hash": "1cc3bb0a15bb329d130fb87b6b7f99e147591ece", "best_bid": "0.31", "best_ask": "0.36"}], "timestamp": "1769384488124", "event_type": "price_change"}}
