{"_local_timestamp": "2026-01-25T23:34:17.178301+00:00", "data": [{"market": "0xb483376a4a11938da0ae705f901db99f563a73f84df0d3dcb2c1bf7052ca279b", "asset_id": "23776435377389573739555717891589267364161331448909103730752015156572276458827", "timestamp": "1769383984694", "hash": "a04280bca80538137bb2a70649ba1bd5c2191282", "bids": [{"price": "0.01", "size": "8079.49"}, {"price": "0.02", "size": "5047.43"}, {"price": "0.03", "size": "3080.22"}, {"price": "0.51", "size": "400"}], "asks": [{"price": "0.99", "size": "8075.27"}, {"price": "0.98", "size": "5052.52"}, {"price": "0.97", "size": "10156.43"}, {"price": "0.96", "size": "20.94"}, {"price": "0.58", "size": "400"}], "event_type": "book", "last_trade_price": ""}, {"market": "0x88608442d14bdfa98a3d2ece26857aa516f193c8161db0c8e7c779fd8f3464af", "asset_id": "42097535137505280315737745177128192451567567237475285083506851409423497113459", "timestamp": "1769384047059", "hash": "cbddf729b8385aef2fb733053ced5af00af3d863", "bids": [{"price": "0.01", "size": "8818.44"}, {"price": "0.02", "size": "1000"}, {"price": "0.03", "size": "10.29"}, {"price": "0.04", "size": "1100"}, {"price": "0.07", "size": "2590.11"}, {"price": "0.08", "size": "890.11"}, {"price": "0.1", "size": "995.98"}, {"price": "0.11", "size": "990.11"}, {"price": "0.21", "size": "37.34"}, {"price": "0.4", "size": "400"}], "asks": [{"price": "0.99", "size": "8794.47"}, {"price": "0.98", "size": "1012"}, {"price": "0.97", "size": "1100"}, {"price": "0.96", "size": "5.38"}, {"price": "0.93", "size": "2590.11"}, {"price": "0.92", "size": "5147.43"}, {"price": "0.91", "size": "100"}, {"price": "0.9", "size": "500"}, {"price": "0.89", "size": "5.73"}, {"price": "0.85", "size": "890.11"}, {"price": "0.84", "size": "1090.11"}, {"price": "0.8", "size": "50"}, {"price": "0.68", "size": "2.64"}, {"price": "0.66", "size": "60"}, {"price": "0.47", "size": "7440.27"}], "event_type": "book", "last_trade_price": "0.530"}, {"market": "0x88608442d14bdfa98a3d2ece26857aa516f193c8161db0c8e7c779fd8f3464af", "asset_id": "20794210232738155208360248995422719359166978550921485109532388301377529305580", "timestamp": "1769384047059", "hash": "443b9d6dc632e33ad88fcff2950e696679925910", "bids": [{"price": "0.01", "size": "8794.47"}, {"price": "0.02", "size": "1012"}, {"price": "0.03", "size": "1100"}, {"price": "0.04", "size": "5.38"}, {"price": "0.07", "size": "2590.11"}, {"price": "0.08", "size": "5147.43"}, {"price": "0.09", "size": "100"}, {"price": "0.1", "size": "500"}, {"price": "0.11", "size": "5.73"}, {"price": "0.15", "size": "890.11"}, {"price": "0.16", "size": "1090.11"}, {"price": "0.2", "size": "50"}, {"price": "0.32", "size": "2.64"}, {"price": "0.34", "size": "60"}, {"price": "0.53", "size": "7440.27"}], "asks": [{"price": "0.99", "size": "8818.44"}, {"price": "0.98", "size": "1000"}, {"price": "0.97", "size": "10.29"}, {"price": "0.96", "size": "1100"}, {"price": "0.93", "size": "2590.11"}, {"price": "0.92", "size": "890.11"}, {"price": "0.9", "size": "995.98"}, {"price": "0.89", "size": "990.11"}, {"price": "0.79", "size": "37.34"}, {"price": "0.6", "size": "400"}], "event_type": "book", "last_trade_price": "0.530"}, {"market": "0x72ba07862b22314dbe4f409505a9833da2dfb3ffe2f6a1c8fa1ba3add5e7a039", "asset_id": "2984940558574601482400602739691261511463191599721533374910685943278753091727", "timestamp": "1769384056412", "hash": "48420921a88d56a1e40b22cae8c1719a4aa05e69", "bids": [{"price": "0.01", "size": "11206.36"}, {"price": "0.02", "size": "24.83"}, {"price": "0.03", "size": "5.47"}], "asks": [{"price": "0.99", "size": "8019.22"}, {"price": "0.98", "size": "5107.42"}], "event_type": "book", "last_trade_price": ""}, {"market": "0x98612f171f4dc6a0e346710a7729ea695ccc2e5f49437995894dfd0809884f0c", "asset_id": "47125239482019083915651528778718935257305702079962957861743905530721500306751", "timestamp": "1769383984878", "hash": "bc6572dd7b4c853c1448f00308b704f94773679e", "bids": [{"price": "0.01", "size": "8074.95"}, {"price": "0.02", "size": "5047.43"}, {"price": "0.03", "size": "11077.96"}, {"price": "0.42", "size": "400"}], "asks": [{"price": "0.99", "size": "8074.48"}, {"price": "0.98", "size": "5054.58"}, {"price": "0.97", "size": "8886.33"}, {"price": "0.95", "size": "16.08"}, {"price": "0.49", "size": "400"}], "event_type": "book", "last_trade_price": ""}, {"market": "0x72ba07862b22314dbe4f409505a9833da2dfb3ffe2f6a1c8fa1ba3add5e7a039", "asset_id": "93425111955845150480136289753481493030447902158015790781546943758014021748210", "timestamp": "1769384056412", "hash": "11551abc30a72732ef2b4e7f1fdbea2206f741a7", "bids": [{"price": "0.01", "size": "8019.22"}, {"price": "0.02", "size": "5107.42"}], "asks": [{"price": "0.99", "size": "11206.36"}, {"price": "0.98", "size": "24.83"}, {"price": "0.97", "size": "5.47"}], "event_type": "book", "last_trade_price": ""}, {"market": "0x050d4987d8be39002515c0fa150fdc0a7bbce0866834df64e0883e3aca16cebb", "asset_id": "54622260618686572723853734237251247285564699837184079846228858628426409826720", "timestamp": "1769383886055", "hash": "f5427b2c84e7381a5774dc2b5e41f49726133711", "bids": [{"price": "0.01", "size": "98.78"}, {"price": "0.02", "size": "25.63"}, {"price": "0.05", "size": "11.46"}], "asks": [{"price": "0.99", "size": "100"}, {"price": "0.98", "size": "39.99"}, {"price": "0.96", "size": "29.99"}], "event_type": "book", "last_trade_price": ""}, {"market": "0x050d4987d8be39002515c0fa150fdc0a7bbce0866834df64e0883e3aca16cebb", "asset_id": "46879560284701891629007918945256927799382824144519183690709895963589731438674", "timestamp": "1769383886055", "hash": "fa651e2a3a3e2fb0a995422c8b3ad2be001e85d3", "bids": [{"price": "0.01", "size": "100"}, {"price": "0.02", "size": "39.99"}, {"price": "0.04", "size": "29.99"}], "asks": [{"price": "0.99", "size": "98.78"}, {"price": "0.98", "size": "25.63"}, {"price": "0.95", "size": "11.46"}], "event_type": "book", "last_trade_price": ""}, {"market": "0xb483376a4a11938da0ae705f901db99f563a73f84df0d3dcb2c1bf7052ca279b", "asset_id": "38278925131304241066712865633907202764870863859804168264871289385839720357843", "timestamp": "1769383984694", "hash": "86981b991d544d446524759832623a70725213af", "bids": [{"price": "0.01", "size": "8075.27"}, {"price": "0.02", "size": "5052.52"}, {"price": "0.03", "size": "10156.43"}, {"price": "0.04", "size": "20.94"}, {"price": "0.42", "size": "400"}], "asks": [{"price": "0.99", "size": "8079.49"}, {"price": "0.98", "size": "5047.43"}, {"price": "0.97", "size": "3080.22"}, {"price": "0.49", "size": "400"}], "event_type": "book", "last_trade_price": ""}, {"market": "0x98612f171f4dc6a0e346710a7729ea695ccc2e5f49437995894dfd0809884f0c", "asset_id": "48560990866788733674131421352321870328649148949521354561724191929176618618723", "timestamp": "1769383984878", "hash": "e2cc54f6b9764d24498f2cfb71d59d325c536cea", "bids": [{"price": "0.01", "size": "8074.48"}, {"price": "0.02", "size": "5054.58"}, {"price": "0.03", "size": "8886.33"}, {"price": "0.05", "size": "16.08"}, {"price": "0.51", "size": "400"}], "asks": [{"price": "0.99", "size": "8074.95"}, {"price": "0.98", "size": "5047.43"}, {"price": "0.97", "size": "11077.96"}, {"price": "0.58", "size": "400"}], "event_type": "book", "last_trade_price": ""}]}
{"_local_timestamp": "2026-01-25T23:34:21.617550+00:00", "data": {"market": "0x88608442d14bdfa98a3d2ece26857aa516f193c8161db0c8e7c779fd8f3464af", "price_changes": [{"asset_id": "42097535137505280315737745177128192451567567237475285083506851409423497113459", "price": "0.1", "size": "895.98", "side": "BUY", "hash": "7a8a32df8db76c559c7c08e1caccc6f0292d6902", "best_bid": "0.4", "best_ask": "0.47"}, {"asset_id": "20794210232738155208360248995422719359166978550921485109532388301377529305580", "price": "0.9", "size": "895.98", "side": "SELL", "hash": "8370de655fe70a9a615877b9732562fcb58580d6", "best_bid": "0.53", "best_ask": "0.6"}], "timestamp": "1769384061552", "event_type": "price_change"}}
{"_local_timestamp": "2026-01-25T23:34:21.624402+00:00", "data": {"market": "0x88608442d14bdfa98a3d2ece26857aa516f193c8161db0c8e7c779fd8f3464af", "price_changes": [{"asset_id": "20794210232738155208360248995422719359166978550921485109532388301377529305580", "price": "0.09", "size": "0", "side": "BUY", "hash": "0574c68a0ffc0194d5b87aa9f32c8172f7fe84e3", "best_bid": "0.53", "best_ask": "0.6"}, {"asset_id": "42097535137505280315737745177128192451567567237475285083506851409423497113459", "price": "0.91", "size": "0", "side": "SELL", "hash": "a1ecfffbb260a7a019a2e5a883e50c68cad855c1", "best_bid": "0.4", "best_ask": "0.47"}], "timestamp": "1769384061552", "event_type": "price_change"}}
{"_local_timestamp": "2026-01-25T23:34:21.671482+00:00", "data": {"market": "0x88608442d14bdfa98a3d2ece26857aa516f193c8161db0c8e7c779fd8f3464af", "price_changes": [{"asset_id": "20794210232738155208360248995422719359166978550921485109532388301377529305580", "price": "0.15", "size": "0", "side": "BUY", "hash": "86ae0de1d07c714ba76c4630abe133c2f0cae080", "best_bid": "0.53", "best_ask": "0.6"}, {"asset_id": "42097535137505280315737745177128192451567567237475285083506851409423497113459", "price": "0.85", "size": "0", "side": "SELL", "hash": "e180b24c83bcad2afc091babd7a1b9919606a69b", "best_bid": "0.4", "best_ask": "0.47"}], "timestamp": "1769384061602", "event_type": "price_change"}}
{"_local_timestamp": "2026-01-25T23:34:21.672238+00:00", "data": {"market": "0x88608442d14bdfa98a3d2ece26857aa516f193c8161db0c8e7c779fd8f3464af", "price_changes": [{"asset_id": "20794210232738155208360248995422719359166978550921485109532388301377529305580", "price": "0.08", "size": "4257.32", "side": "BUY", "hash": "86ae0de1d07c714ba76c4630abe133c2f0cae080", "best_bid": "0.53", "best_ask": "0.6"}, {"asset_id": "42097535137505280315737745177128192451567567237475285083506851409423497113459", "price": "0.92", "size": "4257.32", "side": "SELL", "hash": "e180b24c83bcad2afc091babd7a1b9919606a69b", "best_bid": "0.4", "best_ask": "0.47"}], "timestamp": "1769384061602", "event_type": "price_change"}}
{"_local_timestamp": "2026-01-25T23:34:21.674300+00:00", "data": {"market": "0x88608442d14bdfa98a3d2ece26857aa516f193c8161db0c8e7c779fd8f3464af", "price_changes": [{"asset_id": "20794210232738155208360248995422719359166978550921485109532388301377529305580", "price": "0.07", "size": "1700", "side": "BUY", "hash": "86ae0de1d07c714ba76c4630abe133c2f0cae080", "best_bid": "0.53", "best_ask": "0.6"}, {"asset_id": "42097535137505280315737745177128192451567567237475285083506851409423497113459", "price": "0.93", "size": "1700", "side": "SELL", "hash": "e180b24c83bcad2afc091babd7a1b9919606a69b", "best_bid": "0.4", "best_ask": "0.47"}], "timestamp": "1769384061602", "event_type": "price_change"}}
{"_local_timestamp": "2026-01-25T23:34:21.677939+00:00", "data": {"market": "0x88608442d14bdfa98a3d2ece26857aa516f193c8161db0c8e7c779fd8f3464af", "price_changes": [{"asset_id": "42097535137505280315737745177128192451567567237475285083506851409423497113459", "price": "0.1", "size": "5.87", "side": "BUY", "hash": "afcd2f8e2e7ab11434e9dda0c6806e2ff2e86d60", "best_bid": "0.4", "best_ask": "0.47"}, {"asset_id": "20794210232738155208360248995422719359166978550921485109532388301377529305580", "price": "0.9", "size": "5.87", "side": "SELL", "hash": "932785bdc218ee4574194c24608c0de502d83d7a", "best_bid": "0.53", "best_ask": "0.6"}], "timestamp": "1769384061602", "event_type": "price_change"}}
{"_local_timestamp": "2026-01-25T23:34:21.678528+00:00", "data": {"market": "0x88608442d14bdfa98a3d2ece26857aa516f193c8161db0c8e7c779fd8f3464af", "price_changes": [{"asset_id": "42097535137505280315737745177128192451567567237475285083506851409423497113459", "price": "0.11", "size": "100", "side": "BUY", "hash": "afcd2f8e2e7ab11434e9dda0c6806e2ff2e86d60", "best_bid": "0.4", "best_ask": "0.47"}, {"asset_id": "20794210232738155208360248995422719359166978550921485109532388301377529305580", "price": "0.89", "size": "100", "side": "SELL", "hash": "932785bdc218ee4574194c24608c0de502d83d7a", "best_bid": "0.53", "best_ask": "0.6"}], "timestamp": "1769384061602", "event_type": "price_change"}}
{"_local_timestamp": "2026-01-25T23:34:21.697604+00:00", "data": {"market": "0x88608442d14bdfa98a3d2ece26857aa516f193c8161db0c8e7c779fd8f3464af", "price_changes": [{"asset_id": "42097535137505280315737745177128192451567567237475285083506851409423497113459", "price": "0.08", "size": "2160.21", "side": "BUY", "hash": "8da4622952db2f53b3696693c54411f135006d4a", "best_bid": "0.4", "best_ask": "0.47"}, {"asset_id": "20794210232738155208360248995422719359166978550921485109532388301377529305580", "price": "0.92", "size": "2160.21", "side": "SELL", "hash": "27ea79f3e8fd1b75b65f774533a9694c5184f348", "best_bid": "0.53", "best_ask": "0.6"}], "timestamp": "1769384061625", "event_type": "price_change"}}
{"_local_timestamp": "2026-01-25T23:34:21.698810+00:00", "data": {"market": "0x88608442d14bdfa98a3d2ece26857aa516f193c8161db0c8e7c779fd8f3464af", "price_changes": [{"asset_id": "42097535137505280315737745177128192451567567237475285083506851409423497113459", "price": "0.08", "size": "3050.32", "side": "BUY", "hash": "9d005356a0fe78d4ebe14af4939faae583309f80", "best_bid": "0.4", "best_ask": "0.47"}, {"asset_id": "20794210232738155208360248995422719359166978550921485109532388301377529305580", "price": "0.92", "size": "3050.32", "side": "SELL", "hash": "cdc85072086913af5b0211abe3d681af2e198115", "best_bid": "0.53", "best_ask": "0.6"}], "timestamp": "1769384061625", "event_type": "price_change"}}
{"_local_timestamp": "2026-01-25T23:34:21.735607+00:00", "data": {"market": "0x88608442d14bdfa98a3d2ece26857aa516f193c8161db0c8e7c779fd8f3464af", "price_changes": [{"asset_id": "20794210232738155208360248995422719359166978550921485109532388301377529305580", "price": "0.17", "size": "890.11", "side": "BUY", "hash": "cce42902893acb8cf07835b0ef0ab3e626046e47", "best_bid": "0.53", "best_ask": "0.6"}, {"asset_id": "42097535137505280315737745177128192451567567237475285083506851409423497113459", "price": "0.83", "size": "890.11", "side": "SELL", "hash": "8e5860c95361f0d3441227566634e97c7179a069", "best_bid": "0.4", "best_ask": "0.47"}], "timestamp": "1769384061663", "event_type": "price_change"}}
{"_local_timestamp": "2026-01-25T23:34:21.749255+00:00", "data": {"market": "0x88608442d14bdfa98a3d2ece26857aa516f193c8161db0c8e7c779fd8f3464af", "price_changes": [{"asset_id": "42097535137505280315737745177128192451567567237475285083506851409423497113459", "price": "0.08", "size": "5047.43", "side": "BUY", "hash": "223c55492fe3e9632b4b98f2899cf90d1530edb2", "best_bid": "0.4", "best_ask": "0.47"}, {"asset_id": "20794210232738155208360248995422719359166978550921485109532388301377529305580", "price": "0.92", "size": "5047.43", "side": "SELL", "hash": "feff8d98b824c8d8071d6caf73590a5db2759929", "best_bid": "0.53", "best_ask": "0.6"}], "timestamp": "1769384061664", "event_type": "price_change"}}
{"_local_timestamp": "2026-01-25T23:34:21.912743+00:00", "data": {"market": "0x88608442d14bdfa98a3d2ece26857aa516f193c8161db0c8e7c779fd8f3464af", "price_changes": [{"asset_id": "20794210232738155208360248995422719359166978550921485109532388301377529305580", "price": "0.1", "size": "600", "side": "BUY", "hash": "37a59a8bd42afe0db113443a4f7656dfebe9bc74", "best_bid": "0.53", "best_ask": "0.6"}, {"asset_id": "42097535137505280315737745177128192451567567237475285083506851409423497113459", "price": "0.9", "size": "600", "side": "SELL", "hash": "74e50bfbbb33080021c188b536a93b0f204da70c", "best_bid": "0.4", "best_ask": "0.47"}], "timestamp": "1769384061838", "event_type": "price_change"}}
{"_local_timestamp": "2026-01-25T23:34:29.294453+00:00", "data": {"market": "0x88608442d14bdfa98a3d2ece26857aa516f193c8161db0c8e7c779fd8f3464af", "price_changes": [{"asset_id": "20794210232738155208360248995422719359166978550921485109532388301377529305580", "price": "0.1", "size": "500", "side": "BUY", "hash": "c564e10a52859e2fe16e5b88a0b4ab849953668a", "best_bid": "0.53", "best_ask": "0.6"}, {"asset_id": "42097535137505280315737745177128192451567567237475285083506851409423497113459", "price": "0.9", "size": "500", "side": "SELL", "hash": "ff7972801d9fb1c2e5b579b05826610bbbca39e1", "best_bid": "0.4", "best_ask": "0.47"}], "timestamp": "1769384069218", "event_type": "price_change"}}
{"_local_timestamp": "2026-01-25T23:34:29.554878+00:00", "data": {"market": "0x88608442d14bdfa98a3d2ece26857aa516f193c8161db0c8e7c779fd8f3464af", "price_changes": [{"asset_id": "20794210232738155208360248995422719359166978550921485109532388301377529305580", "price": "0.08", "size": "4357.32", "side": "BUY", "hash": "b34348aebc05798300949e09fadc681d5b0f2afc", "best_bid": "0.53", "best_ask": "0.6"}, {"asset_id": "42097535137505280315737745177128192451567567237475285083506851409423497113459", "price": "0.92", "size": "4357.32", "side": "SELL", "hash": "d9be3221be26beca6a536a60a3f7a025923dfd23", "best_bid": "0.4", "best_ask": "0.47"}], "timestamp": "1769384069485", "event_type": "price_change"}}
{"_local_timestamp": "2026-01-25T23:34:30.016493+00:00", "data": {"market": "0x88608442d14bdfa98a3d2ece26857aa516f193c8161db0c8e7c779fd8f3464af", "price_changes": [{"asset_id": "20794210232738155208360248995422719359166978550921485109532388301377529305580", "price": "0.1", "size": "100", "side": "BUY", "hash": "cf8a0772b6aa1db091b54c0b4b8a25ccc6e670fe", "best_bid": "0.53", "best_ask": "0.6"}, {"asset_id": "42097535137505280315737745177128192451567567237475285083506851409423497113459", "price": "0.9", "size": "100", "side": "SELL", "hash": "74bf7325a715ecf00a01764ac38cb7730f0ba4ed", "best_bid": "0.4", "best_ask": "0.47"}], "timestamp": "1769384069833", "event_type": "price_change"}}
{"_local_timestamp": "2026-01-25T23:34:30.275260+00:00", "data": {"market": "0x88608442d14bdfa98a3d2ece26857aa516f193c8161db0c8e7c779fd8f3464af", "price_changes": [{"asset_id": "20794210232738155208360248995422719359166978550921485109532388301377529305580", "price": "0.08", "size": "4757.32", "side": "BUY", "hash": "81d48e0cfb718689891ec913b7c07c222ff5df9e", "best_bid": "0.53", "best_ask": "0.6"}, {"asset_id": "42097535137505280315737745177128192451567567237475285083506851409423497113459", "price": "0.92", "size": "4757.32", "side": "SELL", "hash": "76c5bac99c50f7c26f709b972d5f635fe5302c92", "best_bid": "0.4", "best_ask": "0.47"}], "timestamp": "1769384070110", "event_type": "price_change"}}
{"_local_timestamp": "2026-01-25T23:34:30.457086+00:00", "data": {"market": "0x88608442d14bdfa98a3d2ece26857aa516f193c8161db0c8e7c779fd8f3464af", "price_changes": [{"asset_id": "20794210232738155208360248995422719359166978550921485109532388301377529305580", "price": "0.09", "size": "1270.1", "side": "BUY", "hash": "35b34875efd5baaa152a5d5fde85488defb85eaa", "best_bid": "0.53", "best_ask": "0.6"}, {"asset_id": "42097535137505280315737745177128192451567567237475285083506851409423497113459", "price": "0.91", "size": "1270.1", "side": "SELL", "hash": "c7a6f84e20d279a0247d11771c9f072a9e2c238f", "best_bid": "0.4", "best_ask": "0.47"}], "timestamp": "1769384070293", "event_type": "price_change"}}
{"_local_timestamp": "2026-01-25T23:34:30.462311+00:00", "data": {"market": "0x88608442d14bdfa98a3d2ece26857aa516f193c8161db0c8e7c779fd8f3464af", "price_changes": [{"asset_id": "20794210232738155208360248995422719359166978550921485109532388301377529305580", "price": "0.09", "size": "3267.21", "side": "BUY", "hash": "aab9465d64e4d9655a0bc4d248e5853a07020b20", "best_bid": "0.53", "best_ask": "0.6"}, {"asset_id": "42097535137505280315737745177128192451567567237475285083506851409423497113459", "price": "0.91", "size": "3267.21", "side": "SELL", "hash": "1f840935a9ee879d93fee52d1dd891df090f728d", "best_bid": "0.4", "best_ask": "0.47"}], "timestamp": "1769384070294", "event_type": "price_change"}}
{"_local_timestamp": "2026-01-25T23:34:30.464802+00:00", "data": {"market": "0x88608442d14bdfa98a3d2ece26857aa516f193c8161db0c8e7c779fd8f3464af", "price_changes": [{"asset_id": "20794210232738155208360248995422719359166978550921485109532388301377529305580", "price": "0.09", "size": "4157.32", "side": "BUY", "hash": "a0db900231afdc41bc28271f5b8e22a0ad74bfb4", "best_bid": "0.53", "best_ask": "0.6"}, {"asset_id": "42097535137505280315737745177128192451567567237475285083506851409423497113459", "price": "0.91", "size": "4157.32", "side": "SELL", "hash": "542c72b512a4504427e095956311b0d7f7b00cff", "best_bid": "0.4", "best_ask": "0.47"}], "timestamp": "1769384070295", "event_type": "price_change"}}
{"_local_timestamp": "2026-01-25T23:34:30.950992+00:00", "data": {"market": "0x88608442d14bdfa98a3d2ece26857aa516f193c8161db0c8e7c779fd8f3464af", "price_changes": [{"asset_id": "42097535137505280315737745177128192451567567237475285083506851409423497113459", "price": "0.11", "size": "0", "side": "BUY", "hash": "3f1111bbf4ff337bb8f666fcce86e7271e34cded", "best_bid": "0.4", "best_ask": "0.47"}, {"asset_id": "20794210232738155208360248995422719359166978550921485109532388301377529305580", "price": "0.89", "size": "0", "side": "SELL", "hash": "516dc8126aa3cdffd4e928c3990b5a4b1e49154f", "best_bid": "0.53", "best_ask": "0.6"}], "timestamp": "1769384070882", "event_type": "price_change"}}
{"_local_timestamp": "2026-01-25T23:34:31.180192+00:00", "data": {"market": "0x88608442d14bdfa98a3d2ece26857aa516f193c8161db0c8e7c779fd8f3464af", "price_changes": [{"asset_id": "42097535137505280315737745177128192451567567237475285083506851409423497113459", "price": "0.08", "size": "5147.43", "side": "BUY", "hash": "76989b0d3049da98f6fe0f9820f47c56ba2d30ba", "best_bid": "0.4", "best_ask": "0.47"}, {"asset_id": "20794210232738155208360248995422719359166978550921485109532388301377529305580", "price": "0.92", "size": "5147.43", "side": "SELL", "hash": "4b096887977bbb743f559b2200e0d49adbc055c0", "best_bid": "0.53", "best_ask": "0.6"}], "timestamp": "1769384071112", "event_type": "price_change"}}
{"_local_timestamp": "2026-01-25T23:34:35.758945+00:00", "data": {"market": "0x72ba07862b22314dbe4f409505a9833da2dfb3ffe2f6a1c8fa1ba3add5e7a039", "price_changes": [{"asset_id": "2984940558574601482400602739691261511463191599721533374910685943278753091727", "price": "0.04", "size": "29.99", "side": "BUY", "hash": "257339282b6da3c28261f7931d069143813e6012", "best_bid": "0.04", "best_ask": "0.98"}, {"asset_id": "93425111955845150480136289753481493030447902158015790781546943758014021748210", "price": "0.96", "size": "29.99", "side": "SELL", "hash": "dab03e1ab4de54f965942f8b08c62572fafa9480", "best_bid": "0.02", "best_ask": "0.96"}], "timestamp": "1769384075688", "event_type": "price_change"}}
