{"_local_timestamp": "2026-01-25T23:41:27.416321+00:00", "data": [{"market": "0x91d79958939f3e88531fce9bc7eaeec8d7b4769153fa4e53c4503459a0f16c3f", "asset_id": "90269627864460583420982290650021535785505976210587921281195719192141026655307", "timestamp": "1769382376790", "hash": "392a4e3eda123a0db2e3520780dee23c4842d84a", "bids": [{"price": "0.01", "size": "102.04"}, {"price": "0.02", "size": "28.72"}, {"price": "0.03", "size": "39.99"}], "asks": [{"price": "0.99", "size": "99.99"}, {"price": "0.98", "size": "40"}, {"price": "0.95", "size": "15.47"}], "event_type": "book", "last_trade_price": ""}, {"market": "0x1baca8338e2b25ca1cf132612516ac229a3bb0854b9f912edf2094321a1e7682", "asset_id": "96939983979358494409124696452963316471791524314176669493728080115998612165684", "timestamp": "1769384195528", "hash": "445b4303f4ddff576aa243edc7befb0d10c1ca0c", "bids": [{"price": "0.01", "size": "11247.18"}, {"price": "0.02", "size": "899.93"}, {"price": "0.03", "size": "19.9"}, {"price": "0.04", "size": "42.49"}], "asks": [{"price": "0.99", "size": "11244.53"}, {"price": "0.98", "size": "41"}, {"price": "0.95", "size": "15.47"}], "event_type": "book", "last_trade_price": ""}, {"market": "0xef5c5969a92073bb331d390a8fd253247e55db495dd0d282bebcd213fc9e98f9", "asset_id": "111408097440170058305299086416986717861661628547278416005231349202740096264137", "timestamp": "1769383978804", "hash": "66df13d67b959ef7ddd48bdf0d59f1a7ba430d9a", "bids": [{"price": "0.01", "size": "11196.85"}, {"price": "0.02", "size": "40.59"}, {"price": "0.05", "size": "15.47"}], "asks": [{"price": "0.99", "size": "11196.85"}, {"price": "0.98", "size": "30.33"}, {"price": "0.97", "size": "56.65"}], "event_type": "book", "last_trade_price": ""}, {"market": "0x1baca8338e2b25ca1cf132612516ac229a3bb0854b9f912edf2094321a1e7682", "asset_id": "44624636737386069107481745579901218895720830797355610884133049251532864861970", "timestamp": "1769384195528", "hash": "d65ad1b41a9e7efb6e9b92fd341643a89136e203", "bids": [{"price": "0.01", "size": "11244.53"}, {"price": "0.02", "size": "41"}, {"price": "0.05", "size": "15.47"}], "asks": [{"price": "0.99", "size": "11247.18"}, {"price": "0.98", "size": "899.93"}, {"price": "0.97", "size": "19.9"}, {"price": "0.96", "size": "42.49"}], "event_type": "book", "last_trade_price": ""}, {"market": "0xef5c5969a92073bb331d390a8fd253247e55db495dd0d282bebcd213fc9e98f9", "asset_id": "24785562735989416010826268425089148929312550693817152898319391113116435314213", "timestamp": "1769383978804", "hash": "467da2737c78cc3039b0c0cef492b6defa1948be", "bids": [{"price": "0.01", "size": "11196.85"}, {"price": "0.02", "size": "30.33"}, {"price": "0.03", "size": "56.65"}], "asks": [{"price": "0.99", "size": "11196.85"}, {"price": "0.98", "size": "40.59"}, {"price": "0.95", "size": "15.47"}], "event_type": "book", "last_trade_price": ""}, {"market": "0xf21468031abfc62aab279451b55909f1ff3b7d9fa467cc03f7772db7901dc0de", "asset_id": "76630576861944765413506128741840827685262842411745127460503614840988645423562", "timestamp": "1769384193511", "hash": "2b2335977117529d500d9cada9c5b530d9254a76", "bids": [{"price": "0.01", "size": "11245.35"}, {"price": "0.02", "size": "899.05"}, {"price": "0.03", "size": "21.1"}, {"price": "0.05", "size": "15.47"}], "asks": [{"price": "0.99", "size": "11253.63"}, {"price": "0.98", "size": "905.17"}, {"price": "0.97", "size": "14.26"}, {"price": "0.96", "size": "42.49"}], "event_type": "book", "last_trade_price": ""}, {"market": "0xf3eccc339323db0676738e78d7f47442feb23a5d379d8023f74b5d25895e1a26", "asset_id": "17530713902603044125757289872480212103623079013818634835807864395004963048346", "timestamp": "1769384386492", "hash": "86204c9014271cc095ccf41e8ef42c775d6d23da", "bids": [{"price": "0.01", "size": "11231.68"}, {"price": "0.02", "size": "47.42"}, {"price": "0.52", "size": "50"}, {"price": "0.58", "size": "77"}], "asks": [{"price": "0.99", "size": "9274.4"}, {"price": "0.98", "size": "6047.43"}, {"price": "0.97", "size": "5079.03"}, {"price": "0.96", "size": "5999.11"}, {"price": "0.88", "size": "50"}, {"price": "0.78", "size": "10"}, {"price": "0.69", "size": "100"}], "event_type": "book", "last_trade_price": "0.580"}, {"market": "0xf21468031abfc62aab279451b55909f1ff3b7d9fa467cc03f7772db7901dc0de", "asset_id": "58415962039260763296864127629175407898456935938373964769648785657031071549288", "timestamp": "1769384193511", "hash": "d5af49596cdc862a2e7e4a7287fa911b18406ad1", "bids": [{"price": "0.01", "size": "11253.63"}, {"price": "0.02", "size": "905.17"}, {"price": "0.03", "size": "14.26"}, {"price": "0.04", "size": "42.49"}], "asks": [{"price": "0.99", "size": "11245.35"}, {"price": "0.98", "size": "899.05"}, {"price": "0.97", "size": "21.1"}, {"price": "0.95", "size": "15.47"}], "event_type": "book", "last_trade_price": ""}, {"market": "0xf3eccc339323db0676738e78d7f47442feb23a5d379d8023f74b5d25895e1a26", "asset_id": "110235819947154328499387875920481176956297513114069970695287516686707153024869", "timestamp": "1769384386492", "hash": "08cc1afa7b62eef62b5d3e3a62532d32a75b1d8b", "bids": [{"price": "0.01", "size": "9274.4"}, {"price": "0.02", "size": "6047.43"}, {"price": "0.03", "size": "5079.03"}, {"price": "0.04", "size": "5999.11"}, {"price": "0.12", "size": "50"}, {"price": "0.22", "size": "10"}, {"price": "0.31", "size": "100"}], "asks": [{"price": "0.99", "size": "11231.68"}, {"price": "0.98", "size": "47.42"}, {"price": "0.48", "size": "50"}, {"price": "0.42", "size": "77"}], "event_type": "book", "last_trade_price": "0.580"}, {"market": "0x91d79958939f3e88531fce9bc7eaeec8d7b4769153fa4e53c4503459a0f16c3f", "asset_id": "61576362852686876078966954404957716365618073599087383348509717163432723963567", "timestamp": "1769382376790", "hash": "de1dfd2a66973a7c966a19a44cdb4aee06e3a146", "bids": [{"price": "0.01", "size": "99.99"}, {"price": "0.02", "size": "40"}, {"price": "0.05", "size": "15.47"}], "asks": [{"price": "0.99", "size": "102.04"}, {"price": "0.98", "size": "28.72"}, {"price": "0.97", "size": "39.99"}], "event_type": "book", "last_trade_price": ""}]}
{"_local_timestamp": "2026-01-25T23:42:13.433772+00:00", "data": {"market": "0xf21468031abfc62aab279451b55909f1ff3b7d9fa467cc03f7772db7901dc0de", "price_changes": [{"asset_id": "58415962039260763296864127629175407898456935938373964769648785657031071549288", "price": "0.01", "size": "11237.04", "side": "BUY", "hash": "2823dab8da50cb7894f7365bcd09c850150dbe2c", "best_bid": "0.04", "best_ask": "0.95"}, {"asset_id": "76630576861944765413506128741840827685262842411745127460503614840988645423562", "price": "0.99", "size": "11237.04", "side": "SELL", "hash": "9b4168e204e30bbfe6e8c1b8cee940b5c2fd97a6", "best_bid": "0.05", "best_ask": "0.96"}], "timestamp": "1769384533362", "event_type": "price_change"}}
{"_local_timestamp": "2026-01-25T23:42:13.435020+00:00", "data": {"market": "0xf21468031abfc62aab279451b55909f1ff3b7d9fa467cc03f7772db7901dc0de", "price_changes": [{"asset_id": "58415962039260763296864127629175407898456935938373964769648785657031071549288", "price": "0.02", "size": "890.11", "side": "BUY", "hash": "2823dab8da50cb7894f7365bcd09c850150dbe2c", "best_bid": "0.04", "best_ask": "0.95"}, {"asset_id": "76630576861944765413506128741840827685262842411745127460503614840988645423562", "price": "0.98", "size": "890.11", "side": "SELL", "hash": "9b4168e204e30bbfe6e8c1b8cee940b5c2fd97a6", "best_bid": "0.05", "best_ask": "0.96"}], "timestamp": "1769384533362", "event_type": "price_change"}}
{"_local_timestamp": "2026-01-25T23:42:14.050319+00:00", "data": {"market": "0xf21468031abfc62aab279451b55909f1ff3b7d9fa467cc03f7772db7901dc0de", "price_changes": [{"asset_id": "58415962039260763296864127629175407898456935938373964769648785657031071549288", "price": "0.02", "size": "905.17", "side": "BUY", "hash": "b27011ab23d712e8873beb878d3d9936302968d7", "best_bid": "0.04", "best_ask": "0.95"}, {"asset_id": "76630576861944765413506128741840827685262842411745127460503614840988645423562", "price": "0.98", "size": "905.17", "side": "SELL", "hash": "ab1a4ac971728087aad9c79f24477ebce7715555", "best_bid": "0.05", "best_ask": "0.96"}], "timestamp": "1769384533986", "event_type": "price_change"}}
{"_local_timestamp": "2026-01-25T23:42:14.050742+00:00", "data": {"market": "0xf21468031abfc62aab279451b55909f1ff3b7d9fa467cc03f7772db7901dc0de", "price_changes": [{"asset_id": "58415962039260763296864127629175407898456935938373964769648785657031071549288", "price": "0.01", "size": "11253.63", "side": "BUY", "hash": "341feebb6790bcf394713083203dce474528404a", "best_bid": "0.04", "best_ask": "0.95"}, {"asset_id": "76630576861944765413506128741840827685262842411745127460503614840988645423562", "price": "0.99", "size": "11253.63", "side": "SELL", "hash": "72920fc90858be756b8bb0b9dc6a34c09ff4df6c", "best_bid": "0.05", "best_ask": "0.96"}], "timestamp": "1769384533987", "event_type": "price_change"}}
{"_local_timestamp": "2026-01-25T23:42:16.219925+00:00", "data": {"market": "0xf3eccc339323db0676738e78d7f47442feb23a5d379d8023f74b5d25895e1a26", "price_changes": [{"asset_id": "110235819947154328499387875920481176956297513114069970695287516686707153024869", "price": "0.03", "size": "5047.43", "side": "BUY", "hash": "9ca2bd33526593d611df19d2495b3d2c17aba226", "best_bid": "0.31", "best_ask": "0.42"}, {"asset_id": "17530713902603044125757289872480212103623079013818634835807864395004963048346", "price": "0.97", "size": "5047.43", "side": "SELL", "hash": "968921edef74e60a13b08f717b62ac0847515193", "best_bid": "0.58", "best_ask": "0.69"}], "timestamp": "1769384536139", "event_type": "price_change"}}
{"_local_timestamp": "2026-01-25T23:42:16.284606+00:00", "data": {"market": "0xf3eccc339323db0676738e78d7f47442feb23a5d379d8023f74b5d25895e1a26", "price_changes": [{"asset_id": "110235819947154328499387875920481176956297513114069970695287516686707153024869", "price": "0.02", "size": "1890.11", "side": "BUY", "hash": "5bac24fb880337d68c6b27049bca126edfe7714e", "best_bid": "0.31", "best_ask": "0.42"}, {"asset_id": "17530713902603044125757289872480212103623079013818634835807864395004963048346", "price": "0.98", "size": "1890.11", "side": "SELL", "hash": "806042d8907f910f69dc10f8523121b291e5b405", "best_bid": "0.58", "best_ask": "0.69"}], "timestamp": "1769384536218", "event_type": "price_change"}}
{"_local_timestamp": "2026-01-25T23:42:16.285037+00:00", "data": {"market": "0xf3eccc339323db0676738e78d7f47442feb23a5d379d8023f74b5d25895e1a26", "price_changes": [{"asset_id": "110235819947154328499387875920481176956297513114069970695287516686707153024869", "price": "0.04", "size": "0", "side": "BUY", "hash": "5bac24fb880337d68c6b27049bca126edfe7714e", "best_bid": "0.31", "best_ask": "0.42"}, {"asset_id": "17530713902603044125757289872480212103623079013818634835807864395004963048346", "price": "0.96", "size": "0", "side": "SELL", "hash": "806042d8907f910f69dc10f8523121b291e5b405", "best_bid": "0.58", "best_ask": "0.69"}], "timestamp": "1769384536218", "event_type": "price_change"}}
{"_local_timestamp": "2026-01-25T23:42:16.540317+00:00", "data": {"market": "0xf3eccc339323db0676738e78d7f47442feb23a5d379d8023f74b5d25895e1a26", "price_changes": [{"asset_id": "110235819947154328499387875920481176956297513114069970695287516686707153024869", "price": "0.01", "size": "8384.29", "side": "BUY", "hash": "5bac24fb880337d68c6b27049bca126edfe7714e", "best_bid": "0.31", "best_ask": "0.42"}, {"asset_id": "17530713902603044125757289872480212103623079013818634835807864395004963048346", "price": "0.99", "size": "8384.29", "side": "SELL", "hash": "806042d8907f910f69dc10f8523121b291e5b405", "best_bid": "0.58", "best_ask": "0.69"}], "timestamp": "1769384536218", "event_type": "price_change"}}
{"_local_timestamp": "2026-01-25T23:42:16.540826+00:00", "data": {"market": "0xf3eccc339323db0676738e78d7f47442feb23a5d379d8023f74b5d25895e1a26", "price_changes": [{"asset_id": "110235819947154328499387875920481176956297513114069970695287516686707153024869", "price": "0.05", "size": "15.61", "side": "BUY", "hash": "17257d648936640dab6e02230cedb46808e0a083", "best_bid": "0.31", "best_ask": "0.42"}, {"asset_id": "17530713902603044125757289872480212103623079013818634835807864395004963048346", "price": "0.95", "size": "15.61", "side": "SELL", "hash": "feb4d2b1704cb3e88acc4b15ab5313aa28c538c4", "best_bid": "0.58", "best_ask": "0.69"}], "timestamp": "1769384536426", "event_type": "price_change"}}
{"_local_timestamp": "2026-01-25T23:42:16.541165+00:00", "data": {"market": "0xf3eccc339323db0676738e78d7f47442feb23a5d379d8023f74b5d25895e1a26", "price_changes": [{"asset_id": "110235819947154328499387875920481176956297513114069970695287516686707153024869", "price": "0.02", "size": "1898.49", "side": "BUY", "hash": "80446b3dc429027ac979f743fe3aa1ac092ae414", "best_bid": "0.31", "best_ask": "0.42"}, {"asset_id": "17530713902603044125757289872480212103623079013818634835807864395004963048346", "price": "0.98", "size": "1898.49", "side": "SELL", "hash": "d7e024f68c74c4971b599ad3a9bb004df2ca4e5b", "best_bid": "0.58", "best_ask": "0.69"}], "timestamp": "1769384536429", "event_type": "price_change"}}
{"_local_timestamp": "2026-01-25T23:43:48.263497+00:00", "data": {"market": "0xf3eccc339323db0676738e78d7f47442feb23a5d379d8023f74b5d25895e1a26", "price_changes": [{"asset_id": "110235819947154328499387875920481176956297513114069970695287516686707153024869", "price": "0.02", "size": "898.49", "side": "BUY", "hash": "71a9048dbc2c359aa9c28ab023f3c72c39a43267", "best_bid": "0.31", "best_ask": "0.42"}, {"asset_id": "17530713902603044125757289872480212103623079013818634835807864395004963048346", "price": "0.98", "size": "898.49", "side": "SELL", "hash": "2f867add8c7bca3d2bc26ce14a8fe7fee22b7885", "best_bid": "0.58", "best_ask": "0.69"}], "timestamp": "1769384628196", "event_type": "price_change"}}
{"_local_timestamp": "2026-01-25T23:43:48.531329+00:00", "data": {"market": "0xf3eccc339323db0676738e78d7f47442feb23a5d379d8023f74b5d25895e1a26", "price_changes": [{"asset_id": "110235819947154328499387875920481176956297513114069970695287516686707153024869", "price": "0.01", "size": "9274.4", "side": "BUY", "hash": "b51f2cc3b182d498470f17b53eeadbd617148027", "best_bid": "0.31", "best_ask": "0.42"}, {"asset_id": "17530713902603044125757289872480212103623079013818634835807864395004963048346", "price": "0.99", "size": "9274.4", "side": "SELL", "hash": "e13a1e17e3cf38b55b7eafbb762383b1ecda5802", "best_bid": "0.58", "best_ask": "0.69"}], "timestamp": "1769384628467", "event_type": "price_change"}}
{"_local_timestamp": "2026-01-25T23:43:48.531744+00:00", "data": {"market": "0xf3eccc339323db0676738e78d7f47442feb23a5d379d8023f74b5d25895e1a26", "price_changes": [{"asset_id": "110235819947154328499387875920481176956297513114069970695287516686707153024869", "price": "0.02", "size": "2168.59", "side": "BUY", "hash": "07e0b7b13071cf8b1ba779aeba0fca450cf93be2", "best_bid": "0.31", "best_ask": "0.42"}, {"asset_id": "17530713902603044125757289872480212103623079013818634835807864395004963048346", "price": "0.98", "size": "2168.59", "side": "SELL", "hash": "47eb085c891b9199ad556179ce4de133873476e8", "best_bid": "0.58", "best_ask": "0.69"}], "timestamp": "1769384628468", "event_type": "price_change"}}
{"_local_timestamp": "2026-01-25T23:43:48.532083+00:00", "data": {"market": "0xf3eccc339323db0676738e78d7f47442feb23a5d379d8023f74b5d25895e1a26", "price_changes": [{"asset_id": "110235819947154328499387875920481176956297513114069970695287516686707153024869", "price": "0.02", "size": "4165.7", "side": "BUY", "hash": "f24881275cc722e90bce6a71608f1a27e1500caf", "best_bid": "0.31", "best_ask": "0.42"}, {"asset_id": "17530713902603044125757289872480212103623079013818634835807864395004963048346", "price": "0.98", "size": "4165.7", "side": "SELL", "hash": "ec37f5c28c963c8eeac5775d96f214f7e5067f62", "best_bid": "0.58", "best_ask": "0.69"}], "timestamp": "1769384628469", "event_type": "price_change"}}
{"_local_timestamp": "2026-01-25T23:43:48.532410+00:00", "data": {"market": "0xf3eccc339323db0676738e78d7f47442feb23a5d379d8023f74b5d25895e1a26", "price_changes": [{"asset_id": "110235819947154328499387875920481176956297513114069970695287516686707153024869", "price": "0.02", "size": "5055.81", "side": "BUY", "hash": "3fb39b1e1dca5104121386d25ecc9533c233d7fb", "best_bid": "0.31", "best_ask": "0.42"}, {"asset_id": "17530713902603044125757289872480212103623079013818634835807864395004963048346", "price": "0.98", "size": "5055.81", "side": "SELL", "hash": "61e5acfc69867b1c2d3db08e0f5a8c2cb3bffc7c", "best_bid": "0.58", "best_ask": "0.69"}], "timestamp": "1769384628469", "event_type": "price_change"}}
