{"_local_timestamp": "2026-01-25T23:41:28.596853+00:00", "data": [{"market": "0x4f037edcbfe838b107b733c59a1be8843e751ad7b38faade4708a0983cbb0ea5", "asset_id": "107459494287777095413540431684535641623973928881138906326967344651084920000728", "timestamp": "1769384438123", "hash": "a9d41b7cff0a2b21279a96d33d48acd49708130c", "bids": [{"price": "0.01", "size": "302.04"}, {"price": "0.02", "size": "150.48"}, {"price": "0.03", "size": "18.99"}, {"price": "0.04", "size": "29.99"}], "asks": [{"price": "0.99", "size": "304.13"}, {"price": "0.98", "size": "146.1"}, {"price": "0.97", "size": "21.22"}, {"price": "0.96", "size": "5.47"}], "event_type": "book", "last_trade_price": ""}, {"market": "0x4f037edcbfe838b107b733c59a1be8843e751ad7b38faade4708a0983cbb0ea5", "asset_id": "81689004030113466972568110834512836839724199870927679163878524202677627525248", "timestamp": "1769384438123", "hash": "1378dee5cbffa6bf030886da55f94a965b3621b9", "bids": [{"price": "0.01", "size": "304.13"}, {"price": "0.02", "size": "146.1"}, {"price": "0.03", "size": "21.22"}, {"price": "0.04", "size": "5.47"}], "asks": [{"price": "0.99", "size": "302.04"}, {"price": "0.98", "size": "150.48"}, {"price": "0.97", "size": "18.99"}, {"price": "0.96", "size": "29.99"}], "event_type": "book", "last_trade_price": ""}, {"market": "0x4c58718cfbe67a092e27490d5c1557df0f0500474ab2739bddee035c9d5af77f", "asset_id": "28890105978122262666234924363282699497790222421031646186418608893018940773234", "timestamp": "1769384155384", "hash": "4975f9c5c5909ef2b933577e9001ba97b2798f78", "bids": [{"price": "0.01", "size": "292.43"}, {"price": "0.02", "size": "90"}, {"price": "0.03", "size": "29.18"}, {"price": "0.28", "size": "10"}], "asks": [{"price": "0.99", "size": "304.14"}, {"price": "0.98", "size": "19.43"}, {"price": "0.97", "size": "250"}, {"price": "0.96", "size": "9.25"}, {"price": "0.95", "size": "5.47"}], "event_type": "book", "last_trade_price": ""}, {"market": "0xc10f9b681c9c6f563049d9eba86212e8780c92a87a92b0a4c02b4a97207c43f6", "asset_id": "11830090122054188774311825288191924635763866170525129175402035148917279641539", "timestamp": "1769384438124", "hash": "b41db18eee7804c7a50ec4988406a3103ae1a924", "bids": [{"price": "0.01", "size": "256.48"}, {"price": "0.02", "size": "80.03"}, {"price": "0.03", "size": "20.81"}, {"price": "0.04", "size": "5.47"}], "asks": [{"price": "0.99", "size": "255.04"}, {"price": "0.98", "size": "94.48"}, {"price": "0.97", "size": "18.99"}, {"price": "0.96", "size": "29.99"}], "event_type": "book", "last_trade_price": ""}, {"market": "0xc10f9b681c9c6f563049d9eba86212e8780c92a87a92b0a4c02b4a97207c43f6", "asset_id": "2162042672376060959671551930334041957995276777245897554456078789531767287020", "timestamp": "1769384438124", "hash": "37c7714167092acfd0b7204d2942f1bd787d8919", "bids": [{"price": "0.01", "size": "255.04"}, {"price": "0.02", "size": "94.48"}, {"price": "0.03", "size": "18.99"}, {"price": "0.04", "size": "29.99"}], "asks": [{"price": "0.99", "size": "256.48"}, {"price": "0.98", "size": "80.03"}, {"price": "0.97", "size": "20.81"}, {"price": "0.96", "size": "5.47"}], "event_type": "book", "last_trade_price": ""}, {"market": "0xbad1e7a86a8e22420686b633b575f873549fc265a1b883d4abc3a69508d829b8", "asset_id": "41699308999919210823225001169580353388597297568737755454301901156941952101704", "timestamp": "1769384438124", "hash": "3cb05f09fb54bc8945870c6b059e71a622bf9f04", "bids": [{"price": "0.01", "size": "302.04"}, {"price": "0.02", "size": "150.48"}, {"price": "0.03", "size": "18.99"}, {"price": "0.04", "size": "29.99"}], "asks": [{"price": "0.99", "size": "303.6"}, {"price": "0.98", "size": "146.83"}, {"price": "0.97", "size": "20.91"}, {"price": "0.96", "size": "5.47"}], "event_type": "book", "last_trade_price": ""}, {"market": "0x4c58718cfbe67a092e27490d5c1557df0f0500474ab2739bddee035c9d5af77f", "asset_id": "31389056719987327990952407116442469233607924703310161040620209293821298633600", "timestamp": "1769384155384", "hash": "e75296a8b434d946058a5886414f850b3756aa1c", "bids": [{"price": "0.01", "size": "304.14"}, {"price": "0.02", "size": "19.43"}, {"price": "0.03", "size": "250"}, {"price": "0.04", "size": "9.25"}, {"price": "0.05", "size": "5.47"}], "asks": [{"price": "0.99", "size": "292.43"}, {"price": "0.98", "size": "90"}, {"price": "0.97", "size": "29.18"}, {"price": "0.72", "size": "10"}], "event_type": "book", "last_trade_price": ""}, {"market": "0xbad1e7a86a8e22420686b633b575f873549fc265a1b883d4abc3a69508d829b8", "asset_id": "101464203779058774411004425835596964852248845734625970988055073580789312996724", "timestamp": "1769384438124", "hash": "a5dd647ad9a75302a900ca3c2e0df94ee0e4cd2d", "bids": [{"price": "0.01", "size": "303.6"}, {"price": "0.02", "size": "146.83"}, {"price": "0.03", "size": "20.91"}, {"price": "0.04", "size": "5.47"}], "asks": [{"price": "0.99", "size": "302.04"}, {"price": "0.98", "size": "150.48"}, {"price": "0.97", "size": "18.99"}, {"price": "0.96", "size": "29.99"}], "event_type": "book", "last_trade_price": ""}]}
{"_local_timestamp": "2026-01-25T23:41:36.669397+00:00", "data": {"market": "0x4c58718cfbe67a092e27490d5c1557df0f0500474ab2739bddee035c9d5af77f", "price_changes": [{"asset_id": "31389056719987327990952407116442469233607924703310161040620209293821298633600", "price": "0.01", "size": "280", "side": "BUY", "hash": "47b5680faeccc4a482e0e157fce7e7bbdea5762c", "best_bid": "0.05", "best_ask": "0.72"}, {"asset_id": "28890105978122262666234924363282699497790222421031646186418608893018940773234", "price": "0.99", "size": "280", "side": "SELL", "hash": "d197d1cdf0bba7718dad5aa72c8197cb6bed8d58", "best_bid": "0.28", "best_ask": "0.95"}], "timestamp": "1769384496601", "event_type": "price_change"}}
{"_local_timestamp": "2026-01-25T23:41:36.998087+00:00", "data": {"market": "0x4c58718cfbe67a092e27490d5c1557df0f0500474ab2739bddee035c9d5af77f", "price_changes": [{"asset_id": "31389056719987327990952407116442469233607924703310161040620209293821298633600", "price": "0.01", "size": "304.14", "side": "BUY", "hash": "c33e8ec4e0316675559a1224c5a83ad6d14796be", "best_bid": "0.05", "best_ask": "0.72"}, {"asset_id": "28890105978122262666234924363282699497790222421031646186418608893018940773234", "price": "0.99", "size": "304.14", "side": "SELL", "hash": "518d11e5e7ffa9f4029b1c16c36a7007eb10c49a", "best_bid": "0.28", "best_ask": "0.95"}], "timestamp": "1769384496926", "event_type": "price_change"}}
