{"_local_timestamp": "2026-01-25T23:33:34.343286+00:00", "data": [{"market": "0x7afb0968d23370cf4daf85e6a483c45197181ffbc26122465af70ee15e56d286", "asset_id": "1613696185017940937106251472506729214596352156507375779024162693253286039648", "timestamp": "1769383431820", "hash": "71c4e44f0a54ed5b5f48368b69079ca36752f749", "bids": [{"price": "0.01", "size": "10110"}, {"price": "0.02", "size": "2450"}, {"price": "0.03", "size": "8.2"}, {"price": "0.05", "size": "20"}, {"price": "0.07", "size": "3414.28"}, {"price": "0.08", "size": "8.17"}, {"price": "0.11", "size": "309.09"}, {"price": "0.14", "size": "228.57"}, {"price": "0.15", "size": "1875"}, {"price": "0.16", "size": "250"}, {"price": "0.17", "size": "164.7"}, {"price": "0.2", "size": "800"}, {"price": "0.21", "size": "123.8"}, {"price": "0.24", "size": "100"}, {"price": "0.25", "size": "550"}, {"price": "0.26", "size": "7"}, {"price": "0.27", "size": "50"}, {"price": "0.28", "size": "71.42"}, {"price": "0.32", "size": "20"}, {"price": "0.35", "size": "275"}, {"price": "0.44", "size": "16.73"}, {"price": "0.46", "size": "200"}, {"price": "0.47", "size": "500"}, {"price": "0.51", "size": "125"}, {"price": "0.52", "size": "100"}, {"price": "0.54", "size": "188"}, {"price": "0.55", "size": "518.63"}, {"price": "0.56", "size": "66.66"}, {"price": "0.57", "size": "100"}, {"price": "0.58", "size": "18.96"}, {"price": "0.61", "size": "66.66"}, {"price": "0.65", "size": "30.3"}, {"price": "0.67", "size": "66.66"}], "asks": [{"price": "0.99", "size": "1103000"}, {"price": "0.98", "size": "1506.36"}, {"price": "0.97", "size": "9400"}, {"price": "0.96", "size": "307.82"}, {"price": "0.94", "size": "200"}, {"price": "0.92", "size": "500"}, {"price": "0.91", "size": "2000"}, {"price": "0.9", "size": "545.56"}, {"price": "0.88", "size": "125"}, {"price": "0.8", "size": "100"}, {"price": "0.79", "size": "51.24"}, {"price": "0.78", "size": "119.7"}, {"price": "0.75", "size": "52"}, {"price": "0.74", "size": "34"}, {"price": "0.7", "size": "2.09"}], "event_type": "book", "last_trade_price": "0.680"}, {"market": "0x7afb0968d23370cf4daf85e6a483c45197181ffbc26122465af70ee15e56d286", "asset_id": "63360646175488031611133855389183515534733634266770407912899019617490090363649", "timestamp": "1769383431820", "hash": "9010a330aabda954a0ff7f32ee447a390ba978cb", "bids": [{"price": "0.01", "size": "1103000"}, {"price": "0.02", "size": "1506.36"}, {"price": "0.03", "size": "9400"}, {"price": "0.04", "size": "307.82"}, {"price": "0.06", "size": "200"}, {"price": "0.08", "size": "500"}, {"price": "0.09", "size": "2000"}, {"price": "0.1", "size": "545.56"}, {"price": "0.12", "size": "125"}, {"price": "0.2", "size": "100"}, {"price": "0.21", "size": "51.24"}, {"price": "0.22", "size": "119.7"}, {"price": "0.25", "size": "52"}, {"price": "0.26", "size": "34"}, {"price": "0.3", "size": "2.09"}], "asks": [{"price": "0.99", "size": "10110"}, {"price": "0.98", "size": "2450"}, {"price": "0.97", "size": "8.2"}, {"price": "0.95", "size": "20"}, {"price": "0.93", "size": "3414.28"}, {"price": "0.92", "size": "8.17"}, {"price": "0.89", "size": "309.09"}, {"price": "0.86", "size": "228.57"}, {"price": "0.85", "size": "1875"}, {"price": "0.84", "size": "250"}, {"price": "0.83", "size": "164.7"}, {"price": "0.8", "size": "800"}, {"price": "0.79", "size": "123.8"}, {"price": "0.76", "size": "100"}, {"price": "0.75", "size": "550"}, {"price": "0.74", "size": "7"}, {"price": "0.73", "size": "50"}, {"price": "0.72", "size": "71.42"}, {"price": "0.68", "size": "20"}, {"price": "0.65", "size": "275"}, {"price": "0.56", "size": "16.73"}, {"price": "0.54", "size": "200"}, {"price": "0.53", "size": "500"}, {"price": "0.49", "size": "125"}, {"price": "0.48", "size": "100"}, {"price": "0.46", "size": "188"}, {"price": "0.45", "size": "518.63"}, {"price": "0.44", "size": "66.66"}, {"price": "0.43", "size": "100"}, {"price": "0.42", "size": "18.96"}, {"price": "0.39", "size": "66.66"}, {"price": "0.35", "size": "30.3"}, {"price": "0.33", "size": "66.66"}], "event_type": "book", "last_trade_price": "0.680"}]}
{"_local_timestamp": "2026-01-25T23:33:38.197687+00:00", "data": {"market": "0x7afb0968d23370cf4daf85e6a483c45197181ffbc26122465af70ee15e56d286", "price_changes": [{"asset_id": "63360646175488031611133855389183515534733634266770407912899019617490090363649", "price": "0.35", "size": "0", "side": "SELL", "hash": "bde83638be1eba05c8fd991c9d76448b8d97e965", "best_bid": "0.3", "best_ask": "0.33"}, {"asset_id": "1613696185017940937106251472506729214596352156507375779024162693253286039648", "price": "0.65", "size": "0", "side": "BUY", "hash": "3982ea955a304b83495a3d963584282829b43c92", "best_bid": "0.67", "best_ask": "0.7"}], "timestamp": "1769384018106", "event_type": "price_change"}}
{"_local_timestamp": "2026-01-25T23:33:39.408743+00:00", "data": {"market": "0x7afb0968d23370cf4daf85e6a483c45197181ffbc26122465af70ee15e56d286", "price_changes": [{"asset_id": "1613696185017940937106251472506729214596352156507375779024162693253286039648", "price": "0.58", "size": "48.96", "side": "BUY", "hash": "e7ed0f1264f838ebb4b288485f7b5d3d1ed6ac3a", "best_bid": "0.67", "best_ask": "0.7"}, {"asset_id": "63360646175488031611133855389183515534733634266770407912899019617490090363649", "price": "0.42", "size": "48.96", "side": "SELL", "hash": "101c399138c384f545dbb93c4f4bcace16d3fee5", "best_bid": "0.3", "best_ask": "0.33"}], "timestamp": "1769384019341", "event_type": "price_change"}}
{"_local_timestamp": "2026-01-25T23:33:40.128639+00:00", "data": {"market": "0x7afb0968d23370cf4daf85e6a483c45197181ffbc26122465af70ee15e56d286", "price_changes": [{"asset_id": "1613696185017940937106251472506729214596352156507375779024162693253286039648", "price": "0.57", "size": "0", "side": "BUY", "hash": "32754b876290277fc834a80c41e24e75c03abd24", "best_bid": "0.67", "best_ask": "0.7"}, {"asset_id": "63360646175488031611133855389183515534733634266770407912899019617490090363649", "price": "0.43", "size": "0", "side": "SELL", "hash": "932dcc565b49961804b1b188e95566bcda71a0da", "best_bid": "0.3", "best_ask": "0.33"}], "timestamp": "1769384020032", "event_type": "price_change"}}
{"_local_timestamp": "2026-01-25T23:33:40.927728+00:00", "data": {"market": "0x7afb0968d23370cf4daf85e6a483c45197181ffbc26122465af70ee15e56d286", "price_changes": [{"asset_id": "1613696185017940937106251472506729214596352156507375779024162693253286039648", "price": "0.62", "size": "100", "side": "BUY", "hash": "21cdd187311929f640ec7e19ea72d8ac176ec385", "best_bid": "0.67", "best_ask": "0.7"}, {"asset_id": "63360646175488031611133855389183515534733634266770407912899019617490090363649", "price": "0.38", "size": "100", "side": "SELL", "hash": "bfc9ceab1ec880eecaef61c2c59b5b5caf5014b3", "best_bid": "0.3", "best_ask": "0.33"}], "timestamp": "1769384020847", "event_type": "price_change"}}
{"_local_timestamp": "2026-01-25T23:33:45.411281+00:00", "data": {"market": "0x7afb0968d23370cf4daf85e6a483c45197181ffbc26122465af70ee15e56d286", "price_changes": [{"asset_id": "1613696185017940937106251472506729214596352156507375779024162693253286039648", "price": "0.63", "size": "30", "side": "BUY", "hash": "70248e4eca4b3d4ef8ca0b9a563ac8004ebdea04", "best_bid": "0.67", "best_ask": "0.7"}, {"asset_id": "63360646175488031611133855389183515534733634266770407912899019617490090363649", "price": "0.37", "size": "30", "side": "SELL", "hash": "094defce737cd8717b6baacf35017bff92cc2c58", "best_bid": "0.3", "best_ask": "0.33"}], "timestamp": "1769384025334", "event_type": "price_change"}}
{"_local_timestamp": "2026-01-25T23:33:45.689207+00:00", "data": {"market": "0x7afb0968d23370cf4daf85e6a483c45197181ffbc26122465af70ee15e56d286", "price_changes": [{"asset_id": "1613696185017940937106251472506729214596352156507375779024162693253286039648", "price": "0.58", "size": "18.96", "side": "BUY", "hash": "64c8192d803033b47f708c7e12863e82f854d490", "best_bid": "0.67", "best_ask": "0.7"}, {"asset_id": "63360646175488031611133855389183515534733634266770407912899019617490090363649", "price": "0.42", "size": "18.96", "side": "SELL", "hash": "d28e025aaab60a33a9c47aee3ffb4d1cbbe92b5c", "best_bid": "0.3", "best_ask": "0.33"}], "timestamp": "1769384025618", "event_type": "price_change"}}
{"_local_timestamp": "2026-01-25T23:33:46.706242+00:00", "data": {"market": "0x7afb0968d23370cf4daf85e6a483c45197181ffbc26122465af70ee15e56d286", "price_changes": [{"asset_id": "63360646175488031611133855389183515534733634266770407912899019617490090363649", "price": "0.37", "size": "60.3", "side": "SELL", "hash": "c90299d2980d548d6556e0bedf9c3c0958424ff1", "best_bid": "0.3", "best_ask": "0.33"}, {"asset_id": "1613696185017940937106251472506729214596352156507375779024162693253286039648", "price": "0.63", "size": "60.3", "side": "BUY", "hash": "f49282aa7cbad1ca8dfcdb586ad9806a24fcb447", "best_bid": "0.67", "best_ask": "0.7"}], "timestamp": "1769384026640", "event_type": "price_change"}}
{"_local_timestamp": "2026-01-25T23:33:48.885295+00:00", "data": {"market": "0x7afb0968d23370cf4daf85e6a483c45197181ffbc26122465af70ee15e56d286", "price_changes": [{"asset_id": "1613696185017940937106251472506729214596352156507375779024162693253286039648", "price": "0.62", "size": "0", "side": "BUY", "hash": "0baec3720823df7590c249af3f963f82aed968e8", "best_bid": "0.67", "best_ask": "0.7"}, {"asset_id": "63360646175488031611133855389183515534733634266770407912899019617490090363649", "price": "0.38", "size": "0", "side": "SELL", "hash": "b95f56520f7571d897304f9b54546e2a952732af", "best_bid": "0.3", "best_ask": "0.33"}], "timestamp": "1769384028816", "event_type": "price_change"}}
{"_local_timestamp": "2026-01-25T23:33:49.594381+00:00", "data": {"market": "0x7afb0968d23370cf4daf85e6a483c45197181ffbc26122465af70ee15e56d286", "price_changes": [{"asset_id": "1613696185017940937106251472506729214596352156507375779024162693253286039648", "price": "0.64", "size": "100", "side": "BUY", "hash": "5b5f632c6651eb9cc17f4fcaa04b0744a3f2f6f4", "best_bid": "0.67", "best_ask": "0.7"}, {"asset_id": "63360646175488031611133855389183515534733634266770407912899019617490090363649", "price": "0.36", "size": "100", "side": "SELL", "hash": "9a6b2ff8904ffe2372f99168b6c0c509ac3e0f70", "best_bid": "0.3", "best_ask": "0.33"}], "timestamp": "1769384029528", "event_type": "price_change"}}
{"_local_timestamp": "2026-01-25T23:33:51.750280+00:00", "data": {"market": "0x7afb0968d23370cf4daf85e6a483c45197181ffbc26122465af70ee15e56d286", "price_changes": [{"asset_id": "1613696185017940937106251472506729214596352156507375779024162693253286039648", "price": "0.63", "size": "30.3", "side": "BUY", "hash": "f05e072e1301b3859f36bca4da69758ae1ea5b81", "best_bid": "0.67", "best_ask": "0.7"}, {"asset_id": "63360646175488031611133855389183515534733634266770407912899019617490090363649", "price": "0.37", "size": "30.3", "side": "SELL", "hash": "4a4d30dcbac345592774325bf597d33dd0b4cfd8", "best_bid": "0.3", "best_ask": "0.33"}], "timestamp": "1769384031680", "event_type": "price_change"}}
{"_local_timestamp": "2026-01-25T23:33:53.470173+00:00", "data": {"market": "0x7afb0968d23370cf4daf85e6a483c45197181ffbc26122465af70ee15e56d286", "price_changes": [{"asset_id": "1613696185017940937106251472506729214596352156507375779024162693253286039648", "price": "0.64", "size": "0", "side": "BUY", "hash": "e9c5e5ef8d48984497759903ce7c9560ea3c8739", "best_bid": "0.67", "best_ask": "0.7"}, {"asset_id": "63360646175488031611133855389183515534733634266770407912899019617490090363649", "price": "0.36", "size": "0", "side": "SELL", "hash": "1894db1c2f374e471b6adbb60cec6a3899d7e5e7", "best_bid": "0.3", "best_ask": "0.33"}], "timestamp": "1769384033404", "event_type": "price_change"}}
{"_local_timestamp": "2026-01-25T23:33:54.143568+00:00", "data": {"market": "0x7afb0968d23370cf4daf85e6a483c45197181ffbc26122465af70ee15e56d286", "price_changes": [{"asset_id": "1613696185017940937106251472506729214596352156507375779024162693253286039648", "price": "0.57", "size": "100", "side": "BUY", "hash": "387a5720b8a3cdc88d025ef2b566f9b38276bed1", "best_bid": "0.67", "best_ask": "0.7"}, {"asset_id": "63360646175488031611133855389183515534733634266770407912899019617490090363649", "price": "0.43", "size": "100", "side": "SELL", "hash": "c18447bf49ac06f93ebe1b6f5084efe0934286a2", "best_bid": "0.3", "best_ask": "0.33"}], "timestamp": "1769384034077", "event_type": "price_change"}}
{"_local_timestamp": "2026-01-25T23:33:57.565779+00:00", "data": {"market": "0x7afb0968d23370cf4daf85e6a483c45197181ffbc26122465af70ee15e56d286", "price_changes": [{"asset_id": "1613696185017940937106251472506729214596352156507375779024162693253286039648", "price": "0.64", "size": "30", "side": "BUY", "hash": "efa224a6c63c2891e01fb16d9e61eebe72ffe153", "best_bid": "0.67", "best_ask": "0.7"}, {"asset_id": "63360646175488031611133855389183515534733634266770407912899019617490090363649", "price": "0.36", "size": "30", "side": "SELL", "hash": "6f8b293a0205407430ec74049c4ad9fcf2bbc0fb", "best_bid": "0.3", "best_ask": "0.33"}], "timestamp": "1769384037500", "event_type": "price_change"}}
{"_local_timestamp": "2026-01-25T23:35:14.034890+00:00", "data": {"market": "0x7afb0968d23370cf4daf85e6a483c45197181ffbc26122465af70ee15e56d286", "price_changes": [{"asset_id": "1613696185017940937106251472506729214596352156507375779024162693253286039648", "price": "0.67", "size": "0", "side": "BUY", "hash": "f08e4ac8449ce7f5e7fbc53e8939149dbc61ed50", "best_bid": "0.64", "best_ask": "0.7"}, {"asset_id": "63360646175488031611133855389183515534733634266770407912899019617490090363649", "price": "0.33", "size": "0", "side": "SELL", "hash": "7e3aa43c2d09e6d38ba89221eb84a9e48836a010", "best_bid": "0.3", "best_ask": "0.36"}], "timestamp": "1769384113820", "event_type": "price_change"}}
{"_local_timestamp": "2026-01-25T23:35:14.634287+00:00", "data": {"market": "0x7afb0968d23370cf4daf85e6a483c45197181ffbc26122465af70ee15e56d286", "price_changes": [{"asset_id": "63360646175488031611133855389183515534733634266770407912899019617490090363649", "price": "0.14", "size": "142.85", "side": "BUY", "hash": "68480afddeecf451f2987e73e155cbfe99c05d7d", "best_bid": "0.3", "best_ask": "0.36"}, {"asset_id": "1613696185017940937106251472506729214596352156507375779024162693253286039648", "price": "0.86", "size": "142.85", "side": "SELL", "hash": "2bd8db4a0ec06159a27867fe50b20d43e16ef651", "best_bid": "0.64", "best_ask": "0.7"}], "timestamp": "1769384114439", "event_type": "price_change"}}
{"_local_timestamp": "2026-01-25T23:35:14.727220+00:00", "data": {"market": "0x7afb0968d23370cf4daf85e6a483c45197181ffbc26122465af70ee15e56d286", "price_changes": [{"asset_id": "63360646175488031611133855389183515534733634266770407912899019617490090363649", "price": "0.13", "size": "184.61", "side": "BUY", "hash": "42cc0d7665c0dd99fe5139a2239b98522c3e7953", "best_bid": "0.3", "best_ask": "0.36"}, {"asset_id": "1613696185017940937106251472506729214596352156507375779024162693253286039648", "price": "0.87", "size": "184.61", "side": "SELL", "hash": "98a8308fdb39160d8e929a1d57eb9c576a5b1d35", "best_bid": "0.64", "best_ask": "0.7"}], "timestamp": "1769384114498", "event_type": "price_change"}}
{"_local_timestamp": "2026-01-25T23:35:14.793720+00:00", "data": {"market": "0x7afb0968d23370cf4daf85e6a483c45197181ffbc26122465af70ee15e56d286", "price_changes": [{"asset_id": "63360646175488031611133855389183515534733634266770407912899019617490090363649", "price": "0.11", "size": "236.36", "side": "BUY", "hash": "02ef0e2fbb82e4a76e99f2c7836be63e9826e808", "best_bid": "0.3", "best_ask": "0.36"}, {"asset_id": "1613696185017940937106251472506729214596352156507375779024162693253286039648", "price": "0.89", "size": "236.36", "side": "SELL", "hash": "00acd7b07adac207b8e266e838c7c2652a29462d", "best_bid": "0.64", "best_ask": "0.7"}], "timestamp": "1769384114598", "event_type": "price_change"}}
{"_local_timestamp": "2026-01-25T23:35:14.856414+00:00", "data": {"market": "0x7afb0968d23370cf4daf85e6a483c45197181ffbc26122465af70ee15e56d286", "price_changes": [{"asset_id": "63360646175488031611133855389183515534733634266770407912899019617490090363649", "price": "0.09", "size": "2311.11", "side": "BUY", "hash": "cd6b42f7caab1c16f4880721bf17d239fe24f075", "best_bid": "0.3", "best_ask": "0.36"}, {"asset_id": "1613696185017940937106251472506729214596352156507375779024162693253286039648", "price": "0.91", "size": "2311.11", "side": "SELL", "hash": "d18bc70de77bee43f4cd1201453f331ce607fd4e", "best_bid": "0.64", "best_ask": "0.7"}], "timestamp": "1769384114658", "event_type": "price_change"}}
{"_local_timestamp": "2026-01-25T23:35:14.917410+00:00", "data": {"market": "0x7afb0968d23370cf4daf85e6a483c45197181ffbc26122465af70ee15e56d286", "price_changes": [{"asset_id": "63360646175488031611133855389183515534733634266770407912899019617490090363649", "price": "0.07", "size": "457.14", "side": "BUY", "hash": "cca317a8b2e3a05c207265e23186a4876ca58ea0", "best_bid": "0.3", "best_ask": "0.36"}, {"asset_id": "1613696185017940937106251472506729214596352156507375779024162693253286039648", "price": "0.93", "size": "457.14", "side": "SELL", "hash": "81981438954347f3fd494843dd22e51d0685c532", "best_bid": "0.64", "best_ask": "0.7"}], "timestamp": "1769384114724", "event_type": "price_change"}}
{"_local_timestamp": "2026-01-25T23:35:14.962885+00:00", "data": {"market": "0x7afb0968d23370cf4daf85e6a483c45197181ffbc26122465af70ee15e56d286", "price_changes": [{"asset_id": "63360646175488031611133855389183515534733634266770407912899019617490090363649", "price": "0.05", "size": "680", "side": "BUY", "hash": "af128308a04778666fbf3f4c833e015da93a49ee", "best_bid": "0.3", "best_ask": "0.36"}, {"asset_id": "1613696185017940937106251472506729214596352156507375779024162693253286039648", "price": "0.95", "size": "680", "side": "SELL", "hash": "74f4d0cb1dabc20e3d60d67e55b0a928ca15d9a7", "best_bid": "0.64", "best_ask": "0.7"}], "timestamp": "1769384114769", "event_type": "price_change"}}
{"_local_timestamp": "2026-01-25T23:35:15.019059+00:00", "data": {"market": "0x7afb0968d23370cf4daf85e6a483c45197181ffbc26122465af70ee15e56d286", "price_changes": [{"asset_id": "63360646175488031611133855389183515534733634266770407912899019617490090363649", "price": "0.04", "size": "1207.82", "side": "BUY", "hash": "2b2b74b0afb8a773ef809143941e8693a9e7fb47", "best_bid": "0.3", "best_ask": "0.36"}, {"asset_id": "1613696185017940937106251472506729214596352156507375779024162693253286039648", "price": "0.96", "size": "1207.82", "side": "SELL", "hash": "8c36dcbd0858cbe91be08dc0c2975778ad1414a8", "best_bid": "0.64", "best_ask": "0.7"}], "timestamp": "1769384114819", "event_type": "price_change"}}
{"_local_timestamp": "2026-01-25T23:35:15.066878+00:00", "data": {"market": "0x7afb0968d23370cf4daf85e6a483c45197181ffbc26122465af70ee15e56d286", "price_changes": [{"asset_id": "1613696185017940937106251472506729214596352156507375779024162693253286039648", "price": "0.65", "size": "66.66", "side": "BUY", "hash": "d730f1831dcd582fb6f64e419f260ad3755a1a7f", "best_bid": "0.65", "best_ask": "0.7"}, {"asset_id": "63360646175488031611133855389183515534733634266770407912899019617490090363649", "price": "0.35", "size": "66.66", "side": "SELL", "hash": "cb6582f092e09bfee37c2f0022d42cbd27370fef", "best_bid": "0.3", "best_ask": "0.35"}], "timestamp": "1769384114863", "event_type": "price_change"}}
{"_local_timestamp": "2026-01-25T23:35:17.067946+00:00", "data": {"market": "0x7afb0968d23370cf4daf85e6a483c45197181ffbc26122465af70ee15e56d286", "price_changes": [{"asset_id": "1613696185017940937106251472506729214596352156507375779024162693253286039648", "price": "0.66", "size": "30", "side": "BUY", "hash": "653a5fa7b99761777c48255ebbf7e9bc64a0c8ed", "best_bid": "0.66", "best_ask": "0.7"}, {"asset_id": "63360646175488031611133855389183515534733634266770407912899019617490090363649", "price": "0.34", "size": "30", "side": "SELL", "hash": "dc94e2910f86ccd0d3a2e336ca099db8a20af351", "best_bid": "0.3", "best_ask": "0.34"}], "timestamp": "1769384116867", "event_type": "price_change"}}
{"_local_timestamp": "2026-01-25T23:35:17.159323+00:00", "data": {"market": "0x7afb0968d23370cf4daf85e6a483c45197181ffbc26122465af70ee15e56d286", "price_changes": [{"asset_id": "1613696185017940937106251472506729214596352156507375779024162693253286039648", "price": "0.65", "size": "96.66", "side": "BUY", "hash": "4bfba9f4dd9fb2539cec4472392a369f54437d69", "best_bid": "0.66", "best_ask": "0.7"}, {"asset_id": "63360646175488031611133855389183515534733634266770407912899019617490090363649", "price": "0.35", "size": "96.66", "side": "SELL", "hash": "85f58ab724415a862c3f514e74974458e2d3588b", "best_bid": "0.3", "best_ask": "0.34"}], "timestamp": "1769384116949", "event_type": "price_change"}}
{"_local_timestamp": "2026-01-25T23:35:17.334233+00:00", "data": {"market": "0x7afb0968d23370cf4daf85e6a483c45197181ffbc26122465af70ee15e56d286", "price_changes": [{"asset_id": "63360646175488031611133855389183515534733634266770407912899019617490090363649", "price": "0.09", "size": "2000", "side": "BUY", "hash": "53aa8813a85ccb7e370e68d7bdac13892d7b20d8", "best_bid": "0.3", "best_ask": "0.34"}, {"asset_id": "1613696185017940937106251472506729214596352156507375779024162693253286039648", "price": "0.91", "size": "2000", "side": "SELL", "hash": "28298a7b6890574112b917e6d41942ae50ebf55f", "best_bid": "0.66", "best_ask": "0.7"}], "timestamp": "1769384117122", "event_type": "price_change"}}
{"_local_timestamp": "2026-01-25T23:35:17.334623+00:00", "data": {"market": "0x7afb0968d23370cf4daf85e6a483c45197181ffbc26122465af70ee15e56d286", "price_changes": [{"asset_id": "63360646175488031611133855389183515534733634266770407912899019617490090363649", "price": "0.07", "size": "0", "side": "BUY", "hash": "53aa8813a85ccb7e370e68d7bdac13892d7b20d8", "best_bid": "0.3", "best_ask": "0.34"}, {"asset_id": "1613696185017940937106251472506729214596352156507375779024162693253286039648", "price": "0.93", "size": "0", "side": "SELL", "hash": "28298a7b6890574112b917e6d41942ae50ebf55f", "best_bid": "0.66", "best_ask": "0.7"}], "timestamp": "1769384117122", "event_type": "price_change"}}
{"_local_timestamp": "2026-01-25T23:35:17.335058+00:00", "data": {"market": "0x7afb0968d23370cf4daf85e6a483c45197181ffbc26122465af70ee15e56d286", "price_changes": [{"asset_id": "63360646175488031611133855389183515534733634266770407912899019617490090363649", "price": "0.14", "size": "0", "side": "BUY", "hash": "53aa8813a85ccb7e370e68d7bdac13892d7b20d8", "best_bid": "0.3", "best_ask": "0.34"}, {"asset_id": "1613696185017940937106251472506729214596352156507375779024162693253286039648", "price": "0.86", "size": "0", "side": "SELL", "hash": "28298a7b6890574112b917e6d41942ae50ebf55f", "best_bid": "0.66", "best_ask": "0.7"}], "timestamp": "1769384117122", "event_type": "price_change"}}
{"_local_timestamp": "2026-01-25T23:35:17.335441+00:00", "data": {"market": "0x7afb0968d23370cf4daf85e6a483c45197181ffbc26122465af70ee15e56d286", "price_changes": [{"asset_id": "63360646175488031611133855389183515534733634266770407912899019617490090363649", "price": "0.11", "size": "0", "side": "BUY", "hash": "53aa8813a85ccb7e370e68d7bdac13892d7b20d8", "best_bid": "0.3", "best_ask": "0.34"}, {"asset_id": "1613696185017940937106251472506729214596352156507375779024162693253286039648", "price": "0.89", "size": "0", "side": "SELL", "hash": "28298a7b6890574112b917e6d41942ae50ebf55f", "best_bid": "0.66", "best_ask": "0.7"}], "timestamp": "1769384117122", "event_type": "price_change"}}
{"_local_timestamp": "2026-01-25T23:35:17.335785+00:00", "data": {"market": "0x7afb0968d23370cf4daf85e6a483c45197181ffbc26122465af70ee15e56d286", "price_changes": [{"asset_id": "63360646175488031611133855389183515534733634266770407912899019617490090363649", "price": "0.04", "size": "307.82", "side": "BUY", "hash": "53aa8813a85ccb7e370e68d7bdac13892d7b20d8", "best_bid": "0.3", "best_ask": "0.34"}, {"asset_id": "1613696185017940937106251472506729214596352156507375779024162693253286039648", "price": "0.96", "size": "307.82", "side": "SELL", "hash": "28298a7b6890574112b917e6d41942ae50ebf55f", "best_bid": "0.66", "best_ask": "0.7"}], "timestamp": "1769384117122", "event_type": "price_change"}}
{"_local_timestamp": "2026-01-25T23:35:17.336106+00:00", "data": {"market": "0x7afb0968d23370cf4daf85e6a483c45197181ffbc26122465af70ee15e56d286", "price_changes": [{"asset_id": "63360646175488031611133855389183515534733634266770407912899019617490090363649", "price": "0.13", "size": "0", "side": "BUY", "hash": "53aa8813a85ccb7e370e68d7bdac13892d7b20d8", "best_bid": "0.3", "best_ask": "0.34"}, {"asset_id": "1613696185017940937106251472506729214596352156507375779024162693253286039648", "price": "0.87", "size": "0", "side": "SELL", "hash": "28298a7b6890574112b917e6d41942ae50ebf55f", "best_bid": "0.66", "best_ask": "0.7"}], "timestamp": "1769384117122", "event_type": "price_change"}}
{"_local_timestamp": "2026-01-25T23:35:17.336479+00:00", "data": {"market": "0x7afb0968d23370cf4daf85e6a483c45197181ffbc26122465af70ee15e56d286", "price_changes": [{"asset_id": "63360646175488031611133855389183515534733634266770407912899019617490090363649", "price": "0.05", "size": "0", "side": "BUY", "hash": "53aa8813a85ccb7e370e68d7bdac13892d7b20d8", "best_bid": "0.3", "best_ask": "0.34"}, {"asset_id": "1613696185017940937106251472506729214596352156507375779024162693253286039648", "price": "0.95", "size": "0", "side": "SELL", "hash": "28298a7b6890574112b917e6d41942ae50ebf55f", "best_bid": "0.66", "best_ask": "0.7"}], "timestamp": "1769384117122", "event_type": "price_change"}}
{"_local_timestamp": "2026-01-25T23:35:17.366562+00:00", "data": {"market": "0x7afb0968d23370cf4daf85e6a483c45197181ffbc26122465af70ee15e56d286", "price_changes": [{"asset_id": "1613696185017940937106251472506729214596352156507375779024162693253286039648", "price": "0.64", "size": "0", "side": "BUY", "hash": "8e5007d9c52593eed988dc8f6d7008c3830dc310", "best_bid": "0.66", "best_ask": "0.7"}, {"asset_id": "63360646175488031611133855389183515534733634266770407912899019617490090363649", "price": "0.36", "size": "0", "side": "SELL", "hash": "a460079a7edd4c7895f594044432253c3c0c0ab9", "best_bid": "0.3", "best_ask": "0.34"}], "timestamp": "1769384117153", "event_type": "price_change"}}
{"_local_timestamp": "2026-01-25T23:35:18.651897+00:00", "data": {"market": "0x7afb0968d23370cf4daf85e6a483c45197181ffbc26122465af70ee15e56d286", "price_changes": [{"asset_id": "1613696185017940937106251472506729214596352156507375779024162693253286039648", "price": "0.65", "size": "66.66", "side": "BUY", "hash": "6b27ea779d626755dfd99d6a0bf2b292b87518ac", "best_bid": "0.66", "best_ask": "0.7"}, {"asset_id": "63360646175488031611133855389183515534733634266770407912899019617490090363649", "price": "0.35", "size": "66.66", "side": "SELL", "hash": "49c56ad49a8e055507df2780a4203b06dd089206", "best_bid": "0.3", "best_ask": "0.34"}], "timestamp": "1769384118452", "event_type": "price_change"}}
