{"_local_timestamp": "2026-01-25T23:34:15.675627+00:00", "data": [{"market": "0xef7a53f788d4944f5a5cea27654e37750dd7c4ef41883252758fbbaf6dafe3d2", "asset_id": "23207042252819261017369532131011933879132582764301659082588890793058488450146", "timestamp": "1769382483680", "hash": "ed1b45ae741374c8c015e2eb342554148105bda1", "bids": [{"price": "0.01", "size": "628.34"}, {"price": "0.02", "size": "163.62"}, {"price": "0.03", "size": "41.76"}, {"price": "0.04", "size": "306.34"}, {"price": "0.05", "size": "489.61"}, {"price": "0.06", "size": "277"}, {"price": "0.07", "size": "323.05"}], "asks": [{"price": "0.99", "size": "614.69"}, {"price": "0.98", "size": "788.64"}, {"price": "0.97", "size": "108"}, {"price": "0.96", "size": "6.17"}, {"price": "0.95", "size": "172"}, {"price": "0.94", "size": "51.07"}], "event_type": "book", "last_trade_price": ""}, {"market": "0xa64dedef3dfbfefc8efb620ad660c0b5dacd9735c59090744f2a589d638aea2e", "asset_id": "54898413997843312503858954524940602710234302834307571529743044921524500519820", "timestamp": "1769382483680", "hash": "7fbaf5b8d762521f80f432568a51c56195825334", "bids": [{"price": "0.01", "size": "628.34"}, {"price": "0.02", "size": "163.62"}, {"price": "0.03", "size": "41.76"}, {"price": "0.04", "size": "306.34"}, {"price": "0.05", "size": "489.61"}, {"price": "0.06", "size": "277"}, {"price": "0.07", "size": "323.05"}], "asks": [{"price": "0.99", "size": "614.69"}, {"price": "0.98", "size": "788.64"}, {"price": "0.97", "size": "108"}, {"price": "0.96", "size": "6.17"}, {"price": "0.95", "size": "172"}, {"price": "0.94", "size": "55.07"}], "event_type": "book", "last_trade_price": ""}, {"market": "0xd5290eca396e26a55e5edd26d54e12e0e8adc1ca9e1b2702ec7480617a8ab150", "asset_id": "71972233954648429745780691511194827221490911815272305880515501027417707973563", "timestamp": "1769383986977", "hash": "c242fbcb25aea45e3a4d66310ad6be12504d3cc8", "bids": [{"price": "0.01", "size": "225.87"}, {"price": "0.02", "size": "161.27"}, {"price": "0.03", "size": "627.89"}, {"price": "0.04", "size": "330.24"}, {"price": "0.05", "size": "487.95"}, {"price": "0.06", "size": "276"}, {"price": "0.07", "size": "324.83"}], "asks": [{"price": "0.99", "size": "614.69"}, {"price": "0.98", "size": "788.64"}, {"price": "0.97", "size": "108"}, {"price": "0.96", "size": "6.17"}, {"price": "0.95", "size": "172"}, {"price": "0.94", "size": "54.27"}], "event_type": "book", "last_trade_price": ""}, {"market": "0xd5290eca396e26a55e5edd26d54e12e0e8adc1ca9e1b2702ec7480617a8ab150", "asset_id": "69320279524138546784375378952878666440835386822459277903378098289175314334524", "timestamp": "1769383986977", "hash": "65d243a622265f667f86c4d4a5ea7e4fc717e04f", "bids": [{"price": "0.01", "size": "614.69"}, {"price": "0.02", "size": "788.64"}, {"price": "0.03", "size": "108"}, {"price": "0.04", "size": "6.17"}, {"price": "0.05", "size": "172"}, {"price": "0.06", "size": "54.27"}], "asks": [{"price": "0.99", "size": "225.87"}, {"price": "0.98", "size": "161.27"}, {"price": "0.97", "size": "627.89"}, {"price": "0.96", "size": "330.24"}, {"price": "0.95", "size": "487.95"}, {"price": "0.94", "size": "276"}, {"price": "0.93", "size": "324.83"}], "event_type": "book", "last_trade_price": ""}, {"market": "0xa64dedef3dfbfefc8efb620ad660c0b5dacd9735c59090744f2a589d638aea2e", "asset_id": "6632504869127619308052957506652928546624045105500176735363492921185704189881", "timestamp": "1769382483680", "hash": "dc19510a807d62ff761e84ff5d40d9a1d22158ae", "bids": [{"price": "0.01", "size": "614.69"}, {"price": "0.02", "size": "788.64"}, {"price": "0.03", "size": "108"}, {"price": "0.04", "size": "6.17"}, {"price": "0.05", "size": "172"}, {"price": "0.06", "size": "55.07"}], "asks": [{"price": "0.99", "size": "628.34"}, {"price": "0.98", "size": "163.62"}, {"price": "0.97", "size": "41.76"}, {"price": "0.96", "size": "306.34"}, {"price": "0.95", "size": "489.61"}, {"price": "0.94", "size": "277"}, {"price": "0.93", "size": "323.05"}], "event_type": "book", "last_trade_price": ""}, {"market": "0xef7a53f788d4944f5a5cea27654e37750dd7c4ef41883252758fbbaf6dafe3d2", "asset_id": "36266987687531838902835128015451822054413761712640206070062394891098939919498", "timestamp": "1769382483680", "hash": "73d4f79b0c99166ed9acf2adde6b186888f67234", "bids": [{"price": "0.01", "size": "614.69"}, {"price": "0.02", "size": "788.64"}, {"price": "0.03", "size": "108"}, {"price": "0.04", "size": "6.17"}, {"price": "0.05", "size": "172"}, {"price": "0.06", "size": "51.07"}], "asks": [{"price": "0.99", "size": "628.34"}, {"price": "0.98", "size": "163.62"}, {"price": "0.97", "size": "41.76"}, {"price": "0.96", "size": "306.34"}, {"price": "0.95", "size": "489.61"}, {"price": "0.94", "size": "277"}, {"price": "0.93", "size": "323.05"}], "event_type": "book", "last_trade_price": ""}]}
