{"_local_timestamp": "2026-01-25T23:34:15.186988+00:00", "data": [{"market": "0xaa2d7f54c55bbef5b0263d82332943c714086bd7f4a7ecc4215240b36ed337fc", "asset_id": "58981614030189050786835644939680936286560725818597507688699103025297874186903", "timestamp": "1769382792380", "hash": "e058f1d39571f0ed5d5d18d98447d08fae2724a2", "bids": [{"price": "0.01", "size": "230.45"}, {"price": "0.02", "size": "161.27"}, {"price": "0.03", "size": "656.91"}, {"price": "0.04", "size": "305.24"}, {"price": "0.05", "size": "412.95"}, {"price": "0.06", "size": "108"}, {"price": "0.07", "size": "166.22"}, {"price": "0.08", "size": "158"}], "asks": [{"price": "0.99", "size": "614.69"}, {"price": "0.98", "size": "663.64"}, {"price": "0.97", "size": "233"}, {"price": "0.96", "size": "22.17"}, {"price": "0.95", "size": "80"}, {"price": "0.94", "size": "55.07"}], "event_type": "book", "last_trade_price": ""}, {"market": "0xa1bc1a78746caa47ca87942a3ee746da6d28cfde8d300d6f6268010897cadcf9", "asset_id": "55640829108522981411582902905089822431593159282193533053607295838932952093840", "timestamp": "1769382483680", "hash": "1aef0cf8aeab8ad51817d2b2e85552e4376dc1c9", "bids": [{"price": "0.01", "size": "614.69"}, {"price": "0.02", "size": "788.64"}, {"price": "0.03", "size": "108"}, {"price": "0.04", "size": "6.17"}, {"price": "0.05", "size": "141"}, {"price": "0.06", "size": "55.07"}], "asks": [{"price": "0.99", "size": "430.81"}, {"price": "0.98", "size": "436.27"}, {"price": "0.97", "size": "17.51"}, {"price": "0.96", "size": "525"}, {"price": "0.95", "size": "288.94"}, {"price": "0.94", "size": "33"}, {"price": "0.93", "size": "95.06"}, {"price": "0.92", "size": "158"}], "event_type": "book", "last_trade_price": ""}, {"market": "0x17220950994760e604044ffdf45639e6b4aa01d48d9f773b00c27f6ed8104b03", "asset_id": "67754649003946057554257086789853144420736703593562467867860934418268720376060", "timestamp": "1769383079912", "hash": "d0b1bce542bfee9ee70bd2680711212a91d89426", "bids": [{"price": "0.01", "size": "229.58"}, {"price": "0.02", "size": "162.37"}, {"price": "0.03", "size": "658.83"}, {"price": "0.04", "size": "306.34"}, {"price": "0.05", "size": "489.61"}, {"price": "0.06", "size": "33"}, {"price": "0.07", "size": "144.39"}, {"price": "0.08", "size": "316.66"}], "asks": [{"price": "0.99", "size": "614.69"}, {"price": "0.98", "size": "663.64"}, {"price": "0.97", "size": "233"}, {"price": "0.96", "size": "22.17"}, {"price": "0.95", "size": "88"}, {"price": "0.94", "size": "44.81"}], "event_type": "book", "last_trade_price": ""}, {"market": "0xaa2d7f54c55bbef5b0263d82332943c714086bd7f4a7ecc4215240b36ed337fc", "asset_id": "77421133032826231357851910046200049887057201919358705467499955992600853348677", "timestamp": "1769382792380", "hash": "4b66572a20bb45fa23dae0b1e82aa7f28bff022f", "bids": [{"price": "0.01", "size": "614.69"}, {"price": "0.02", "size": "663.64"}, {"price": "0.03", "size": "233"}, {"price": "0.04", "size": "22.17"}, {"price": "0.05", "size": "80"}, {"price": "0.06", "size": "55.07"}], "asks": [{"price": "0.99", "size": "230.45"}, {"price": "0.98", "size": "161.27"}, {"price": "0.97", "size": "656.91"}, {"price": "0.96", "size": "305.24"}, {"price": "0.95", "size": "412.95"}, {"price": "0.94", "size": "108"}, {"price": "0.93", "size": "166.22"}, {"price": "0.92", "size": "158"}], "event_type": "book", "last_trade_price": ""}, {"market": "0xa1bc1a78746caa47ca87942a3ee746da6d28cfde8d300d6f6268010897cadcf9", "asset_id": "53002955490037981708474696897768989630340096859725987374600466596686984229654", "timestamp": "1769382483680", "hash": "4433d796d1c6f14d8cee88945dc6fb30530816c7", "bids": [{"price": "0.01", "size": "430.81"}, {"price": "0.02", "size": "436.27"}, {"price": "0.03", "size": "17.51"}, {"price": "0.04", "size": "525"}, {"price": "0.05", "size": "288.94"}, {"price": "0.06", "size": "33"}, {"price": "0.07", "size": "95.06"}, {"price": "0.08", "size": "158"}], "asks": [{"price": "0.99", "size": "614.69"}, {"price": "0.98", "size": "788.64"}, {"price": "0.97", "size": "108"}, {"price": "0.96", "size": "6.17"}, {"price": "0.95", "size": "141"}, {"price": "0.94", "size": "55.07"}], "event_type": "book", "last_trade_price": ""}, {"market": "0x17220950994760e604044ffdf45639e6b4aa01d48d9f773b00c27f6ed8104b03", "asset_id": "25673011221153557800640128399978926903096850507681258564196228587535081864080", "timestamp": "1769383079912", "hash": "78a1bd35a37280166388c7952e951c2a97dc6bd5", "bids": [{"price": "0.01", "size": "614.69"}, {"price": "0.02", "size": "663.64"}, {"price": "0.03", "size": "233"}, {"price": "0.04", "size": "22.17"}, {"price": "0.05", "size": "88"}, {"price": "0.06", "size": "44.81"}], "asks": [{"price": "0.99", "size": "229.58"}, {"price": "0.98", "size": "162.37"}, {"price": "0.97", "size": "658.83"}, {"price": "0.96", "size": "306.34"}, {"price": "0.95", "size": "489.61"}, {"price": "0.94", "size": "33"}, {"price": "0.93", "size": "144.39"}, {"price": "0.92", "size": "316.66"}], "event_type": "book", "last_trade_price": ""}]}
