{"_local_timestamp": "2026-01-25T23:34:16.415829+00:00", "data": [{"market": "0x7c7a86cd3234f8127856e2f8e18df3927bf084456151f207e3283fe235aaba80", "asset_id": "21796781097569377028286055564002925008316047967288093806246624853322312138296", "timestamp": "1769383079925", "hash": "495dd425fec2bb08869d10477d7bacc05844f8a5", "bids": [{"price": "0.01", "size": "450"}, {"price": "0.02", "size": "292"}], "asks": [{"price": "0.99", "size": "468.08"}, {"price": "0.98", "size": "160.56"}, {"price": "0.97", "size": "157.77"}, {"price": "0.95", "size": "11.16"}], "event_type": "book", "last_trade_price": ""}, {"market": "0x1cf9416cc68cb2ab47fa409ef0f94a18b567b0ffa5e2b2568f227f45489b5206", "asset_id": "11994476462711792087462089406979216803074803083466655851017636758804012883540", "timestamp": "1769382483671", "hash": "d8d3bff31234f3924718db07583702f70c8571b8", "bids": [{"price": "0.01", "size": "466.74"}, {"price": "0.02", "size": "158.94"}, {"price": "0.03", "size": "160.44"}, {"price": "0.05", "size": "11.68"}], "asks": [{"price": "0.99", "size": "550"}, {"price": "0.98", "size": "292"}], "event_type": "book", "last_trade_price": ""}, {"market": "0x225b05283c9848a2b0cffe95e14aebba917c2f6dc8d47659d59c9e41957d9457", "asset_id": "48212598690912770339170678577194007009024966096583825368301783850842443262921", "timestamp": "1769382540670", "hash": "b41da01e7261fed10443d2c0c3dbc7c4550e33f0", "bids": [{"price": "0.01", "size": "471.38"}, {"price": "0.02", "size": "298.17"}, {"price": "0.03", "size": "19.42"}, {"price": "0.04", "size": "5.47"}], "asks": [{"price": "0.99", "size": "450"}, {"price": "0.98", "size": "292"}], "event_type": "book", "last_trade_price": ""}, {"market": "0x225b05283c9848a2b0cffe95e14aebba917c2f6dc8d47659d59c9e41957d9457", "asset_id": "8193298729732142046345602055133486065801179432091133878708089036448410563019", "timestamp": "1769382540670", "hash": "d70118a53fa8ad5f9ae8fb780f40207b39457084", "bids": [{"price": "0.01", "size": "450"}, {"price": "0.02", "size": "292"}], "asks": [{"price": "0.99", "size": "471.38"}, {"price": "0.98", "size": "298.17"}, {"price": "0.97", "size": "19.42"}, {"price": "0.96", "size": "5.47"}], "event_type": "book", "last_trade_price": ""}, {"market": "0x9c14b1db3896bc09a9ee6eb15e631b9b56f7ab16836dfe9a12fa98f67df1fc89", "asset_id": "87420407057828297215226581519527491308297153018455975466771345118734878863350", "timestamp": "1769382786206", "hash": "c1729d3470de7e60025e2cf77726588bbabca40e", "bids": [{"price": "0.01", "size": "472.74"}, {"price": "0.02", "size": "160.48"}, {"price": "0.03", "size": "205.65"}, {"price": "0.05", "size": "12.73"}], "asks": [{"price": "0.99", "size": "450"}, {"price": "0.98", "size": "292"}], "event_type": "book", "last_trade_price": ""}, {"market": "0x5a62b15ee66813f8119d6b238e0d2308b54bd25368270829ffe22b2104d5ab38", "asset_id": "64521521269667337344128671071382602120171916574993756563299412912597440945173", "timestamp": "1769382588174", "hash": "d840ce15a993cf50a68205dc1a786d2219429b65", "bids": [{"price": "0.01", "size": "614.79"}, {"price": "0.02", "size": "157.03"}, {"price": "0.03", "size": "12.74"}, {"price": "0.05", "size": "128"}, {"price": "0.06", "size": "43.95"}], "asks": [{"price": "0.99", "size": "614.79"}, {"price": "0.98", "size": "163.72"}, {"price": "0.97", "size": "16"}, {"price": "0.96", "size": "104.21"}, {"price": "0.95", "size": "70"}, {"price": "0.94", "size": "38.48"}], "event_type": "book", "last_trade_price": ""}, {"market": "0x9c14b1db3896bc09a9ee6eb15e631b9b56f7ab16836dfe9a12fa98f67df1fc89", "asset_id": "51366428709729076308884965722880472381963172840577374739125385071642170087188", "timestamp": "1769382786206", "hash": "07d8b0ba87f0d2387e3ee0fc08f110c4ceb0e0eb", "bids": [{"price": "0.01", "size": "450"}, {"price": "0.02", "size": "292"}], "asks": [{"price": "0.99", "size": "472.74"}, {"price": "0.98", "size": "160.48"}, {"price": "0.97", "size": "205.65"}, {"price": "0.95", "size": "12.73"}], "event_type": "book", "last_trade_price": ""}, {"market": "0x5a62b15ee66813f8119d6b238e0d2308b54bd25368270829ffe22b2104d5ab38", "asset_id": "84557645959081261038140811548714550490891589365460796150187260858987240366683", "timestamp": "1769382588174", "hash": "f0095f704139188bec01a4d5fb753d41372a8cf6", "bids": [{"price": "0.01", "size": "614.79"}, {"price": "0.02", "size": "163.72"}, {"price": "0.03", "size": "16"}, {"price": "0.04", "size": "104.21"}, {"price": "0.05", "size": "70"}, {"price": "0.06", "size": "38.48"}], "asks": [{"price": "0.99", "size": "614.79"}, {"price": "0.98", "size": "157.03"}, {"price": "0.97", "size": "12.74"}, {"price": "0.95", "size": "128"}, {"price": "0.94", "size": "43.95"}], "event_type": "book", "last_trade_price": ""}, {"market": "0x1cf9416cc68cb2ab47fa409ef0f94a18b567b0ffa5e2b2568f227f45489b5206", "asset_id": "66965855158328824792610636164781019732422760988072428866186488778424669477905", "timestamp": "1769382483671", "hash": "b8d2f968adc820d670f9910eae7295c113abddb8", "bids": [{"price": "0.01", "size": "550"}, {"price": "0.02", "size": "292"}], "asks": [{"price": "0.99", "size": "466.74"}, {"price": "0.98", "size": "158.94"}, {"price": "0.97", "size": "160.44"}, {"price": "0.95", "size": "11.68"}], "event_type": "book", "last_trade_price": ""}, {"market": "0x7c7a86cd3234f8127856e2f8e18df3927bf084456151f207e3283fe235aaba80", "asset_id": "22147477174618263985591428796449919352663927697621500659060084677486286664261", "timestamp": "1769383079925", "hash": "24946c91e3eaac509b420f4ddab791ee81926ffb", "bids": [{"price": "0.01", "size": "468.08"}, {"price": "0.02", "size": "160.56"}, {"price": "0.03", "size": "157.77"}, {"price": "0.05", "size": "11.16"}], "asks": [{"price": "0.99", "size": "450"}, {"price": "0.98", "size": "292"}], "event_type": "book", "last_trade_price": ""}]}
