{"_local_timestamp": "2026-01-25T23:41:21.185567+00:00", "data": [{"market": "0x4f3ceb6025290a9f93096d37c9369dc292e1ea41c7c68471ccfc98b13a35841a", "asset_id": "50264256219241448254832058599249773675067176838410614480261099358433026103765", "timestamp": "1769382537585", "hash": "fee8757bc244840037269de9ad989b6f2f98cf6e", "bids": [{"price": "0.01", "size": "246.13"}, {"price": "0.02", "size": "157.78"}, {"price": "0.03", "size": "18.99"}, {"price": "0.05", "size": "20"}, {"price": "0.06", "size": "300"}, {"price": "0.07", "size": "205.38"}, {"price": "0.08", "size": "362.5"}, {"price": "0.09", "size": "61.11"}, {"price": "0.1", "size": "7.36"}, {"price": "0.12", "size": "145"}, {"price": "0.15", "size": "6.66"}], "asks": [{"price": "0.99", "size": "240.03"}, {"price": "0.98", "size": "150"}, {"price": "0.97", "size": "5.76"}, {"price": "0.96", "size": "625"}, {"price": "0.95", "size": "175"}, {"price": "0.94", "size": "33"}, {"price": "0.93", "size": "11.08"}, {"price": "0.91", "size": "144.44"}, {"price": "0.9", "size": "182"}, {"price": "0.79", "size": "10"}], "event_type": "book", "last_trade_price": ""}, {"market": "0xd8af461a52d064a59d2d239756a639ac27c31af5f96de88fc329a8f9a344157e", "asset_id": "39140657656632348375681531721182080875162704800567933738180401212726348227828", "timestamp": "1769383983557", "hash": "bed61ce5239b14b8ddf1c37242716329175689ee", "bids": [{"price": "0.01", "size": "243.31"}, {"price": "0.02", "size": "155.55"}, {"price": "0.03", "size": "18.76"}, {"price": "0.05", "size": "20"}, {"price": "0.06", "size": "7.47"}, {"price": "0.07", "size": "300"}, {"price": "0.08", "size": "325"}, {"price": "0.09", "size": "75"}, {"price": "0.1", "size": "130"}, {"price": "0.11", "size": "6.77"}, {"price": "0.13", "size": "84.61"}, {"price": "0.15", "size": "158"}, {"price": "0.19", "size": "5.26"}, {"price": "0.2", "size": "19"}], "asks": [{"price": "0.99", "size": "244.06"}, {"price": "0.98", "size": "650"}, {"price": "0.97", "size": "206.2"}, {"price": "0.95", "size": "360"}, {"price": "0.94", "size": "217.32"}, {"price": "0.93", "size": "5.47"}, {"price": "0.87", "size": "10"}], "event_type": "book", "last_trade_price": ""}, {"market": "0xd8af461a52d064a59d2d239756a639ac27c31af5f96de88fc329a8f9a344157e", "asset_id": "35368433233890400575060394024667708648745256033481985514836568959896578562347", "timestamp": "1769383983557", "hash": "80045cc18672ba9bd89c3e2d5d4ef40d72560d6d", "bids": [{"price": "0.01", "size": "244.06"}, {"price": "0.02", "size": "650"}, {"price": "0.03", "size": "206.2"}, {"price": "0.05", "size": "360"}, {"price": "0.06", "size": "217.32"}, {"price": "0.07", "size": "5.47"}, {"price": "0.13", "size": "10"}], "asks": [{"price": "0.99", "size": "243.31"}, {"price": "0.98", "size": "155.55"}, {"price": "0.97", "size": "18.76"}, {"price": "0.95", "size": "20"}, {"price": "0.94", "size": "7.47"}, {"price": "0.93", "size": "300"}, {"price": "0.92", "size": "325"}, {"price": "0.91", "size": "75"}, {"price": "0.9", "size": "130"}, {"price": "0.89", "size": "6.77"}, {"price": "0.87", "size": "84.61"}, {"price": "0.85", "size": "158"}, {"price": "0.81", "size": "5.26"}, {"price": "0.8", "size": "19"}], "event_type": "book", "last_trade_price": ""}, {"market": "0x4f3ceb6025290a9f93096d37c9369dc292e1ea41c7c68471ccfc98b13a35841a", "asset_id": "112942077106660716275258628620178249062679585665761809012011217181932797136882", "timestamp": "1769382537585", "hash": "b6be7f86acc93483da065dc1346e42304406ee66", "bids": [{"price": "0.01", "size": "240.03"}, {"price": "0.02", "size": "150"}, {"price": "0.03", "size": "5.76"}, {"price": "0.04", "size": "625"}, {"price": "0.05", "size": "175"}, {"price": "0.06", "size": "33"}, {"price": "0.07", "size": "11.08"}, {"price": "0.09", "size": "144.44"}, {"price": "0.1", "size": "182"}, {"price": "0.21", "size": "10"}], "asks": [{"price": "0.99", "size": "246.13"}, {"price": "0.98", "size": "157.78"}, {"price": "0.97", "size": "18.99"}, {"price": "0.95", "size": "20"}, {"price": "0.94", "size": "300"}, {"price": "0.93", "size": "205.38"}, {"price": "0.92", "size": "362.5"}, {"price": "0.91", "size": "61.11"}, {"price": "0.9", "size": "7.36"}, {"price": "0.88", "size": "145"}, {"price": "0.85", "size": "6.66"}], "event_type": "book", "last_trade_price": ""}, {"market": "0x139dcd16ef7708411a57ea3ec71ee1fbec675a020d8b3b19c7b6a456e5d7036f", "asset_id": "28908960580679510607211480256028741437758970692033070798596130432216293486890", "timestamp": "1769382484880", "hash": "583033cf7cbd5a949f1fe326f4b2b8dbcbaa11d6", "bids": [{"price": "0.01", "size": "642.54"}, {"price": "0.02", "size": "161.64"}, {"price": "0.03", "size": "300"}, {"price": "0.04", "size": "407.7"}, {"price": "0.05", "size": "303"}, {"price": "0.06", "size": "38.47"}], "asks": [{"price": "0.99", "size": "96.93"}, {"price": "0.98", "size": "158.16"}, {"price": "0.97", "size": "19.93"}, {"price": "0.95", "size": "20"}, {"price": "0.94", "size": "300"}, {"price": "0.93", "size": "469.92"}, {"price": "0.92", "size": "125"}, {"price": "0.91", "size": "75"}, {"price": "0.9", "size": "6.73"}, {"price": "0.88", "size": "39"}, {"price": "0.86", "size": "7.14"}, {"price": "0.85", "size": "316.66"}], "event_type": "book", "last_trade_price": ""}, {"market": "0x139dcd16ef7708411a57ea3ec71ee1fbec675a020d8b3b19c7b6a456e5d7036f", "asset_id": "57118186741457568649537430454889182314221103253648112671735643376066346491662", "timestamp": "1769382484880", "hash": "2bec851667084e1dc99e94e60cbcef80a6311b1c", "bids": [{"price": "0.01", "size": "96.93"}, {"price": "0.02", "size": "158.16"}, {"price": "0.03", "size": "19.93"}, {"price": "0.05", "size": "20"}, {"price": "0.06", "size": "300"}, {"price": "0.07", "size": "469.92"}, {"price": "0.08", "size": "125"}, {"price": "0.09", "size": "75"}, {"price": "0.1", "size": "6.73"}, {"price": "0.12", "size": "39"}, {"price": "0.14", "size": "7.14"}, {"price": "0.15", "size": "316.66"}], "asks": [{"price": "0.99", "size": "642.54"}, {"price": "0.98", "size": "161.64"}, {"price": "0.97", "size": "300"}, {"price": "0.96", "size": "407.7"}, {"price": "0.95", "size": "303"}, {"price": "0.94", "size": "38.47"}], "event_type": "book", "last_trade_price": ""}]}
{"_local_timestamp": "2026-01-25T23:41:52.098767+00:00", "data": {"market": "0x4f3ceb6025290a9f93096d37c9369dc292e1ea41c7c68471ccfc98b13a35841a", "price_changes": [{"asset_id": "112942077106660716275258628620178249062679585665761809012011217181932797136882", "price": "0.02", "size": "0", "side": "BUY", "hash": "e5f625be243c65a322eb9a563e206da60be79ca9", "best_bid": "0.21", "best_ask": "0.85"}, {"asset_id": "50264256219241448254832058599249773675067176838410614480261099358433026103765", "price": "0.98", "size": "0", "side": "SELL", "hash": "9dfb502969014cf3ee03d389279f6d1b9e11d44d", "best_bid": "0.15", "best_ask": "0.79"}], "timestamp": "1769384512003", "event_type": "price_change"}}
{"_local_timestamp": "2026-01-25T23:41:58.133135+00:00", "data": {"market": "0x4f3ceb6025290a9f93096d37c9369dc292e1ea41c7c68471ccfc98b13a35841a", "price_changes": [{"asset_id": "112942077106660716275258628620178249062679585665761809012011217181932797136882", "price": "0.02", "size": "150", "side": "BUY", "hash": "27da269de06a0e0d2578a4379a7a23630eae2d36", "best_bid": "0.21", "best_ask": "0.85"}, {"asset_id": "50264256219241448254832058599249773675067176838410614480261099358433026103765", "price": "0.98", "size": "150", "side": "SELL", "hash": "f41c9159533081c4397c276325595c6081bb1c25", "best_bid": "0.15", "best_ask": "0.79"}], "timestamp": "1769384518055", "event_type": "price_change"}}
