{"_local_timestamp": "2026-01-25T23:41:21.532664+00:00", "data": [{"market": "0xa32a70896f5536f1d6f6213bcb0ae8d1e255aefaaa9b144e5edefefcff64bc44", "asset_id": "2076478827259924830283794500609598807435785941528276009538712067508300799829", "timestamp": "1769383982476", "hash": "9f48fe873447c7845ba02324bb1bb549c23f8ec9", "bids": [{"price": "0.01", "size": "614.69"}, {"price": "0.02", "size": "663.64"}, {"price": "0.03", "size": "233"}, {"price": "0.04", "size": "22.17"}, {"price": "0.05", "size": "80"}, {"price": "0.06", "size": "38.47"}], "asks": [{"price": "0.99", "size": "430.45"}, {"price": "0.98", "size": "436.27"}, {"price": "0.97", "size": "40.25"}, {"price": "0.96", "size": "630.24"}, {"price": "0.95", "size": "162.95"}, {"price": "0.94", "size": "33"}, {"price": "0.93", "size": "82.22"}, {"price": "0.92", "size": "158"}], "event_type": "book", "last_trade_price": ""}, {"market": "0x78e8e38ccf6d25f625d907eb15813c906339d51f690e8b1ac6faadd32385a70a", "asset_id": "12176201013699241207103605330506470574821201174797253144807818791318873214478", "timestamp": "1769382483678", "hash": "3e54813167689e786f92a6f562f07b6e8584a664", "bids": [{"price": "0.01", "size": "614.69"}, {"price": "0.02", "size": "663.64"}, {"price": "0.03", "size": "233"}, {"price": "0.04", "size": "22.17"}, {"price": "0.05", "size": "80"}, {"price": "0.06", "size": "55.07"}], "asks": [{"price": "0.99", "size": "625.53"}, {"price": "0.98", "size": "161.9"}, {"price": "0.97", "size": "308.21"}, {"price": "0.96", "size": "430.73"}, {"price": "0.95", "size": "88.69"}, {"price": "0.94", "size": "77"}, {"price": "0.93", "size": "8.52"}, {"price": "0.92", "size": "158"}], "event_type": "book", "last_trade_price": ""}, {"market": "0xa0064abdbf5c0a12367543b9e1ca7dbe03b1964a4582064b06ac2d1c6fe24f55", "asset_id": "77653397822646259046041135874256238558210185419856377803777811531568116580203", "timestamp": "1769383110718", "hash": "ef53c833807a22151f8eb4272a599adbe868543f", "bids": [{"price": "0.01", "size": "225.53"}, {"price": "0.02", "size": "162.32"}, {"price": "0.03", "size": "657.58"}, {"price": "0.04", "size": "305.73"}, {"price": "0.05", "size": "413.69"}, {"price": "0.06", "size": "108"}, {"price": "0.07", "size": "165.52"}, {"price": "0.08", "size": "158"}], "asks": [{"price": "0.99", "size": "614.69"}, {"price": "0.98", "size": "663.64"}, {"price": "0.97", "size": "233"}, {"price": "0.96", "size": "22.17"}, {"price": "0.95", "size": "80"}, {"price": "0.94", "size": "51.07"}], "event_type": "book", "last_trade_price": ""}, {"market": "0x78e8e38ccf6d25f625d907eb15813c906339d51f690e8b1ac6faadd32385a70a", "asset_id": "68362110400183841497773006646460088065519659418602284669261169018302669134268", "timestamp": "1769382483678", "hash": "1241d42db25e13130b96043b769ac24162923cf8", "bids": [{"price": "0.01", "size": "625.53"}, {"price": "0.02", "size": "161.9"}, {"price": "0.03", "size": "308.21"}, {"price": "0.04", "size": "430.73"}, {"price": "0.05", "size": "88.69"}, {"price": "0.06", "size": "77"}, {"price": "0.07", "size": "8.52"}, {"price": "0.08", "size": "158"}], "asks": [{"price": "0.99", "size": "614.69"}, {"price": "0.98", "size": "663.64"}, {"price": "0.97", "size": "233"}, {"price": "0.96", "size": "22.17"}, {"price": "0.95", "size": "80"}, {"price": "0.94", "size": "55.07"}], "event_type": "book", "last_trade_price": ""}, {"market": "0xa0064abdbf5c0a12367543b9e1ca7dbe03b1964a4582064b06ac2d1c6fe24f55", "asset_id": "78451545638871159798062166965440416625116223222839858769342978653602437922002", "timestamp": "1769383110718", "hash": "c7e91ea9c2cc52a452299500a0034df1e2224710", "bids": [{"price": "0.01", "size": "614.69"}, {"price": "0.02", "size": "663.64"}, {"price": "0.03", "size": "233"}, {"price": "0.04", "size": "22.17"}, {"price": "0.05", "size": "80"}, {"price": "0.06", "size": "51.07"}], "asks": [{"price": "0.99", "size": "225.53"}, {"price": "0.98", "size": "162.32"}, {"price": "0.97", "size": "657.58"}, {"price": "0.96", "size": "305.73"}, {"price": "0.95", "size": "413.69"}, {"price": "0.94", "size": "108"}, {"price": "0.93", "size": "165.52"}, {"price": "0.92", "size": "158"}], "event_type": "book", "last_trade_price": ""}, {"market": "0xa32a70896f5536f1d6f6213bcb0ae8d1e255aefaaa9b144e5edefefcff64bc44", "asset_id": "2297633828187566164057323151595544461538059733071160562797441133004068822642", "timestamp": "1769383982476", "hash": "3f266dc95541b9fbd43920552a223fd13e8cc4c7", "bids": [{"price": "0.01", "size": "430.45"}, {"price": "0.02", "size": "436.27"}, {"price": "0.03", "size": "40.25"}, {"price": "0.04", "size": "630.24"}, {"price": "0.05", "size": "162.95"}, {"price": "0.06", "size": "33"}, {"price": "0.07", "size": "82.22"}, {"price": "0.08", "size": "158"}], "asks": [{"price": "0.99", "size": "614.69"}, {"price": "0.98", "size": "663.64"}, {"price": "0.97", "size": "233"}, {"price": "0.96", "size": "22.17"}, {"price": "0.95", "size": "80"}, {"price": "0.94", "size": "38.47"}], "event_type": "book", "last_trade_price": ""}]}
