{"_local_timestamp": "2026-01-25T23:41:23.193258+00:00", "data": [{"market": "0x9f64018fd055a781bdb7bd9a090f99f04fe6084f6f0156acce4c8be36730704d", "asset_id": "59488264818412005459290297491980567004654733583333426251066423062634672845442", "timestamp": "1769384424939", "hash": "491e1b9febac459bb821083e4c81a226f558a40c", "bids": [{"price": "0.01", "size": "140.36"}, {"price": "0.02", "size": "850"}, {"price": "0.03", "size": "10.83"}, {"price": "0.05", "size": "500"}, {"price": "0.09", "size": "6.35"}, {"price": "0.13", "size": "238"}, {"price": "0.26", "size": "50"}, {"price": "0.27", "size": "40.74"}, {"price": "0.49", "size": "100"}], "asks": [{"price": "0.99", "size": "140.84"}, {"price": "0.98", "size": "850"}, {"price": "0.97", "size": "8.9"}, {"price": "0.95", "size": "500"}, {"price": "0.92", "size": "300"}, {"price": "0.91", "size": "6.93"}, {"price": "0.87", "size": "87"}, {"price": "0.74", "size": "50"}, {"price": "0.73", "size": "40.74"}, {"price": "0.59", "size": "100"}], "event_type": "book", "last_trade_price": ""}, {"market": "0x8d5ba99d2c3d046f488f6f188c2c87ab3b39c98c06ba251dd7403c3319523e77", "asset_id": "8411845294166910917769023495517242908644280336216425252585656056879926794608", "timestamp": "1769382122321", "hash": "0b05a5a74dac7b77aabd11d4fa7fe68fb7c99a08", "bids": [{"price": "0.01", "size": "139.38"}, {"price": "0.02", "size": "850"}, {"price": "0.03", "size": "30.2"}, {"price": "0.09", "size": "144.44"}, {"price": "0.1", "size": "110"}, {"price": "0.11", "size": "350"}, {"price": "0.22", "size": "100"}], "asks": [{"price": "0.99", "size": "139.82"}, {"price": "0.98", "size": "850"}, {"price": "0.97", "size": "10.26"}, {"price": "0.95", "size": "500"}, {"price": "0.92", "size": "300"}, {"price": "0.91", "size": "6.6"}, {"price": "0.83", "size": "52"}, {"price": "0.74", "size": "50"}, {"price": "0.73", "size": "40.74"}, {"price": "0.32", "size": "100"}], "event_type": "book", "last_trade_price": ""}, {"market": "0xdc5a2e1e1f7d2b0dc34ecbc0defa7fbb161a122fdf0b5f3b6e2b102801f493e5", "asset_id": "26143033340270533473595023038762642816683601755663062116984277695433495637469", "timestamp": "1769383942278", "hash": "709fa7794e4bbc20c20f873b959a9dc98e024f49", "bids": [{"price": "0.01", "size": "644.79"}, {"price": "0.02", "size": "157.03"}, {"price": "0.03", "size": "12.74"}, {"price": "0.04", "size": "64"}, {"price": "0.05", "size": "100"}, {"price": "0.06", "size": "38.48"}], "asks": [{"price": "0.99", "size": "644.79"}, {"price": "0.98", "size": "157.03"}, {"price": "0.97", "size": "12.74"}, {"price": "0.95", "size": "112"}, {"price": "0.94", "size": "43.95"}], "event_type": "book", "last_trade_price": ""}, {"market": "0xb46ed6d433c3bc3aa938df6e3f5ca9167e672da6be45e3539747df81c84f7f51", "asset_id": "31307955057835012053056762277239281782420364500039161858918372478920712013657", "timestamp": "1769382921311", "hash": "7db05d37204b897dca483f8f9e2c3d47262b53d7", "bids": [{"price": "0.01", "size": "549.87"}, {"price": "0.02", "size": "156.69"}, {"price": "0.03", "size": "121.98"}, {"price": "0.04", "size": "12.19"}, {"price": "0.05", "size": "5.47"}], "asks": [{"price": "0.99", "size": "552.04"}, {"price": "0.98", "size": "234.48"}, {"price": "0.97", "size": "18.99"}, {"price": "0.96", "size": "29.99"}], "event_type": "book", "last_trade_price": ""}, {"market": "0x9f64018fd055a781bdb7bd9a090f99f04fe6084f6f0156acce4c8be36730704d", "asset_id": "76690999062145945892680269830228537268274153218055997600999008320705238940067", "timestamp": "1769384424939", "hash": "9d7cd370e9f75289f1df591873b5ae9d01199bc7", "bids": [{"price": "0.01", "size": "140.84"}, {"price": "0.02", "size": "850"}, {"price": "0.03", "size": "8.9"}, {"price": "0.05", "size": "500"}, {"price": "0.08", "size": "300"}, {"price": "0.09", "size": "6.93"}, {"price": "0.13", "size": "87"}, {"price": "0.26", "size": "50"}, {"price": "0.27", "size": "40.74"}, {"price": "0.41", "size": "100"}], "asks": [{"price": "0.99", "size": "140.36"}, {"price": "0.98", "size": "850"}, {"price": "0.97", "size": "10.83"}, {"price": "0.95", "size": "500"}, {"price": "0.91", "size": "6.35"}, {"price": "0.87", "size": "238"}, {"price": "0.74", "size": "50"}, {"price": "0.73", "size": "40.74"}, {"price": "0.51", "size": "100"}], "event_type": "book", "last_trade_price": ""}, {"market": "0xdc5a2e1e1f7d2b0dc34ecbc0defa7fbb161a122fdf0b5f3b6e2b102801f493e5", "asset_id": "55531473540081244784041437423863983705317009129979863899592386386541611223561", "timestamp": "1769383942278", "hash": "c56e9b00f8e8571aa8bc58515e284a3cbbf3b263", "bids": [{"price": "0.01", "size": "644.79"}, {"price": "0.02", "size": "157.03"}, {"price": "0.03", "size": "12.74"}, {"price": "0.05", "size": "112"}, {"price": "0.06", "size": "43.95"}], "asks": [{"price": "0.99", "size": "644.79"}, {"price": "0.98", "size": "157.03"}, {"price": "0.97", "size": "12.74"}, {"price": "0.96", "size": "64"}, {"price": "0.95", "size": "100"}, {"price": "0.94", "size": "38.48"}], "event_type": "book", "last_trade_price": ""}, {"market": "0xb46ed6d433c3bc3aa938df6e3f5ca9167e672da6be45e3539747df81c84f7f51", "asset_id": "23815193181248981862200841907605917615541397341120660570371605655049910929779", "timestamp": "1769382921311", "hash": "2979f1b78156a99abc0aa53f95645d9312cd0a4a", "bids": [{"price": "0.01", "size": "552.04"}, {"price": "0.02", "size": "234.48"}, {"price": "0.03", "size": "18.99"}, {"price": "0.04", "size": "29.99"}], "asks": [{"price": "0.99", "size": "549.87"}, {"price": "0.98", "size": "156.69"}, {"price": "0.97", "size": "121.98"}, {"price": "0.96", "size": "12.19"}, {"price": "0.95", "size": "5.47"}], "event_type": "book", "last_trade_price": ""}, {"market": "0x12e315fb6440da6f65980800946956c2d26bdcd846e7b38f9e3d03b41e718f39", "asset_id": "112175457362450841727054294365060525276180025037397184681795573606777273639945", "timestamp": "1769382184557", "hash": "b16db56253a6b122091cec96d800b1a9192fe9c9", "bids": [{"price": "0.01", "size": "139.86"}, {"price": "0.02", "size": "850"}, {"price": "0.03", "size": "10.3"}, {"price": "0.05", "size": "500"}, {"price": "0.08", "size": "300"}, {"price": "0.09", "size": "6.58"}, {"price": "0.17", "size": "52"}, {"price": "0.26", "size": "50"}, {"price": "0.27", "size": "40.74"}, {"price": "0.66", "size": "100"}], "asks": [{"price": "0.99", "size": "139.47"}, {"price": "0.98", "size": "850"}, {"price": "0.97", "size": "30.17"}, {"price": "0.91", "size": "144.44"}, {"price": "0.89", "size": "100"}, {"price": "0.88", "size": "200"}, {"price": "0.76", "size": "100"}], "event_type": "book", "last_trade_price": ""}, {"market": "0x12e315fb6440da6f65980800946956c2d26bdcd846e7b38f9e3d03b41e718f39", "asset_id": "13787804617185890300969361348564461374699970534951538082186292594569417648598", "timestamp": "1769382184557", "hash": "090305dbb12586209bcb29698012655d2cf402b9", "bids": [{"price": "0.01", "size": "139.47"}, {"price": "0.02", "size": "850"}, {"price": "0.03", "size": "30.17"}, {"price": "0.09", "size": "144.44"}, {"price": "0.11", "size": "100"}, {"price": "0.12", "size": "200"}, {"price": "0.24", "size": "100"}], "asks": [{"price": "0.99", "size": "139.86"}, {"price": "0.98", "size": "850"}, {"price": "0.97", "size": "10.3"}, {"price": "0.95", "size": "500"}, {"price": "0.92", "size": "300"}, {"price": "0.91", "size": "6.58"}, {"price": "0.83", "size": "52"}, {"price": "0.74", "size": "50"}, {"price": "0.73", "size": "40.74"}, {"price": "0.34", "size": "100"}], "event_type": "book", "last_trade_price": ""}, {"market": "0x8d5ba99d2c3d046f488f6f188c2c87ab3b39c98c06ba251dd7403c3319523e77", "asset_id": "33441951229205507291307821761480723150552352555032294504447656043343485339045", "timestamp": "1769382122321", "hash": "a8e8b65e6e51bcedef794a7e9a504b0663abf7c4", "bids": [{"price": "0.01", "size": "139.82"}, {"price": "0.02", "size": "850"}, {"price": "0.03", "size": "10.26"}, {"price": "0.05", "size": "500"}, {"price": "0.08", "size": "300"}, {"price": "0.09", "size": "6.6"}, {"price": "0.17", "size": "52"}, {"price": "0.26", "size": "50"}, {"price": "0.27", "size": "40.74"}, {"price": "0.68", "size": "100"}], "asks": [{"price": "0.99", "size": "139.38"}, {"price": "0.98", "size": "850"}, {"price": "0.97", "size": "30.2"}, {"price": "0.91", "size": "144.44"}, {"price": "0.9", "size": "110"}, {"price": "0.89", "size": "350"}, {"price": "0.78", "size": "100"}], "event_type": "book", "last_trade_price": ""}]}
{"_local_timestamp": "2026-01-25T23:41:52.094999+00:00", "data": {"market": "0x9f64018fd055a781bdb7bd9a090f99f04fe6084f6f0156acce4c8be36730704d", "price_changes": [{"asset_id": "76690999062145945892680269830228537268274153218055997600999008320705238940067", "price": "0.02", "size": "700", "side": "BUY", "hash": "501713db38f3a93fdbf9c4f3315de084e2d6c427", "best_bid": "0.41", "best_ask": "0.51"}, {"asset_id": "59488264818412005459290297491980567004654733583333426251066423062634672845442", "price": "0.98", "size": "700", "side": "SELL", "hash": "39fba994e6e3c8cce0ab646703ded01348e839f4", "best_bid": "0.49", "best_ask": "0.59"}], "timestamp": "1769384512004", "event_type": "price_change"}}
{"_local_timestamp": "2026-01-25T23:41:58.129309+00:00", "data": {"market": "0x9f64018fd055a781bdb7bd9a090f99f04fe6084f6f0156acce4c8be36730704d", "price_changes": [{"asset_id": "76690999062145945892680269830228537268274153218055997600999008320705238940067", "price": "0.02", "size": "850", "side": "BUY", "hash": "7aab9681af9e8b6885289bdcfd8734a356a4112b", "best_bid": "0.41", "best_ask": "0.51"}, {"asset_id": "59488264818412005459290297491980567004654733583333426251066423062634672845442", "price": "0.98", "size": "850", "side": "SELL", "hash": "c29cb6cfb889c40d5b7968b9cb92cc054187252d", "best_bid": "0.49", "best_ask": "0.59"}], "timestamp": "1769384518053", "event_type": "price_change"}}
{"_local_timestamp": "2026-01-25T23:43:08.131272+00:00", "data": {"market": "0xdc5a2e1e1f7d2b0dc34ecbc0defa7fbb161a122fdf0b5f3b6e2b102801f493e5", "price_changes": [{"asset_id": "55531473540081244784041437423863983705317009129979863899592386386541611223561", "price": "0.02", "size": "7.03", "side": "BUY", "hash": "8264bd7fa8a17dcef22577f0b757dbbb3d11bcee", "best_bid": "0.06", "best_ask": "0.94"}, {"asset_id": "26143033340270533473595023038762642816683601755663062116984277695433495637469", "price": "0.98", "size": "7.03", "side": "SELL", "hash": "4a7fd537253587e154662672cf527308e74e0161", "best_bid": "0.06", "best_ask": "0.94"}], "timestamp": "1769384588003", "event_type": "price_change"}}
{"_local_timestamp": "2026-01-25T23:43:08.138779+00:00", "data": {"market": "0xdc5a2e1e1f7d2b0dc34ecbc0defa7fbb161a122fdf0b5f3b6e2b102801f493e5", "price_changes": [{"asset_id": "26143033340270533473595023038762642816683601755663062116984277695433495637469", "price": "0.02", "size": "7.03", "side": "BUY", "hash": "2622381deea269bd34e0f7d1d840c3f78f8a9453", "best_bid": "0.06", "best_ask": "0.94"}, {"asset_id": "55531473540081244784041437423863983705317009129979863899592386386541611223561", "price": "0.98", "size": "7.03", "side": "SELL", "hash": "0127f9f13c804a382c67af6e59ce03f12d3b5519", "best_bid": "0.06", "best_ask": "0.94"}], "timestamp": "1769384588004", "event_type": "price_change"}}
{"_local_timestamp": "2026-01-25T23:43:14.825430+00:00", "data": {"market": "0xdc5a2e1e1f7d2b0dc34ecbc0defa7fbb161a122fdf0b5f3b6e2b102801f493e5", "price_changes": [{"asset_id": "55531473540081244784041437423863983705317009129979863899592386386541611223561", "price": "0.02", "size": "157.03", "side": "BUY", "hash": "031eb4c9f7bbde71e0c02df4914502902767b9ad", "best_bid": "0.06", "best_ask": "0.94"}, {"asset_id": "26143033340270533473595023038762642816683601755663062116984277695433495637469", "price": "0.98", "size": "157.03", "side": "SELL", "hash": "1a24d331b4d9c43029c0f1a5ead0afe68c71e2f7", "best_bid": "0.06", "best_ask": "0.94"}], "timestamp": "1769384594683", "event_type": "price_change"}}
{"_local_timestamp": "2026-01-25T23:43:14.825810+00:00", "data": {"market": "0xdc5a2e1e1f7d2b0dc34ecbc0defa7fbb161a122fdf0b5f3b6e2b102801f493e5", "price_changes": [{"asset_id": "26143033340270533473595023038762642816683601755663062116984277695433495637469", "price": "0.02", "size": "157.03", "side": "BUY", "hash": "6535612acb886b651d45926511d7439881798f33", "best_bid": "0.06", "best_ask": "0.94"}, {"asset_id": "55531473540081244784041437423863983705317009129979863899592386386541611223561", "price": "0.98", "size": "157.03", "side": "SELL", "hash": "17e729ad3c6e03b3c4d7520cecd77fdad7bec993", "best_bid": "0.06", "best_ask": "0.94"}], "timestamp": "1769384594684", "event_type": "price_change"}}
{"_local_timestamp": "2026-01-25T23:44:30.048803+00:00", "data": {"market": "0x9f64018fd055a781bdb7bd9a090f99f04fe6084f6f0156acce4c8be36730704d", "price_changes": [{"asset_id": "59488264818412005459290297491980567004654733583333426251066423062634672845442", "price": "0.01", "size": "41139.47", "side": "BUY", "hash": "8a018ebfc5b4163f5d7bfcb86756fab4b2809b03", "best_bid": "0.49", "best_ask": "0.59"}, {"asset_id": "76690999062145945892680269830228537268274153218055997600999008320705238940067", "price": "0.99", "size": "41139.47", "side": "SELL", "hash": "d7b463f53d1857c6cf89951da80ac1759fa57192", "best_bid": "0.41", "best_ask": "0.51"}], "timestamp": "1769384669777", "event_type": "price_change"}}
{"_local_timestamp": "2026-01-25T23:44:30.054691+00:00", "data": {"market": "0x9f64018fd055a781bdb7bd9a090f99f04fe6084f6f0156acce4c8be36730704d", "price_changes": [{"asset_id": "59488264818412005459290297491980567004654733583333426251066423062634672845442", "price": "0.01", "size": "54138.58", "side": "BUY", "hash": "e0daf6a2e148eef62d7a9d15b48cfc455060e707", "best_bid": "0.49", "best_ask": "0.59"}, {"asset_id": "76690999062145945892680269830228537268274153218055997600999008320705238940067", "price": "0.99", "size": "54138.58", "side": "SELL", "hash": "eb5d1d20af3b89086eb13efc7186930da1733ca4", "best_bid": "0.41", "best_ask": "0.51"}], "timestamp": "1769384669779", "event_type": "price_change"}}
{"_local_timestamp": "2026-01-25T23:44:30.069745+00:00", "data": {"market": "0x9f64018fd055a781bdb7bd9a090f99f04fe6084f6f0156acce4c8be36730704d", "price_changes": [{"asset_id": "59488264818412005459290297491980567004654733583333426251066423062634672845442", "price": "0.01", "size": "79137.69", "side": "BUY", "hash": "fb10471c0ab22c01e9ca313adc2b6832228ba8f7", "best_bid": "0.49", "best_ask": "0.59"}, {"asset_id": "76690999062145945892680269830228537268274153218055997600999008320705238940067", "price": "0.99", "size": "79137.69", "side": "SELL", "hash": "75ea193ab7c0f633f513d234bac077a99055bfcc", "best_bid": "0.41", "best_ask": "0.51"}], "timestamp": "1769384669781", "event_type": "price_change"}}
{"_local_timestamp": "2026-01-25T23:44:30.074393+00:00", "data": {"market": "0x9f64018fd055a781bdb7bd9a090f99f04fe6084f6f0156acce4c8be36730704d", "price_changes": [{"asset_id": "76690999062145945892680269830228537268274153218055997600999008320705238940067", "price": "0.01", "size": "6139.95", "side": "BUY", "hash": "e4d79fdd09b5c6f6d11ec8e7295bb64a49b6c76d", "best_bid": "0.41", "best_ask": "0.51"}, {"asset_id": "59488264818412005459290297491980567004654733583333426251066423062634672845442", "price": "0.99", "size": "6139.95", "side": "SELL", "hash": "9eec053ed728574f74f98b37b9b1eceec3152ce1", "best_bid": "0.49", "best_ask": "0.59"}], "timestamp": "1769384669784", "event_type": "price_change"}}
{"_local_timestamp": "2026-01-25T23:44:30.074695+00:00", "data": {"market": "0x9f64018fd055a781bdb7bd9a090f99f04fe6084f6f0156acce4c8be36730704d", "price_changes": [{"asset_id": "59488264818412005459290297491980567004654733583333426251066423062634672845442", "price": "0.01", "size": "85136.8", "side": "BUY", "hash": "883a66581c5fa45576463b82ee2708985043455b", "best_bid": "0.49", "best_ask": "0.59"}, {"asset_id": "76690999062145945892680269830228537268274153218055997600999008320705238940067", "price": "0.99", "size": "85136.8", "side": "SELL", "hash": "0fcedd1e117385737641dcf53e2f32043bcc1f81", "best_bid": "0.41", "best_ask": "0.51"}], "timestamp": "1769384669787", "event_type": "price_change"}}
{"_local_timestamp": "2026-01-25T23:44:30.074972+00:00", "data": {"market": "0x9f64018fd055a781bdb7bd9a090f99f04fe6084f6f0156acce4c8be36730704d", "price_changes": [{"asset_id": "76690999062145945892680269830228537268274153218055997600999008320705238940067", "price": "0.01", "size": "31139.06", "side": "BUY", "hash": "444a1f8aa778b85ad176114cac737287d29a4754", "best_bid": "0.41", "best_ask": "0.51"}, {"asset_id": "59488264818412005459290297491980567004654733583333426251066423062634672845442", "price": "0.99", "size": "31139.06", "side": "SELL", "hash": "250f5bb7f489a437a41aa4bd6ecc265fddcbe84c", "best_bid": "0.49", "best_ask": "0.59"}], "timestamp": "1769384669789", "event_type": "price_change"}}
{"_local_timestamp": "2026-01-25T23:44:30.075262+00:00", "data": {"market": "0x9f64018fd055a781bdb7bd9a090f99f04fe6084f6f0156acce4c8be36730704d", "price_changes": [{"asset_id": "59488264818412005459290297491980567004654733583333426251066423062634672845442", "price": "0.01", "size": "91135.91", "side": "BUY", "hash": "479809fca7b63d7208d68c7e5bf5227bc86d7603", "best_bid": "0.49", "best_ask": "0.59"}, {"asset_id": "76690999062145945892680269830228537268274153218055997600999008320705238940067", "price": "0.99", "size": "91135.91", "side": "SELL", "hash": "b88128c83a5924ed93c19b6ea7af1749bff190b8", "best_bid": "0.41", "best_ask": "0.51"}], "timestamp": "1769384669791", "event_type": "price_change"}}
{"_local_timestamp": "2026-01-25T23:44:30.078395+00:00", "data": {"market": "0x9f64018fd055a781bdb7bd9a090f99f04fe6084f6f0156acce4c8be36730704d", "price_changes": [{"asset_id": "76690999062145945892680269830228537268274153218055997600999008320705238940067", "price": "0.01", "size": "37138.17", "side": "BUY", "hash": "41e45694704660dd466a7c0ec1b054ba02638aa3", "best_bid": "0.41", "best_ask": "0.51"}, {"asset_id": "59488264818412005459290297491980567004654733583333426251066423062634672845442", "price": "0.99", "size": "37138.17", "side": "SELL", "hash": "98af11fecbca85bd6dbfa9c959876d6146b4e01f", "best_bid": "0.49", "best_ask": "0.59"}], "timestamp": "1769384669793", "event_type": "price_change"}}
{"_local_timestamp": "2026-01-25T23:44:30.078662+00:00", "data": {"market": "0x9f64018fd055a781bdb7bd9a090f99f04fe6084f6f0156acce4c8be36730704d", "price_changes": [{"asset_id": "76690999062145945892680269830228537268274153218055997600999008320705238940067", "price": "0.01", "size": "78137.28", "side": "BUY", "hash": "e72b4e4ddb672ae0f648801f655fad489270cb33", "best_bid": "0.41", "best_ask": "0.51"}, {"asset_id": "59488264818412005459290297491980567004654733583333426251066423062634672845442", "price": "0.99", "size": "78137.28", "side": "SELL", "hash": "8badae1afaface63094327c181b1dced0338b02b", "best_bid": "0.49", "best_ask": "0.59"}], "timestamp": "1769384669796", "event_type": "price_change"}}
{"_local_timestamp": "2026-01-25T23:44:30.362060+00:00", "data": {"market": "0x9f64018fd055a781bdb7bd9a090f99f04fe6084f6f0156acce4c8be36730704d", "price_changes": [{"asset_id": "76690999062145945892680269830228537268274153218055997600999008320705238940067", "price": "0.01", "size": "91136.39", "side": "BUY", "hash": "8dfccc96b60d8799c08f47a95a62812208203589", "best_bid": "0.41", "best_ask": "0.51"}, {"asset_id": "59488264818412005459290297491980567004654733583333426251066423062634672845442", "price": "0.99", "size": "91136.39", "side": "SELL", "hash": "4156d0c098c701d2d425c097fc9ec58b1c972934", "best_bid": "0.49", "best_ask": "0.59"}], "timestamp": "1769384669797", "event_type": "price_change"}}
{"_local_timestamp": "2026-01-25T23:44:37.408430+00:00", "data": {"market": "0x9f64018fd055a781bdb7bd9a090f99f04fe6084f6f0156acce4c8be36730704d", "price_changes": [{"asset_id": "59488264818412005459290297491980567004654733583333426251066423062634672845442", "price": "0.01", "size": "6139.47", "side": "BUY", "hash": "7b125ba5c420f2365c3af41a79c04be4aeaa213b", "best_bid": "0.49", "best_ask": "0.59"}, {"asset_id": "76690999062145945892680269830228537268274153218055997600999008320705238940067", "price": "0.99", "size": "6139.47", "side": "SELL", "hash": "d93e8717dfebbeb47ff252a3febed72140654536", "best_bid": "0.41", "best_ask": "0.51"}], "timestamp": "1769384677145", "event_type": "price_change"}}
{"_local_timestamp": "2026-01-25T23:44:37.412658+00:00", "data": {"market": "0x9f64018fd055a781bdb7bd9a090f99f04fe6084f6f0156acce4c8be36730704d", "price_changes": [{"asset_id": "76690999062145945892680269830228537268274153218055997600999008320705238940067", "price": "0.01", "size": "6139.95", "side": "BUY", "hash": "f4a10d5412000ffde6dd28c9c8d13b590766b63d", "best_bid": "0.41", "best_ask": "0.51"}, {"asset_id": "59488264818412005459290297491980567004654733583333426251066423062634672845442", "price": "0.99", "size": "6139.95", "side": "SELL", "hash": "ad5c41a996c30609edf48e33a87524815fd7cde3", "best_bid": "0.49", "best_ask": "0.59"}], "timestamp": "1769384677145", "event_type": "price_change"}}
{"_local_timestamp": "2026-01-25T23:44:37.482861+00:00", "data": {"market": "0x9f64018fd055a781bdb7bd9a090f99f04fe6084f6f0156acce4c8be36730704d", "price_changes": [{"asset_id": "59488264818412005459290297491980567004654733583333426251066423062634672845442", "price": "0.02", "size": "6849.11", "side": "BUY", "hash": "75afae45454c5a679b8edfd02d5e48cc5716b996", "best_bid": "0.49", "best_ask": "0.59"}, {"asset_id": "76690999062145945892680269830228537268274153218055997600999008320705238940067", "price": "0.98", "size": "6849.11", "side": "SELL", "hash": "f1475136eaf2855559b0350114a067b133a95691", "best_bid": "0.41", "best_ask": "0.51"}], "timestamp": "1769384677203", "event_type": "price_change"}}
{"_local_timestamp": "2026-01-25T23:44:37.483277+00:00", "data": {"market": "0x9f64018fd055a781bdb7bd9a090f99f04fe6084f6f0156acce4c8be36730704d", "price_changes": [{"asset_id": "59488264818412005459290297491980567004654733583333426251066423062634672845442", "price": "0.02", "size": "12848.22", "side": "BUY", "hash": "5ed4f4aac46c63ec41338dfeda8b693cfe311cf0", "best_bid": "0.49", "best_ask": "0.59"}, {"asset_id": "76690999062145945892680269830228537268274153218055997600999008320705238940067", "price": "0.98", "size": "12848.22", "side": "SELL", "hash": "9e5c19bf3d1f968e3198c721e1fd9bf175c01d2b", "best_bid": "0.41", "best_ask": "0.51"}], "timestamp": "1769384677203", "event_type": "price_change"}}
{"_local_timestamp": "2026-01-25T23:44:37.483603+00:00", "data": {"market": "0x9f64018fd055a781bdb7bd9a090f99f04fe6084f6f0156acce4c8be36730704d", "price_changes": [{"asset_id": "59488264818412005459290297491980567004654733583333426251066423062634672845442", "price": "0.02", "size": "37847.33", "side": "BUY", "hash": "174497f310ad5e108e39854c18a6ba5ee4fc58dc", "best_bid": "0.49", "best_ask": "0.59"}, {"asset_id": "76690999062145945892680269830228537268274153218055997600999008320705238940067", "price": "0.98", "size": "37847.33", "side": "SELL", "hash": "b861731701f5bb08dd0d26cf45150df07e796958", "best_bid": "0.41", "best_ask": "0.51"}], "timestamp": "1769384677204", "event_type": "price_change"}}
{"_local_timestamp": "2026-01-25T23:44:37.484044+00:00", "data": {"market": "0x9f64018fd055a781bdb7bd9a090f99f04fe6084f6f0156acce4c8be36730704d", "price_changes": [{"asset_id": "59488264818412005459290297491980567004654733583333426251066423062634672845442", "price": "0.02", "size": "78846.44", "side": "BUY", "hash": "bcd29ac36f2b2db5a2d6d5122b5a4460861c7cf5", "best_bid": "0.49", "best_ask": "0.59"}, {"asset_id": "76690999062145945892680269830228537268274153218055997600999008320705238940067", "price": "0.98", "size": "78846.44", "side": "SELL", "hash": "2be51783ccb64f650ef9468722b33523f9a08c88", "best_bid": "0.41", "best_ask": "0.51"}], "timestamp": "1769384677205", "event_type": "price_change"}}
{"_local_timestamp": "2026-01-25T23:44:37.484378+00:00", "data": {"market": "0x9f64018fd055a781bdb7bd9a090f99f04fe6084f6f0156acce4c8be36730704d", "price_changes": [{"asset_id": "76690999062145945892680269830228537268274153218055997600999008320705238940067", "price": "0.02", "size": "41849.11", "side": "BUY", "hash": "a64b4faf08f5169b923ad27cbf6404d9fff84e72", "best_bid": "0.41", "best_ask": "0.51"}, {"asset_id": "59488264818412005459290297491980567004654733583333426251066423062634672845442", "price": "0.98", "size": "41849.11", "side": "SELL", "hash": "623e22350440111178bebbd08f68e13ada38485b", "best_bid": "0.49", "best_ask": "0.59"}], "timestamp": "1769384677205", "event_type": "price_change"}}
{"_local_timestamp": "2026-01-25T23:44:37.484682+00:00", "data": {"market": "0x9f64018fd055a781bdb7bd9a090f99f04fe6084f6f0156acce4c8be36730704d", "price_changes": [{"asset_id": "59488264818412005459290297491980567004654733583333426251066423062634672845442", "price": "0.02", "size": "91845.55", "side": "BUY", "hash": "923a0d88fb4f83dcefef9ec2566857f04916c2bc", "best_bid": "0.49", "best_ask": "0.59"}, {"asset_id": "76690999062145945892680269830228537268274153218055997600999008320705238940067", "price": "0.98", "size": "91845.55", "side": "SELL", "hash": "d79cfc10623c1b2046e07bc941531934f4021693", "best_bid": "0.41", "best_ask": "0.51"}], "timestamp": "1769384677206", "event_type": "price_change"}}
{"_local_timestamp": "2026-01-25T23:44:37.485018+00:00", "data": {"market": "0x9f64018fd055a781bdb7bd9a090f99f04fe6084f6f0156acce4c8be36730704d", "price_changes": [{"asset_id": "76690999062145945892680269830228537268274153218055997600999008320705238940067", "price": "0.02", "size": "47848.22", "side": "BUY", "hash": "ecc99e2af7ec3888082d2e28f42d176d6839893a", "best_bid": "0.41", "best_ask": "0.51"}, {"asset_id": "59488264818412005459290297491980567004654733583333426251066423062634672845442", "price": "0.98", "size": "47848.22", "side": "SELL", "hash": "96bccf01c4f8cc1e47c85830c9d1db08b643c4ce", "best_bid": "0.49", "best_ask": "0.59"}], "timestamp": "1769384677207", "event_type": "price_change"}}
{"_local_timestamp": "2026-01-25T23:44:37.485359+00:00", "data": {"market": "0x9f64018fd055a781bdb7bd9a090f99f04fe6084f6f0156acce4c8be36730704d", "price_changes": [{"asset_id": "76690999062145945892680269830228537268274153218055997600999008320705238940067", "price": "0.02", "size": "60847.33", "side": "BUY", "hash": "97f86a77136e639b83a974dffa7bbaaefaaecd25", "best_bid": "0.41", "best_ask": "0.51"}, {"asset_id": "59488264818412005459290297491980567004654733583333426251066423062634672845442", "price": "0.98", "size": "60847.33", "side": "SELL", "hash": "b07c4726766997dd42c57e1c568b46aa82da39fa", "best_bid": "0.49", "best_ask": "0.59"}], "timestamp": "1769384677208", "event_type": "price_change"}}
{"_local_timestamp": "2026-01-25T23:44:37.822570+00:00", "data": {"market": "0x9f64018fd055a781bdb7bd9a090f99f04fe6084f6f0156acce4c8be36730704d", "price_changes": [{"asset_id": "76690999062145945892680269830228537268274153218055997600999008320705238940067", "price": "0.02", "size": "85846.44", "side": "BUY", "hash": "b61ea5117e2ec91cfac58ebdf275cd7d7748fe30", "best_bid": "0.41", "best_ask": "0.51"}, {"asset_id": "59488264818412005459290297491980567004654733583333426251066423062634672845442", "price": "0.98", "size": "85846.44", "side": "SELL", "hash": "49644ce67a80f72d737516d38d8bf52839f88f22", "best_bid": "0.49", "best_ask": "0.59"}], "timestamp": "1769384677208", "event_type": "price_change"}}
{"_local_timestamp": "2026-01-25T23:44:37.823000+00:00", "data": {"market": "0x9f64018fd055a781bdb7bd9a090f99f04fe6084f6f0156acce4c8be36730704d", "price_changes": [{"asset_id": "76690999062145945892680269830228537268274153218055997600999008320705238940067", "price": "0.02", "size": "91845.55", "side": "BUY", "hash": "64ff2a4dd2b658a1712d56c099d3ac7c7f357a03", "best_bid": "0.41", "best_ask": "0.51"}, {"asset_id": "59488264818412005459290297491980567004654733583333426251066423062634672845442", "price": "0.98", "size": "91845.55", "side": "SELL", "hash": "b0823c8ba3b9d41792e567d575dfcd279f67c06c", "best_bid": "0.49", "best_ask": "0.59"}], "timestamp": "1769384677209", "event_type": "price_change"}}
