{"_local_timestamp": "2026-01-25T23:41:21.455530+00:00", "data": [{"market": "0xec637c2dd889fb93b23f37b8c9871b6696414d83f6989ec20531e8125c7de415", "asset_id": "9470130001959259301764540303192461910836789664621618670552229369533955464093", "timestamp": "1769383982477", "hash": "951129292908f09cca34d3dbb8da8639e7b18a62", "bids": [{"price": "0.01", "size": "614.69"}, {"price": "0.02", "size": "663.64"}, {"price": "0.03", "size": "233"}, {"price": "0.04", "size": "22.17"}, {"price": "0.05", "size": "80"}, {"price": "0.06", "size": "54.27"}], "asks": [{"price": "0.99", "size": "228.34"}, {"price": "0.98", "size": "163.62"}, {"price": "0.97", "size": "625.42"}, {"price": "0.96", "size": "331.34"}, {"price": "0.95", "size": "489.61"}, {"price": "0.94", "size": "33"}, {"price": "0.93", "size": "144.39"}, {"price": "0.92", "size": "158"}], "event_type": "book", "last_trade_price": ""}, {"market": "0xcd51e58abdf627075639683a457428cab98fc1132aeca2fdedd0bc53c7d3cf07", "asset_id": "100672337399925361877134962845168589537530382695272236558441744399534096051448", "timestamp": "1769384144601", "hash": "7c6b7a93e44aadf4acefd61e44f037cb85297357", "bids": [{"price": "0.01", "size": "614.69"}, {"price": "0.02", "size": "663.64"}, {"price": "0.03", "size": "233"}, {"price": "0.04", "size": "22.17"}, {"price": "0.05", "size": "88.57"}, {"price": "0.06", "size": "47.99"}], "asks": [{"price": "0.99", "size": "228.34"}, {"price": "0.98", "size": "163.62"}, {"price": "0.97", "size": "658.42"}, {"price": "0.96", "size": "306.34"}, {"price": "0.95", "size": "414.61"}, {"price": "0.94", "size": "108"}, {"price": "0.93", "size": "163.39"}, {"price": "0.92", "size": "158"}], "event_type": "book", "last_trade_price": ""}, {"market": "0x4cd5092af5e16e4c9a3f9679f3ec08bd9a6ae1b00a23cf3324f1a3b1dac982b2", "asset_id": "30190278849815163325036505405512021988213964902820706981474489407998404574199", "timestamp": "1769384142220", "hash": "9572f3e3403258103402981c75da00c517cb164e", "bids": [{"price": "0.01", "size": "614.69"}, {"price": "0.02", "size": "663.64"}, {"price": "0.03", "size": "233"}, {"price": "0.04", "size": "22.17"}, {"price": "0.05", "size": "80"}, {"price": "0.06", "size": "51.07"}], "asks": [{"price": "0.99", "size": "228.34"}, {"price": "0.98", "size": "163.62"}, {"price": "0.97", "size": "658.42"}, {"price": "0.96", "size": "306.34"}, {"price": "0.95", "size": "489.61"}, {"price": "0.94", "size": "33"}, {"price": "0.93", "size": "144.39"}, {"price": "0.92", "size": "158"}], "event_type": "book", "last_trade_price": ""}, {"market": "0x4cd5092af5e16e4c9a3f9679f3ec08bd9a6ae1b00a23cf3324f1a3b1dac982b2", "asset_id": "85678649533848858758802709282049533872575507803557357300396120313234271525743", "timestamp": "1769384142220", "hash": "e2a0dfbd9ad3da09daee81065eb693be5ebad47a", "bids": [{"price": "0.01", "size": "228.34"}, {"price": "0.02", "size": "163.62"}, {"price": "0.03", "size": "658.42"}, {"price": "0.04", "size": "306.34"}, {"price": "0.05", "size": "489.61"}, {"price": "0.06", "size": "33"}, {"price": "0.07", "size": "144.39"}, {"price": "0.08", "size": "158"}], "asks": [{"price": "0.99", "size": "614.69"}, {"price": "0.98", "size": "663.64"}, {"price": "0.97", "size": "233"}, {"price": "0.96", "size": "22.17"}, {"price": "0.95", "size": "80"}, {"price": "0.94", "size": "51.07"}], "event_type": "book", "last_trade_price": ""}, {"market": "0xcd51e58abdf627075639683a457428cab98fc1132aeca2fdedd0bc53c7d3cf07", "asset_id": "41895945247726621133559330354404727695321159611298301734819697368250111770448", "timestamp": "1769384144601", "hash": "99998f6febb6e4733ab3b92386b0d7b73b3117d6", "bids": [{"price": "0.01", "size": "228.34"}, {"price": "0.02", "size": "163.62"}, {"price": "0.03", "size": "658.42"}, {"price": "0.04", "size": "306.34"}, {"price": "0.05", "size": "414.61"}, {"price": "0.06", "size": "108"}, {"price": "0.07", "size": "163.39"}, {"price": "0.08", "size": "158"}], "asks": [{"price": "0.99", "size": "614.69"}, {"price": "0.98", "size": "663.64"}, {"price": "0.97", "size": "233"}, {"price": "0.96", "size": "22.17"}, {"price": "0.95", "size": "88.57"}, {"price": "0.94", "size": "47.99"}], "event_type": "book", "last_trade_price": ""}, {"market": "0xec637c2dd889fb93b23f37b8c9871b6696414d83f6989ec20531e8125c7de415", "asset_id": "59331421279630941364153809343498756258859593274424875270484530609766410496614", "timestamp": "1769383982477", "hash": "52ad498c505f29d7dfe3aae9ca11d47690595f0c", "bids": [{"price": "0.01", "size": "228.34"}, {"price": "0.02", "size": "163.62"}, {"price": "0.03", "size": "625.42"}, {"price": "0.04", "size": "331.34"}, {"price": "0.05", "size": "489.61"}, {"price": "0.06", "size": "33"}, {"price": "0.07", "size": "144.39"}, {"price": "0.08", "size": "158"}], "asks": [{"price": "0.99", "size": "614.69"}, {"price": "0.98", "size": "663.64"}, {"price": "0.97", "size": "233"}, {"price": "0.96", "size": "22.17"}, {"price": "0.95", "size": "80"}, {"price": "0.94", "size": "54.27"}], "event_type": "book", "last_trade_price": ""}]}
