{"_local_timestamp": "2026-01-25T23:41:23.206999+00:00", "data": [{"market": "0x256c9477a2689505b0aba56f166ecbc8ef9351163a454466ad0ad0b7082ac6a0", "asset_id": "68184271425678876010290442341391310211010580691216885891514788420856315927660", "timestamp": "1769384451256", "hash": "5e85aad7de0a86f1de4b8e2cdecbef14927dffbd", "bids": [{"price": "0.01", "size": "450"}, {"price": "0.02", "size": "300"}], "asks": [{"price": "0.99", "size": "468.81"}, {"price": "0.98", "size": "158.94"}, {"price": "0.97", "size": "154.4"}, {"price": "0.96", "size": "17.24"}], "event_type": "book", "last_trade_price": ""}, {"market": "0x3e4f043a471d40755019a9c7cf8a6b7fc11f2c4cea972c54682ee16187932f69", "asset_id": "103242873964381953807167745830231116199692612108515640849331467622847494866049", "timestamp": "1769382484886", "hash": "0a43f82d85876dd926ef3c3675a494690dd69309", "bids": [{"price": "0.01", "size": "450"}, {"price": "0.02", "size": "292"}], "asks": [{"price": "0.99", "size": "470.27"}, {"price": "0.98", "size": "160.16"}, {"price": "0.97", "size": "150.59"}, {"price": "0.95", "size": "13.39"}], "event_type": "book", "last_trade_price": ""}, {"market": "0xbc8966f8aae096cbef81ec34bc72114f1e3a4fc7ff34cf4ebb156700a3f5fc50", "asset_id": "45885713233686475801775459344932776206770324712809388339596253065591639448858", "timestamp": "1769383086136", "hash": "a2f7333ce6cb56997957a04188f403301696f31d", "bids": [{"price": "0.01", "size": "614.79"}, {"price": "0.02", "size": "163.72"}, {"price": "0.03", "size": "16"}, {"price": "0.04", "size": "104.21"}, {"price": "0.05", "size": "70"}, {"price": "0.06", "size": "38.48"}], "asks": [{"price": "0.99", "size": "614.79"}, {"price": "0.98", "size": "157.03"}, {"price": "0.97", "size": "12.74"}, {"price": "0.96", "size": "12"}, {"price": "0.95", "size": "124"}, {"price": "0.94", "size": "43.95"}], "event_type": "book", "last_trade_price": ""}, {"market": "0x7c8633d405e7a141c39e75c7f3f394b8c336b0b9117d4801e53fa72676dc8a79", "asset_id": "66794670608774224419921820836656406266296330961297428286467129286414352475544", "timestamp": "1769384290507", "hash": "6d639d228b125781aad21c2b7c9370d4fa1fec4b", "bids": [{"price": "0.01", "size": "450"}, {"price": "0.02", "size": "292"}], "asks": [{"price": "0.99", "size": "468.08"}, {"price": "0.98", "size": "160.56"}, {"price": "0.97", "size": "153.3"}, {"price": "0.96", "size": "16.69"}], "event_type": "book", "last_trade_price": ""}, {"market": "0x3e4f043a471d40755019a9c7cf8a6b7fc11f2c4cea972c54682ee16187932f69", "asset_id": "9388849821107091261965696384561542869970770232762425962675608918290733447423", "timestamp": "1769382484886", "hash": "4b9ebffa3ae57d1ccb137147a8c694ad5aba5976", "bids": [{"price": "0.01", "size": "470.27"}, {"price": "0.02", "size": "160.16"}, {"price": "0.03", "size": "150.59"}, {"price": "0.05", "size": "13.39"}], "asks": [{"price": "0.99", "size": "450"}, {"price": "0.98", "size": "292"}], "event_type": "book", "last_trade_price": ""}, {"market": "0x256c9477a2689505b0aba56f166ecbc8ef9351163a454466ad0ad0b7082ac6a0", "asset_id": "8176239985979370579536858928253239924747455909864830065242309447147513360632", "timestamp": "1769384451256", "hash": "cb8d14e238f869f73102180fee5b3177c8ad5b55", "bids": [{"price": "0.01", "size": "468.81"}, {"price": "0.02", "size": "158.94"}, {"price": "0.03", "size": "154.4"}, {"price": "0.04", "size": "17.24"}], "asks": [{"price": "0.99", "size": "450"}, {"price": "0.98", "size": "300"}], "event_type": "book", "last_trade_price": ""}, {"market": "0xbc8966f8aae096cbef81ec34bc72114f1e3a4fc7ff34cf4ebb156700a3f5fc50", "asset_id": "43634984049231587756574104587386297905811086804093043171422571238786463115364", "timestamp": "1769383086136", "hash": "d28e9b72a3c2394b306bf307d980b5814adbe560", "bids": [{"price": "0.01", "size": "614.79"}, {"price": "0.02", "size": "157.03"}, {"price": "0.03", "size": "12.74"}, {"price": "0.04", "size": "12"}, {"price": "0.05", "size": "124"}, {"price": "0.06", "size": "43.95"}], "asks": [{"price": "0.99", "size": "614.79"}, {"price": "0.98", "size": "163.72"}, {"price": "0.97", "size": "16"}, {"price": "0.96", "size": "104.21"}, {"price": "0.95", "size": "70"}, {"price": "0.94", "size": "38.48"}], "event_type": "book", "last_trade_price": ""}, {"market": "0x3a53aad34f7538b764a5ea75e082a669bded3a18b6ecc612a4a671aa6b686651", "asset_id": "10357585902151793653748672234120636798837962900255259970519294763445303524305", "timestamp": "1769382483702", "hash": "37162ae021144cbb958382705874c0a98fbf2c00", "bids": [{"price": "0.01", "size": "469.87"}, {"price": "0.02", "size": "156.69"}, {"price": "0.03", "size": "156.18"}, {"price": "0.05", "size": "15.11"}], "asks": [{"price": "0.99", "size": "450"}, {"price": "0.98", "size": "292"}], "event_type": "book", "last_trade_price": ""}, {"market": "0x3a53aad34f7538b764a5ea75e082a669bded3a18b6ecc612a4a671aa6b686651", "asset_id": "10695765822182206668020908557341061369798722418634934421897584502779904667471", "timestamp": "1769382483702", "hash": "430f172f23342accfa94364f8eada0fe442d8dde", "bids": [{"price": "0.01", "size": "450"}, {"price": "0.02", "size": "292"}], "asks": [{"price": "0.99", "size": "469.87"}, {"price": "0.98", "size": "156.69"}, {"price": "0.97", "size": "156.18"}, {"price": "0.95", "size": "15.11"}], "event_type": "book", "last_trade_price": ""}, {"market": "0x7c8633d405e7a141c39e75c7f3f394b8c336b0b9117d4801e53fa72676dc8a79", "asset_id": "61490784428295815625823557648871294516933626275099004587246686524823470872405", "timestamp": "1769384290507", "hash": "8ecdd71ddc3d44fc6886633cb896caf34e91f354", "bids": [{"price": "0.01", "size": "468.08"}, {"price": "0.02", "size": "160.56"}, {"price": "0.03", "size": "153.3"}, {"price": "0.04", "size": "16.69"}], "asks": [{"price": "0.99", "size": "450"}, {"price": "0.98", "size": "292"}], "event_type": "book", "last_trade_price": ""}]}
