{"_local_timestamp": "2026-01-25T23:41:23.193258+00:00", "data": [{"market": "0x9f64018fd055a781bdb7bd9a090f99f04fe6084f6f0156acce4c8be36730704d", "asset_id": "59488264818412005459290297491980567004654733583333426251066423062634672845442", "timestamp": "1769384424939", "hash": "491e1b9febac459bb821083e4c81a226f558a40c", "bids": [{"price": "0.01", "size": "140.36"}, {"price": "0.02", "size": "850"}, {"price": "0.03", "size": "10.83"}, {"price": "0.05", "size": "500"}, {"price": "0.09", "size": "6.35"}, {"price": "0.13", "size": "238"}, {"price": "0.26", "size": "50"}, {"price": "0.27", "size": "40.74"}, {"price": "0.49", "size": "100"}], "asks": [{"price": "0.99", "size": "140.84"}, {"price": "0.98", "size": "850"}, {"price": "0.97", "size": "8.9"}, {"price": "0.95", "size": "500"}, {"price": "0.92", "size": "300"}, {"price": "0.91", "size": "6.93"}, {"price": "0.87", "size": "87"}, {"price": "0.74", "size": "50"}, {"price": "0.73", "size": "40.74"}, {"price": "0.59", "size": "100"}], "event_type": "book", "last_trade_price": ""}, {"market": "0x8d5ba99d2c3d046f488f6f188c2c87ab3b39c98c06ba251dd7403c3319523e77", "asset_id": "8411845294166910917769023495517242908644280336216425252585656056879926794608", "timestamp": "1769382122321", "hash": "0b05a5a74dac7b77aabd11d4fa7fe68fb7c99a08", "bids": [{"price": "0.01", "size": "139.38"}, {"price": "0.02", "size": "850"}, {"price": "0.03", "size": "30.2"}, {"price": "0.09", "size": "144.44"}, {"price": "0.1", "size": "110"}, {"price": "0.11", "size": "350"}, {"price": "0.22", "size": "100"}], "asks": [{"price": "0.99", "size": "139.82"}, {"price": "0.98", "size": "850"}, {"price": "0.97", "size": "10.26"}, {"price": "0.95", "size": "500"}, {"price": "0.92", "size": "300"}, {"price": "0.91", "size": "6.6"}, {"price": "0.83", "size": "52"}, {"price": "0.74", "size": "50"}, {"price": "0.73", "size": "40.74"}, {"price": "0.32", "size": "100"}], "event_type": "book", "last_trade_price": ""}, {"market": "0xdc5a2e1e1f7d2b0dc34ecbc0defa7fbb161a122fdf0b5f3b6e2b102801f493e5", "asset_id": "26143033340270533473595023038762642816683601755663062116984277695433495637469", "timestamp": "1769383942278", "hash": "709fa7794e4bbc20c20f873b959a9dc98e024f49", "bids": [{"price": "0.01", "size": "644.79"}, {"price": "0.02", "size": "157.03"}, {"price": "0.03", "size": "12.74"}, {"price": "0.04", "size": "64"}, {"price": "0.05", "size": "100"}, {"price": "0.06", "size": "38.48"}], "asks": [{"price": "0.99", "size": "644.79"}, {"price": "0.98", "size": "157.03"}, {"price": "0.97", "size": "12.74"}, {"price": "0.95", "size": "112"}, {"price": "0.94", "size": "43.95"}], "event_type": "book", "last_trade_price": ""}, {"market": "0xb46ed6d433c3bc3aa938df6e3f5ca9167e672da6be45e3539747df81c84f7f51", "asset_id": "31307955057835012053056762277239281782420364500039161858918372478920712013657", "timestamp": "1769382921311", "hash": "7db05d37204b897dca483f8f9e2c3d47262b53d7", "bids": [{"price": "0.01", "size": "549.87"}, {"price": "0.02", "size": "156.69"}, {"price": "0.03", "size": "121.98"}, {"price": "0.04", "size": "12.19"}, {"price": "0.05", "size": "5.47"}], "asks": [{"price": "0.99", "size": "552.04"}, {"price": "0.98", "size": "234.48"}, {"price": "0.97", "size": "18.99"}, {"price": "0.96", "size": "29.99"}], "event_type": "book", "last_trade_price": ""}, {"market": "0x9f64018fd055a781bdb7bd9a090f99f04fe6084f6f0156acce4c8be36730704d", "asset_id": "76690999062145945892680269830228537268274153218055997600999008320705238940067", "timestamp": "1769384424939", "hash": "9d7cd370e9f75289f1df591873b5ae9d01199bc7", "bids": [{"price": "0.01", "size": "140.84"}, {"price": "0.02", "size": "850"}, {"price": "0.03", "size": "8.9"}, {"price": "0.05", "size": "500"}, {"price": "0.08", "size": "300"}, {"price": "0.09", "size": "6.93"}, {"price": "0.13", "size": "87"}, {"price": "0.26", "size": "50"}, {"price": "0.27", "size": "40.74"}, {"price": "0.41", "size": "100"}], "asks": [{"price": "0.99", "size": "140.36"}, {"price": "0.98", "size": "850"}, {"price": "0.97", "size": "10.83"}, {"price": "0.95", "size": "500"}, {"price": "0.91", "size": "6.35"}, {"price": "0.87", "size": "238"}, {"price": "0.74", "size": "50"}, {"price": "0.73", "size": "40.74"}, {"price": "0.51", "size": "100"}], "event_type": "book", "last_trade_price": ""}, {"market": "0xdc5a2e1e1f7d2b0dc34ecbc0defa7fbb161a122fdf0b5f3b6e2b102801f493e5", "asset_id": "55531473540081244784041437423863983705317009129979863899592386386541611223561", "timestamp": "1769383942278", "hash": "c56e9b00f8e8571aa8bc58515e284a3cbbf3b263", "bids": [{"price": "0.01", "size": "644.79"}, {"price": "0.02", "size": "157.03"}, {"price": "0.03", "size": "12.74"}, {"price": "0.05", "size": "112"}, {"price": "0.06", "size": "43.95"}], "asks": [{"price": "0.99", "size": "644.79"}, {"price": "0.98", "size": "157.03"}, {"price": "0.97", "size": "12.74"}, {"price": "0.96", "size": "64"}, {"price": "0.95", "size": "100"}, {"price": "0.94", "size": "38.48"}], "event_type": "book", "last_trade_price": ""}, {"market": "0xb46ed6d433c3bc3aa938df6e3f5ca9167e672da6be45e3539747df81c84f7f51", "asset_id": "23815193181248981862200841907605917615541397341120660570371605655049910929779", "timestamp": "1769382921311", "hash": "2979f1b78156a99abc0aa53f95645d9312cd0a4a", "bids": [{"price": "0.01", "size": "552.04"}, {"price": "0.02", "size": "234.48"}, {"price": "0.03", "size": "18.99"}, {"price": "0.04", "size": "29.99"}], "asks": [{"price": "0.99", "size": "549.87"}, {"price": "0.98", "size": "156.69"}, {"price": "0.97", "size": "121.98"}, {"price": "0.96", "size": "12.19"}, {"price": "0.95", "size": "5.47"}], "event_type": "book", "last_trade_price": ""}, {"market": "0x12e315fb6440da6f65980800946956c2d26bdcd846e7b38f9e3d03b41e718f39", "asset_id": "112175457362450841727054294365060525276180025037397184681795573606777273639945", "timestamp": "1769382184557", "hash": "b16db56253a6b122091cec96d800b1a9192fe9c9", "bids": [{"price": "0.01", "size": "139.86"}, {"price": "0.02", "size": "850"}, {"price": "0.03", "size": "10.3"}, {"price": "0.05", "size": "500"}, {"price": "0.08", "size": "300"}, {"price": "0.09", "size": "6.58"}, {"price": "0.17", "size": "52"}, {"price": "0.26", "size": "50"}, {"price": "0.27", "size": "40.74"}, {"price": "0.66", "size": "100"}], "asks": [{"price": "0.99", "size": "139.47"}, {"price": "0.98", "size": "850"}, {"price": "0.97", "size": "30.17"}, {"price": "0.91", "size": "144.44"}, {"price": "0.89", "size": "100"}, {"price": "0.88", "size": "200"}, {"price": "0.76", "size": "100"}], "event_type": "book", "last_trade_price": ""}, {"market": "0x12e315fb6440da6f65980800946956c2d26bdcd846e7b38f9e3d03b41e718f39", "asset_id": "13787804617185890300969361348564461374699970534951538082186292594569417648598", "timestamp": "1769382184557", "hash": "090305dbb12586209bcb29698012655d2cf402b9", "bids": [{"price": "0.01", "size": "139.47"}, {"price": "0.02", "size": "850"}, {"price": "0.03", "size": "30.17"}, {"price": "0.09", "size": "144.44"}, {"price": "0.11", "size": "100"}, {"price": "0.12", "size": "200"}, {"price": "0.24", "size": "100"}], "asks": [{"price": "0.99", "size": "139.86"}, {"price": "0.98", "size": "850"}, {"price": "0.97", "size": "10.3"}, {"price": "0.95", "size": "500"}, {"price": "0.92", "size": "300"}, {"price": "0.91", "size": "6.58"}, {"price": "0.83", "size": "52"}, {"price": "0.74", "size": "50"}, {"price": "0.73", "size": "40.74"}, {"price": "0.34", "size": "100"}], "event_type": "book", "last_trade_price": ""}, {"market": "0x8d5ba99d2c3d046f488f6f188c2c87ab3b39c98c06ba251dd7403c3319523e77", "asset_id": "33441951229205507291307821761480723150552352555032294504447656043343485339045", "timestamp": "1769382122321", "hash": "a8e8b65e6e51bcedef794a7e9a504b0663abf7c4", "bids": [{"price": "0.01", "size": "139.82"}, {"price": "0.02", "size": "850"}, {"price": "0.03", "size": "10.26"}, {"price": "0.05", "size": "500"}, {"price": "0.08", "size": "300"}, {"price": "0.09", "size": "6.6"}, {"price": "0.17", "size": "52"}, {"price": "0.26", "size": "50"}, {"price": "0.27", "size": "40.74"}, {"price": "0.68", "size": "100"}], "asks": [{"price": "0.99", "size": "139.38"}, {"price": "0.98", "size": "850"}, {"price": "0.97", "size": "30.2"}, {"price": "0.91", "size": "144.44"}, {"price": "0.9", "size": "110"}, {"price": "0.89", "size": "350"}, {"price": "0.78", "size": "100"}], "event_type": "book", "last_trade_price": ""}]}
