{"_local_timestamp": "2026-01-25T23:41:21.431450+00:00", "data": [{"market": "0xa0797ea9bfc8833b00586f2d638e6b75d492a7f9992b5d6f4d44d59b0528f1fb", "asset_id": "19187325373200415805009580997121539625702097908628869562773245483135196227167", "timestamp": "1769382484884", "hash": "62626cc18ecf1b57284fe29e0aa35d00b40d1a38", "bids": [{"price": "0.01", "size": "614.69"}, {"price": "0.02", "size": "788.64"}, {"price": "0.03", "size": "108"}, {"price": "0.04", "size": "6.17"}, {"price": "0.05", "size": "216"}, {"price": "0.06", "size": "51.07"}], "asks": [{"price": "0.99", "size": "628.24"}, {"price": "0.98", "size": "163.62"}, {"price": "0.97", "size": "41.76"}, {"price": "0.96", "size": "18.36"}, {"price": "0.95", "size": "580"}, {"price": "0.94", "size": "483"}, {"price": "0.93", "size": "41.39"}], "event_type": "book", "last_trade_price": ""}, {"market": "0xa0797ea9bfc8833b00586f2d638e6b75d492a7f9992b5d6f4d44d59b0528f1fb", "asset_id": "43027583366063095233383521818075762798092209929906826430833522809241982282998", "timestamp": "1769382484884", "hash": "36b4cb32836636d7c5657680742e5d0ad3b65ae8", "bids": [{"price": "0.01", "size": "628.24"}, {"price": "0.02", "size": "163.62"}, {"price": "0.03", "size": "41.76"}, {"price": "0.04", "size": "18.36"}, {"price": "0.05", "size": "580"}, {"price": "0.06", "size": "483"}, {"price": "0.07", "size": "41.39"}], "asks": [{"price": "0.99", "size": "614.69"}, {"price": "0.98", "size": "788.64"}, {"price": "0.97", "size": "108"}, {"price": "0.96", "size": "6.17"}, {"price": "0.95", "size": "216"}, {"price": "0.94", "size": "51.07"}], "event_type": "book", "last_trade_price": ""}, {"market": "0x8ba96aa9a32205d1d38f618a18af829f532be7818c7f1a9433b5809486e486e7", "asset_id": "20104899606339671267193705906498301878053062654038116356987490315542620574348", "timestamp": "1769383983558", "hash": "7df5a6b4973671ccb76ac96988d2c16dcb876cfa", "bids": [{"price": "0.01", "size": "629.61"}, {"price": "0.02", "size": "162.37"}, {"price": "0.03", "size": "42.17"}, {"price": "0.04", "size": "306.34"}, {"price": "0.05", "size": "489.61"}, {"price": "0.06", "size": "33"}, {"price": "0.07", "size": "144.39"}, {"price": "0.08", "size": "316.66"}], "asks": [{"price": "0.99", "size": "614.69"}, {"price": "0.98", "size": "788.64"}, {"price": "0.97", "size": "108"}, {"price": "0.96", "size": "6.17"}, {"price": "0.95", "size": "216"}, {"price": "0.94", "size": "51.07"}], "event_type": "book", "last_trade_price": ""}, {"market": "0xb264da9d7f69213d286b9533d67e0ad674212eaa35125896dd8f14da9132eb54", "asset_id": "38310933972285072010123454122960574207576375837867965682238282117632072032544", "timestamp": "1769383975119", "hash": "c2d848cf8ebf80e92b4436fcb64d05e511dcee59", "bids": [{"price": "0.01", "size": "614.69"}, {"price": "0.02", "size": "788.64"}, {"price": "0.03", "size": "108"}, {"price": "0.04", "size": "6.17"}, {"price": "0.05", "size": "216"}, {"price": "0.06", "size": "51.07"}], "asks": [{"price": "0.99", "size": "230.45"}, {"price": "0.98", "size": "436.27"}, {"price": "0.97", "size": "473.58"}, {"price": "0.96", "size": "305.24"}, {"price": "0.95", "size": "412.95"}, {"price": "0.94", "size": "108"}, {"price": "0.93", "size": "166.22"}, {"price": "0.92", "size": "316.66"}], "event_type": "book", "last_trade_price": ""}, {"market": "0xb264da9d7f69213d286b9533d67e0ad674212eaa35125896dd8f14da9132eb54", "asset_id": "77431966641580765234678334944219687155621487057942810650366268211549812336174", "timestamp": "1769383975119", "hash": "c9a6ff6f19119c5a50285359a55861cf7da738af", "bids": [{"price": "0.01", "size": "230.45"}, {"price": "0.02", "size": "436.27"}, {"price": "0.03", "size": "473.58"}, {"price": "0.04", "size": "305.24"}, {"price": "0.05", "size": "412.95"}, {"price": "0.06", "size": "108"}, {"price": "0.07", "size": "166.22"}, {"price": "0.08", "size": "316.66"}], "asks": [{"price": "0.99", "size": "614.69"}, {"price": "0.98", "size": "788.64"}, {"price": "0.97", "size": "108"}, {"price": "0.96", "size": "6.17"}, {"price": "0.95", "size": "216"}, {"price": "0.94", "size": "51.07"}], "event_type": "book", "last_trade_price": ""}, {"market": "0x8ba96aa9a32205d1d38f618a18af829f532be7818c7f1a9433b5809486e486e7", "asset_id": "9591708171993327206253928504975457495646896318343699337103029467010997439734", "timestamp": "1769383983558", "hash": "75139ef1f128bf9ed2d85b3e9f4d0704ae783030", "bids": [{"price": "0.01", "size": "614.69"}, {"price": "0.02", "size": "788.64"}, {"price": "0.03", "size": "108"}, {"price": "0.04", "size": "6.17"}, {"price": "0.05", "size": "216"}, {"price": "0.06", "size": "51.07"}], "asks": [{"price": "0.99", "size": "629.61"}, {"price": "0.98", "size": "162.37"}, {"price": "0.97", "size": "42.17"}, {"price": "0.96", "size": "306.34"}, {"price": "0.95", "size": "489.61"}, {"price": "0.94", "size": "33"}, {"price": "0.93", "size": "144.39"}, {"price": "0.92", "size": "316.66"}], "event_type": "book", "last_trade_price": ""}]}
