{"_local_timestamp": "2026-01-25T23:34:16.507453+00:00", "data": [{"market": "0x5e1ad8913193801e5adbe3fe0612d51da484fe65d0061e820af14f68b2d03f86", "asset_id": "3087648571531104106856620805910944894636871936359478900775837181537277128856", "timestamp": "1769382484881", "hash": "fc83d03d4658783dd92464c03d52bf77e80c5f6e", "bids": [{"price": "0.01", "size": "450"}, {"price": "0.02", "size": "300"}], "asks": [{"price": "0.99", "size": "471.38"}, {"price": "0.98", "size": "298.17"}, {"price": "0.97", "size": "19.42"}, {"price": "0.96", "size": "5.47"}], "event_type": "book", "last_trade_price": ""}, {"market": "0x3df517039e4262248f36bf47ae2f250f20bcf9422f6cebe76d2ff67fc15e45b1", "asset_id": "1722212733664772169778345779954395748843606357712571320536377733176969770028", "timestamp": "1769382483672", "hash": "07bdd2fd9e4ad202ee0db4d80cc051ac65b84be7", "bids": [{"price": "0.01", "size": "550"}, {"price": "0.02", "size": "292"}], "asks": [{"price": "0.99", "size": "471.38"}, {"price": "0.98", "size": "298.17"}, {"price": "0.97", "size": "19.42"}, {"price": "0.96", "size": "5.47"}], "event_type": "book", "last_trade_price": ""}, {"market": "0x50847ee0aaebb4e584b4635ea83c880f4181cf7ba6a3fcb69adb44e13dabc919", "asset_id": "45398298020939420612003062432964412024623143780066144103197815230565950563255", "timestamp": "1769383116875", "hash": "06a75e911168b699736b7cffbadaefcee502f645", "bids": [{"price": "0.01", "size": "450"}, {"price": "0.02", "size": "292"}], "asks": [{"price": "0.99", "size": "471.38"}, {"price": "0.98", "size": "298.17"}, {"price": "0.97", "size": "19.42"}, {"price": "0.96", "size": "5.47"}], "event_type": "book", "last_trade_price": ""}, {"market": "0x26a57a0678dd229d1f5ffdac7e86d7ba943e4d838323d96d63d6b16bbb26a082", "asset_id": "39489740105399961053592853522312601604106170662163168477795810709092488004456", "timestamp": "1769382595346", "hash": "95be8606b6942c9417bd9c0d743c7cadf111bf36", "bids": [{"price": "0.01", "size": "472.14"}, {"price": "0.02", "size": "298.17"}, {"price": "0.03", "size": "19.17"}, {"price": "0.04", "size": "5.47"}], "asks": [{"price": "0.99", "size": "450"}, {"price": "0.98", "size": "292"}], "event_type": "book", "last_trade_price": ""}, {"market": "0xebcb6c19eebf329a2ba4953a1e56a4ca4b9f3c85023d40ef966c41de057d81eb", "asset_id": "16563905236855933119250305849284769188086644503503662005866601706230204064763", "timestamp": "1769382483676", "hash": "f2f9d7aed5349e543a21b6128935425cc2dd0f91", "bids": [{"price": "0.01", "size": "614.79"}, {"price": "0.02", "size": "163.72"}, {"price": "0.03", "size": "16"}, {"price": "0.04", "size": "79.21"}, {"price": "0.05", "size": "70"}, {"price": "0.06", "size": "38.48"}], "asks": [{"price": "0.99", "size": "614.79"}, {"price": "0.98", "size": "157.03"}, {"price": "0.97", "size": "12.74"}, {"price": "0.96", "size": "12"}, {"price": "0.95", "size": "99"}, {"price": "0.94", "size": "43.95"}], "event_type": "book", "last_trade_price": ""}, {"market": "0x26a57a0678dd229d1f5ffdac7e86d7ba943e4d838323d96d63d6b16bbb26a082", "asset_id": "19329927896763878830848178326445592934346496754034700512272151239434889017410", "timestamp": "1769382595346", "hash": "17a25602e4aedb0b3e55062536825776d5176083", "bids": [{"price": "0.01", "size": "450"}, {"price": "0.02", "size": "292"}], "asks": [{"price": "0.99", "size": "472.14"}, {"price": "0.98", "size": "298.17"}, {"price": "0.97", "size": "19.17"}, {"price": "0.96", "size": "5.47"}], "event_type": "book", "last_trade_price": ""}, {"market": "0x50847ee0aaebb4e584b4635ea83c880f4181cf7ba6a3fcb69adb44e13dabc919", "asset_id": "115026572415062277543026963432631648769657087817462874004037357080764057318240", "timestamp": "1769383116875", "hash": "7b9b4cf00ddff80e75c470e1af3175bf664ed3c6", "bids": [{"price": "0.01", "size": "471.38"}, {"price": "0.02", "size": "298.17"}, {"price": "0.03", "size": "19.42"}, {"price": "0.04", "size": "5.47"}], "asks": [{"price": "0.99", "size": "450"}, {"price": "0.98", "size": "292"}], "event_type": "book", "last_trade_price": ""}, {"market": "0xebcb6c19eebf329a2ba4953a1e56a4ca4b9f3c85023d40ef966c41de057d81eb", "asset_id": "40933228246511116862833484168421727946220692084262529375511781767504743128945", "timestamp": "1769382483676", "hash": "70f5c29a7df056dca414ae4bb5ed55082f848147", "bids": [{"price": "0.01", "size": "614.79"}, {"price": "0.02", "size": "157.03"}, {"price": "0.03", "size": "12.74"}, {"price": "0.04", "size": "12"}, {"price": "0.05", "size": "99"}, {"price": "0.06", "size": "43.95"}], "asks": [{"price": "0.99", "size": "614.79"}, {"price": "0.98", "size": "163.72"}, {"price": "0.97", "size": "16"}, {"price": "0.96", "size": "79.21"}, {"price": "0.95", "size": "70"}, {"price": "0.94", "size": "38.48"}], "event_type": "book", "last_trade_price": ""}, {"market": "0x3df517039e4262248f36bf47ae2f250f20bcf9422f6cebe76d2ff67fc15e45b1", "asset_id": "7452178828523644183204679360264705310166335188066743081333392796894324159228", "timestamp": "1769382483672", "hash": "d0f8af148658d7d61ac2d42b743fba0472c27c1f", "bids": [{"price": "0.01", "size": "471.38"}, {"price": "0.02", "size": "298.17"}, {"price": "0.03", "size": "19.42"}, {"price": "0.04", "size": "5.47"}], "asks": [{"price": "0.99", "size": "550"}, {"price": "0.98", "size": "292"}], "event_type": "book", "last_trade_price": ""}, {"market": "0x5e1ad8913193801e5adbe3fe0612d51da484fe65d0061e820af14f68b2d03f86", "asset_id": "6063763033832745496819789478795139197621012317068557978600707627184485725968", "timestamp": "1769382484881", "hash": "8cb5e74af3b60e33e440114af55b09be8a2d321a", "bids": [{"price": "0.01", "size": "471.38"}, {"price": "0.02", "size": "298.17"}, {"price": "0.03", "size": "19.42"}, {"price": "0.04", "size": "5.47"}], "asks": [{"price": "0.99", "size": "450"}, {"price": "0.98", "size": "300"}], "event_type": "book", "last_trade_price": ""}]}
