{"_local_timestamp": "2026-01-25T23:41:21.422457+00:00", "data": [{"market": "0x0d6045b8846a90f6d183a3a1b6fc3ed5fb1a420b7903c0b0559e5b792f061788", "asset_id": "77522630467015002183436217297187726153790923676065373972664065156112724851847", "timestamp": "1769384094874", "hash": "827f4c49c97f779f3ded04c60b0df2ed814ca5d8", "bids": [{"price": "0.01", "size": "628.34"}, {"price": "0.02", "size": "163.62"}, {"price": "0.03", "size": "341.76"}, {"price": "0.04", "size": "406.34"}, {"price": "0.05", "size": "89.61"}, {"price": "0.06", "size": "73"}, {"price": "0.07", "size": "6.39"}, {"price": "0.08", "size": "316.66"}], "asks": [{"price": "0.99", "size": "614.69"}, {"price": "0.98", "size": "663.64"}, {"price": "0.97", "size": "233"}, {"price": "0.96", "size": "6.17"}, {"price": "0.95", "size": "178"}, {"price": "0.94", "size": "51.07"}], "event_type": "book", "last_trade_price": ""}, {"market": "0x0d6045b8846a90f6d183a3a1b6fc3ed5fb1a420b7903c0b0559e5b792f061788", "asset_id": "115165276373248338806440829549485301508717145189672024372728840669052505631110", "timestamp": "1769384094874", "hash": "7d3bffa4a2fef792b2fa9721422fc0e068ea249f", "bids": [{"price": "0.01", "size": "614.69"}, {"price": "0.02", "size": "663.64"}, {"price": "0.03", "size": "233"}, {"price": "0.04", "size": "6.17"}, {"price": "0.05", "size": "178"}, {"price": "0.06", "size": "51.07"}], "asks": [{"price": "0.99", "size": "628.34"}, {"price": "0.98", "size": "163.62"}, {"price": "0.97", "size": "341.76"}, {"price": "0.96", "size": "406.34"}, {"price": "0.95", "size": "89.61"}, {"price": "0.94", "size": "73"}, {"price": "0.93", "size": "6.39"}, {"price": "0.92", "size": "316.66"}], "event_type": "book", "last_trade_price": ""}, {"market": "0x947c73bf40d3ee1249f510e40da373dc8a361585bd9d280687a665042545a2eb", "asset_id": "101755535342683852548532989217328418975226737193573558569700973355337205582355", "timestamp": "1769383978954", "hash": "7ca16e349f0dc1523e8fa99c74313af3d5eb035c", "bids": [{"price": "0.01", "size": "628.75"}, {"price": "0.02", "size": "163.19"}, {"price": "0.03", "size": "666.91"}, {"price": "0.04", "size": "81.34"}, {"price": "0.05", "size": "89.61"}, {"price": "0.06", "size": "33"}, {"price": "0.07", "size": "70.39"}, {"price": "0.08", "size": "316.66"}], "asks": [{"price": "0.99", "size": "614.69"}, {"price": "0.98", "size": "663.64"}, {"price": "0.97", "size": "233"}, {"price": "0.96", "size": "6.17"}, {"price": "0.95", "size": "135"}, {"price": "0.94", "size": "51.67"}], "event_type": "book", "last_trade_price": ""}, {"market": "0x947c73bf40d3ee1249f510e40da373dc8a361585bd9d280687a665042545a2eb", "asset_id": "7953807282467145684303454587498756542221600951096161997383368622841104705443", "timestamp": "1769383978954", "hash": "4accd8c78021d412452bd9f6589f3b1cc022a3a0", "bids": [{"price": "0.01", "size": "614.69"}, {"price": "0.02", "size": "663.64"}, {"price": "0.03", "size": "233"}, {"price": "0.04", "size": "6.17"}, {"price": "0.05", "size": "135"}, {"price": "0.06", "size": "51.67"}], "asks": [{"price": "0.99", "size": "628.75"}, {"price": "0.98", "size": "163.19"}, {"price": "0.97", "size": "666.91"}, {"price": "0.96", "size": "81.34"}, {"price": "0.95", "size": "89.61"}, {"price": "0.94", "size": "33"}, {"price": "0.93", "size": "70.39"}, {"price": "0.92", "size": "316.66"}], "event_type": "book", "last_trade_price": ""}, {"market": "0xf35fd0d9bea7729c3574065c4c36b9f0d4c3c2bdce52a8599f09fa3ca23a9f18", "asset_id": "6387595408460444950745542382474589021115561545124259960893583199437395192399", "timestamp": "1769383980531", "hash": "e3d45e03a04af62ba4379d43e6868742bdb234e1", "bids": [{"price": "0.01", "size": "629.61"}, {"price": "0.02", "size": "162.37"}, {"price": "0.03", "size": "342.17"}, {"price": "0.04", "size": "406.34"}, {"price": "0.05", "size": "89.61"}, {"price": "0.06", "size": "73"}, {"price": "0.07", "size": "6.39"}, {"price": "0.08", "size": "316.66"}], "asks": [{"price": "0.99", "size": "614.69"}, {"price": "0.98", "size": "663.64"}, {"price": "0.97", "size": "233"}, {"price": "0.96", "size": "60.17"}, {"price": "0.95", "size": "80"}, {"price": "0.94", "size": "51.07"}], "event_type": "book", "last_trade_price": ""}, {"market": "0xf35fd0d9bea7729c3574065c4c36b9f0d4c3c2bdce52a8599f09fa3ca23a9f18", "asset_id": "10614903846070980318348864198609368163700620270276875355512637793147306335052", "timestamp": "1769383980531", "hash": "ee310ffeff02ac5361fd572a220967ce01d2092d", "bids": [{"price": "0.01", "size": "614.69"}, {"price": "0.02", "size": "663.64"}, {"price": "0.03", "size": "233"}, {"price": "0.04", "size": "60.17"}, {"price": "0.05", "size": "80"}, {"price": "0.06", "size": "51.07"}], "asks": [{"price": "0.99", "size": "629.61"}, {"price": "0.98", "size": "162.37"}, {"price": "0.97", "size": "342.17"}, {"price": "0.96", "size": "406.34"}, {"price": "0.95", "size": "89.61"}, {"price": "0.94", "size": "73"}, {"price": "0.93", "size": "6.39"}, {"price": "0.92", "size": "316.66"}], "event_type": "book", "last_trade_price": ""}]}
{"_local_timestamp": "2026-01-25T23:41:27.075313+00:00", "data": {"market": "0xf35fd0d9bea7729c3574065c4c36b9f0d4c3c2bdce52a8599f09fa3ca23a9f18", "price_changes": [{"asset_id": "6387595408460444950745542382474589021115561545124259960893583199437395192399", "price": "0.02", "size": "12.37", "side": "BUY", "hash": "04623563cb604533c949117897ab47ababdc036f", "best_bid": "0.08", "best_ask": "0.94"}, {"asset_id": "10614903846070980318348864198609368163700620270276875355512637793147306335052", "price": "0.98", "size": "12.37", "side": "SELL", "hash": "366a8e1f16c0c58c34535415158c571c64c67a2d", "best_bid": "0.06", "best_ask": "0.92"}], "timestamp": "1769384487000", "event_type": "price_change"}}
{"_local_timestamp": "2026-01-25T23:41:27.086744+00:00", "data": {"market": "0xf35fd0d9bea7729c3574065c4c36b9f0d4c3c2bdce52a8599f09fa3ca23a9f18", "price_changes": [{"asset_id": "10614903846070980318348864198609368163700620270276875355512637793147306335052", "price": "0.02", "size": "513.64", "side": "BUY", "hash": "b25d4479ff5af8b0ee12581d0f3c164e37a8cc02", "best_bid": "0.06", "best_ask": "0.92"}, {"asset_id": "6387595408460444950745542382474589021115561545124259960893583199437395192399", "price": "0.98", "size": "513.64", "side": "SELL", "hash": "fa74f41e57cdf1ddc9f0e46c21a27c2f9560cd4e", "best_bid": "0.08", "best_ask": "0.94"}], "timestamp": "1769384487001", "event_type": "price_change"}}
{"_local_timestamp": "2026-01-25T23:41:33.863544+00:00", "data": {"market": "0xf35fd0d9bea7729c3574065c4c36b9f0d4c3c2bdce52a8599f09fa3ca23a9f18", "price_changes": [{"asset_id": "6387595408460444950745542382474589021115561545124259960893583199437395192399", "price": "0.02", "size": "162.37", "side": "BUY", "hash": "fb763dc256859cd7c10c0da5236e1d55b1f7184e", "best_bid": "0.08", "best_ask": "0.94"}, {"asset_id": "10614903846070980318348864198609368163700620270276875355512637793147306335052", "price": "0.98", "size": "162.37", "side": "SELL", "hash": "16f27349139f4372435be8228f9ca304645873c3", "best_bid": "0.06", "best_ask": "0.92"}], "timestamp": "1769384493764", "event_type": "price_change"}}
{"_local_timestamp": "2026-01-25T23:41:33.871891+00:00", "data": {"market": "0xf35fd0d9bea7729c3574065c4c36b9f0d4c3c2bdce52a8599f09fa3ca23a9f18", "price_changes": [{"asset_id": "10614903846070980318348864198609368163700620270276875355512637793147306335052", "price": "0.02", "size": "663.64", "side": "BUY", "hash": "0a6c568580f34960e358f3299997da83836cbc1a", "best_bid": "0.06", "best_ask": "0.92"}, {"asset_id": "6387595408460444950745542382474589021115561545124259960893583199437395192399", "price": "0.98", "size": "663.64", "side": "SELL", "hash": "95d4be0dbceabd073a694a0237afd13fd6507e16", "best_bid": "0.08", "best_ask": "0.94"}], "timestamp": "1769384493767", "event_type": "price_change"}}
