{"_local_timestamp": "2026-01-25T23:34:16.495531+00:00", "data": [{"market": "0x723c62779f78421ec522f55baef635fa40dfa9b07bc67c5c0d5b3e9810d62f06", "asset_id": "104702908110793199151145604275491965698844964918866672183886952725738446087620", "timestamp": "1769382721363", "hash": "22d10b24b05492f4fd739e9808bad88a44dcf8c4", "bids": [{"price": "0.01", "size": "468.34"}, {"price": "0.02", "size": "160.56"}, {"price": "0.03", "size": "157.58"}, {"price": "0.05", "size": "11.22"}], "asks": [{"price": "0.99", "size": "450"}, {"price": "0.98", "size": "300"}], "event_type": "book", "last_trade_price": ""}, {"market": "0x3a5fd851a82f8c67eac2024fa56ce3c7d122e82279fd6aa3d633713a1483d498", "asset_id": "17787081978994633456842883699972972644695690772690713568602625355223377570177", "timestamp": "1769382745059", "hash": "b047a0c7354055237a849bb9dde165327ee3dd7f", "bids": [{"price": "0.01", "size": "468.81"}, {"price": "0.02", "size": "158.94"}, {"price": "0.03", "size": "160.07"}, {"price": "0.05", "size": "11.48"}], "asks": [{"price": "0.99", "size": "470.64"}, {"price": "0.98", "size": "310.36"}, {"price": "0.97", "size": "12.7"}], "event_type": "book", "last_trade_price": ""}, {"market": "0x3a5fd851a82f8c67eac2024fa56ce3c7d122e82279fd6aa3d633713a1483d498", "asset_id": "5634362885800111713967494216502326253550483975801765831220161000980975427171", "timestamp": "1769382745059", "hash": "df0b711b55f6208cb09ab63ab4d65753b7f6cea8", "bids": [{"price": "0.01", "size": "470.64"}, {"price": "0.02", "size": "310.36"}, {"price": "0.03", "size": "12.7"}], "asks": [{"price": "0.99", "size": "468.81"}, {"price": "0.98", "size": "158.94"}, {"price": "0.97", "size": "160.07"}, {"price": "0.95", "size": "11.48"}], "event_type": "book", "last_trade_price": ""}, {"market": "0x1077f043a4bce02812639fb1ecd83f781e767262a23f81dda9585c28e91345c8", "asset_id": "948557491689989516199134368895213508799675857005802440117386650578746546414", "timestamp": "1769383092312", "hash": "b1ff35aa5c42097bb71aa52bb299b8c902a031b2", "bids": [{"price": "0.01", "size": "470.64"}, {"price": "0.02", "size": "302.36"}, {"price": "0.03", "size": "12.7"}], "asks": [{"price": "0.99", "size": "450"}, {"price": "0.98", "size": "160.48"}, {"price": "0.97", "size": "205.65"}, {"price": "0.95", "size": "12.73"}], "event_type": "book", "last_trade_price": ""}, {"market": "0x4e639da65b68f071df833ca2f3dfc6fea5ded793fcba284d0690b5675abcc626", "asset_id": "66575671681089945005449783735780371812404001118434341187922988195907374501444", "timestamp": "1769382493512", "hash": "26d69573cf6c0aeec431863dc192d433ed4450d6", "bids": [{"price": "0.01", "size": "472.79"}, {"price": "0.02", "size": "160.48"}, {"price": "0.03", "size": "206.65"}, {"price": "0.05", "size": "12.73"}], "asks": [{"price": "0.99", "size": "450"}, {"price": "0.98", "size": "292"}], "event_type": "book", "last_trade_price": ""}, {"market": "0x26a4208d0eff1fca0604c57a8a703f8d0d76c3e28445c33b53548c561fed3902", "asset_id": "27422292392244312067405464215114835722782632197114275429501312570014208985717", "timestamp": "1769382483679", "hash": "6af7b8a0127465584ca70ae71b5c1cbdf3d58227", "bids": [{"price": "0.01", "size": "614.79"}, {"price": "0.02", "size": "163.72"}, {"price": "0.03", "size": "16"}, {"price": "0.04", "size": "104.21"}, {"price": "0.05", "size": "70"}, {"price": "0.06", "size": "38.48"}], "asks": [{"price": "0.99", "size": "614.79"}, {"price": "0.98", "size": "157.03"}, {"price": "0.97", "size": "12.74"}, {"price": "0.96", "size": "18"}, {"price": "0.95", "size": "90"}, {"price": "0.94", "size": "43.95"}], "event_type": "book", "last_trade_price": ""}, {"market": "0x4e639da65b68f071df833ca2f3dfc6fea5ded793fcba284d0690b5675abcc626", "asset_id": "22387622996342977244980320055069678961227397863192799703608985870585689422419", "timestamp": "1769382493512", "hash": "308a449485f3f3cba0e49bda2b24062683012af2", "bids": [{"price": "0.01", "size": "450"}, {"price": "0.02", "size": "292"}], "asks": [{"price": "0.99", "size": "472.79"}, {"price": "0.98", "size": "160.48"}, {"price": "0.97", "size": "206.65"}, {"price": "0.95", "size": "12.73"}], "event_type": "book", "last_trade_price": ""}, {"market": "0x723c62779f78421ec522f55baef635fa40dfa9b07bc67c5c0d5b3e9810d62f06", "asset_id": "100433304951471668348876217129860024446909201520006056512538092840265507248758", "timestamp": "1769382721363", "hash": "97be000cabe504b22f9465199831109d62022643", "bids": [{"price": "0.01", "size": "450"}, {"price": "0.02", "size": "300"}], "asks": [{"price": "0.99", "size": "468.34"}, {"price": "0.98", "size": "160.56"}, {"price": "0.97", "size": "157.58"}, {"price": "0.95", "size": "11.22"}], "event_type": "book", "last_trade_price": ""}, {"market": "0x1077f043a4bce02812639fb1ecd83f781e767262a23f81dda9585c28e91345c8", "asset_id": "20143519734799084338262763257715100626962140177805749790952809608545843839689", "timestamp": "1769383092312", "hash": "67f0bb95f3197b1850494ff1746b2894b24d1999", "bids": [{"price": "0.01", "size": "450"}, {"price": "0.02", "size": "160.48"}, {"price": "0.03", "size": "205.65"}, {"price": "0.05", "size": "12.73"}], "asks": [{"price": "0.99", "size": "470.64"}, {"price": "0.98", "size": "302.36"}, {"price": "0.97", "size": "12.7"}], "event_type": "book", "last_trade_price": ""}, {"market": "0x26a4208d0eff1fca0604c57a8a703f8d0d76c3e28445c33b53548c561fed3902", "asset_id": "15805337470913692181613954017156935796999850857066965186997218603466891355675", "timestamp": "1769382483679", "hash": "36073541d838bf420965385e639ebadb0c0415c8", "bids": [{"price": "0.01", "size": "614.79"}, {"price": "0.02", "size": "157.03"}, {"price": "0.03", "size": "12.74"}, {"price": "0.04", "size": "18"}, {"price": "0.05", "size": "90"}, {"price": "0.06", "size": "43.95"}], "asks": [{"price": "0.99", "size": "614.79"}, {"price": "0.98", "size": "163.72"}, {"price": "0.97", "size": "16"}, {"price": "0.96", "size": "104.21"}, {"price": "0.95", "size": "70"}, {"price": "0.94", "size": "38.48"}], "event_type": "book", "last_trade_price": ""}]}
