{"_local_timestamp": "2026-01-25T23:41:23.089530+00:00", "data": [{"market": "0x6e14b812e889ae6ef2562e3da61e439988088b768041e5de14e7f0ce8317db8c", "asset_id": "98236475521339885401746911240366957358755479414344458604816983436979901064455", "timestamp": "1769382783901", "hash": "b0a2fe8ad51d0b5830b4047a55258f27c39a3b32", "bids": [{"price": "0.01", "size": "553.54"}, {"price": "0.02", "size": "160.48"}, {"price": "0.03", "size": "136.65"}, {"price": "0.04", "size": "39.25"}], "asks": [{"price": "0.99", "size": "551.77"}, {"price": "0.98", "size": "160.16"}, {"price": "0.97", "size": "84.59"}, {"price": "0.96", "size": "9.91"}, {"price": "0.95", "size": "5.47"}], "event_type": "book", "last_trade_price": ""}, {"market": "0x8ed6a010607c8bcc2c76b7d713095653296f3478568745a65bc19062f6d95189", "asset_id": "101326772023812093878340352024264798915698080161869061973188696890733435217537", "timestamp": "1769382483669", "hash": "d4fc38b9021c70faaf026cad0941b2b6438f42a1", "bids": [{"price": "0.01", "size": "644.79"}, {"price": "0.02", "size": "163.72"}, {"price": "0.03", "size": "16"}, {"price": "0.04", "size": "79.21"}, {"price": "0.05", "size": "70"}, {"price": "0.06", "size": "38.48"}], "asks": [{"price": "0.99", "size": "644.79"}, {"price": "0.98", "size": "156.7"}, {"price": "0.97", "size": "12.97"}, {"price": "0.96", "size": "45"}, {"price": "0.95", "size": "90"}, {"price": "0.94", "size": "43.95"}], "event_type": "book", "last_trade_price": ""}, {"market": "0xa8000a74efa350e7cd414ad03f9ac5ad972d98311a5e800854f9eab533ccc79e", "asset_id": "20329230635901164122716866355767827121463622417521700799949549891075156981840", "timestamp": "1769381899987", "hash": "d933346b3e19d694653f0d46bdc68f92a59c22aa", "bids": [{"price": "0.01", "size": "140.92"}, {"price": "0.02", "size": "850"}, {"price": "0.03", "size": "10.01"}, {"price": "0.06", "size": "91.66"}, {"price": "0.07", "size": "45"}, {"price": "0.08", "size": "7.56"}, {"price": "0.16", "size": "81.25"}, {"price": "0.23", "size": "100"}], "asks": [{"price": "0.99", "size": "136.54"}, {"price": "0.98", "size": "850"}, {"price": "0.97", "size": "8.51"}, {"price": "0.95", "size": "500"}, {"price": "0.92", "size": "300"}, {"price": "0.91", "size": "7.71"}, {"price": "0.83", "size": "52"}, {"price": "0.74", "size": "50"}, {"price": "0.73", "size": "40.74"}, {"price": "0.33", "size": "100"}], "event_type": "book", "last_trade_price": ""}, {"market": "0xa8000a74efa350e7cd414ad03f9ac5ad972d98311a5e800854f9eab533ccc79e", "asset_id": "31357165396025319739608823381859458824334578988762275960425260303304532001792", "timestamp": "1769381899987", "hash": "1fe533f0ff63d24faae9441e39e61424c8713af5", "bids": [{"price": "0.01", "size": "136.54"}, {"price": "0.02", "size": "850"}, {"price": "0.03", "size": "8.51"}, {"price": "0.05", "size": "500"}, {"price": "0.08", "size": "300"}, {"price": "0.09", "size": "7.71"}, {"price": "0.17", "size": "52"}, {"price": "0.26", "size": "50"}, {"price": "0.27", "size": "40.74"}, {"price": "0.67", "size": "100"}], "asks": [{"price": "0.99", "size": "140.92"}, {"price": "0.98", "size": "850"}, {"price": "0.97", "size": "10.01"}, {"price": "0.94", "size": "91.66"}, {"price": "0.93", "size": "45"}, {"price": "0.92", "size": "7.56"}, {"price": "0.84", "size": "81.25"}, {"price": "0.77", "size": "100"}], "event_type": "book", "last_trade_price": ""}, {"market": "0x8ed6a010607c8bcc2c76b7d713095653296f3478568745a65bc19062f6d95189", "asset_id": "9421556501398795280671157313929197928943415204238579239100542372240143008939", "timestamp": "1769382483669", "hash": "f83d03d1156eea93d930d5374c07768370599c83", "bids": [{"price": "0.01", "size": "644.79"}, {"price": "0.02", "size": "156.7"}, {"price": "0.03", "size": "12.97"}, {"price": "0.04", "size": "45"}, {"price": "0.05", "size": "90"}, {"price": "0.06", "size": "43.95"}], "asks": [{"price": "0.99", "size": "644.79"}, {"price": "0.98", "size": "163.72"}, {"price": "0.97", "size": "16"}, {"price": "0.96", "size": "79.21"}, {"price": "0.95", "size": "70"}, {"price": "0.94", "size": "38.48"}], "event_type": "book", "last_trade_price": ""}, {"market": "0x6e14b812e889ae6ef2562e3da61e439988088b768041e5de14e7f0ce8317db8c", "asset_id": "45043187384328018052782652450799655831766468368206643310368769722923455934941", "timestamp": "1769382783901", "hash": "310338264bd2980be7f649faf4a1a443687631f4", "bids": [{"price": "0.01", "size": "551.77"}, {"price": "0.02", "size": "160.16"}, {"price": "0.03", "size": "84.59"}, {"price": "0.04", "size": "9.91"}, {"price": "0.05", "size": "5.47"}], "asks": [{"price": "0.99", "size": "553.54"}, {"price": "0.98", "size": "160.48"}, {"price": "0.97", "size": "136.65"}, {"price": "0.96", "size": "39.25"}], "event_type": "book", "last_trade_price": ""}, {"market": "0x8534ca79c4146ac0e21e046d0b9ee34c9af18844bf372781220dc4d8ec3f2a15", "asset_id": "33758834099302378632671393665953867758432121780718094215933465651911301220397", "timestamp": "1769384424940", "hash": "773af80201840604a073e992ef042bc49b8a928c", "bids": [{"price": "0.01", "size": "142.34"}, {"price": "0.02", "size": "850"}, {"price": "0.03", "size": "8.9"}, {"price": "0.05", "size": "500"}, {"price": "0.09", "size": "6.93"}, {"price": "0.12", "size": "282"}, {"price": "0.26", "size": "50"}, {"price": "0.27", "size": "40.74"}, {"price": "0.41", "size": "100"}], "asks": [{"price": "0.99", "size": "141.86"}, {"price": "0.98", "size": "850"}, {"price": "0.97", "size": "8.51"}, {"price": "0.95", "size": "500"}, {"price": "0.92", "size": "300"}, {"price": "0.91", "size": "7.12"}, {"price": "0.84", "size": "104"}, {"price": "0.74", "size": "50"}, {"price": "0.73", "size": "40.74"}, {"price": "0.51", "size": "100"}], "event_type": "book", "last_trade_price": ""}, {"market": "0x6c9ac4e0b8dc3aaf4dce09494c87a56151a038c680eba1722161f5e03a12b0c4", "asset_id": "35177404549144237175785122602123820888538874896646638945157348587757730686570", "timestamp": "1769382785081", "hash": "21b922bbc2b9b2a336330cf550d0a1d521ec3d7d", "bids": [{"price": "0.01", "size": "551.37"}, {"price": "0.02", "size": "156.69"}, {"price": "0.03", "size": "200.18"}, {"price": "0.04", "size": "12.05"}, {"price": "0.05", "size": "5.47"}], "asks": [{"price": "0.99", "size": "553.54"}, {"price": "0.98", "size": "160.48"}, {"price": "0.97", "size": "207.65"}, {"price": "0.96", "size": "39.24"}], "event_type": "book", "last_trade_price": ""}, {"market": "0x6c9ac4e0b8dc3aaf4dce09494c87a56151a038c680eba1722161f5e03a12b0c4", "asset_id": "95736175743425566567501053688265596200818692564395947294812199498310247515531", "timestamp": "1769382785081", "hash": "310c86a461e1a009dd721b85bb537efebf4a885c", "bids": [{"price": "0.01", "size": "553.54"}, {"price": "0.02", "size": "160.48"}, {"price": "0.03", "size": "207.65"}, {"price": "0.04", "size": "39.24"}], "asks": [{"price": "0.99", "size": "551.37"}, {"price": "0.98", "size": "156.69"}, {"price": "0.97", "size": "200.18"}, {"price": "0.96", "size": "12.05"}, {"price": "0.95", "size": "5.47"}], "event_type": "book", "last_trade_price": ""}, {"market": "0x8534ca79c4146ac0e21e046d0b9ee34c9af18844bf372781220dc4d8ec3f2a15", "asset_id": "97858283676737408207779176146981606087769388507853169414143968575143610259734", "timestamp": "1769384424940", "hash": "bc513cdcba4e05749352e25f5efd598797097609", "bids": [{"price": "0.01", "size": "141.86"}, {"price": "0.02", "size": "850"}, {"price": "0.03", "size": "8.51"}, {"price": "0.05", "size": "500"}, {"price": "0.08", "size": "300"}, {"price": "0.09", "size": "7.12"}, {"price": "0.16", "size": "104"}, {"price": "0.26", "size": "50"}, {"price": "0.27", "size": "40.74"}, {"price": "0.49", "size": "100"}], "asks": [{"price": "0.99", "size": "142.34"}, {"price": "0.98", "size": "850"}, {"price": "0.97", "size": "8.9"}, {"price": "0.95", "size": "500"}, {"price": "0.91", "size": "6.93"}, {"price": "0.88", "size": "282"}, {"price": "0.74", "size": "50"}, {"price": "0.73", "size": "40.74"}, {"price": "0.59", "size": "100"}], "event_type": "book", "last_trade_price": ""}]}
