{"_local_timestamp": "2026-01-25T23:41:21.626690+00:00", "data": [{"market": "0x653990b7f8de12f089435ab9bf10e3bd31155ba8971bf632f4b3c6fe5a6ed658", "asset_id": "37141259743090512168553989964664588419337020723157401812158802582875229179950", "timestamp": "1769384140684", "hash": "57fd3024226a61738fa4b9d743aff2fd42f1ff8d", "bids": [{"price": "0.01", "size": "614.69"}, {"price": "0.02", "size": "163.64"}, {"price": "0.03", "size": "33"}, {"price": "0.04", "size": "6.17"}, {"price": "0.05", "size": "108"}, {"price": "0.06", "size": "54.27"}], "asks": [{"price": "0.99", "size": "628.24"}, {"price": "0.98", "size": "163.17"}, {"price": "0.97", "size": "42.08"}, {"price": "0.96", "size": "18.36"}, {"price": "0.95", "size": "80"}, {"price": "0.94", "size": "33"}, {"price": "0.93", "size": "59.39"}, {"price": "0.92", "size": "158"}], "event_type": "book", "last_trade_price": ""}, {"market": "0xfec19302f57a66854e16c9017e408e1c3cfb6961681468893957426ad284522f", "asset_id": "98557962196667539982925408531088733053076572947081425803148763647535035981059", "timestamp": "1769384330932", "hash": "a492cbbdd1f9d02284eefc059c74a82a3bdd4e91", "bids": [{"price": "0.01", "size": "614.69"}, {"price": "0.02", "size": "163.64"}, {"price": "0.03", "size": "33"}, {"price": "0.04", "size": "6.17"}, {"price": "0.05", "size": "108"}, {"price": "0.06", "size": "55.07"}], "asks": [{"price": "0.99", "size": "228.27"}, {"price": "0.98", "size": "163.62"}, {"price": "0.97", "size": "658.42"}, {"price": "0.96", "size": "18.37"}, {"price": "0.95", "size": "80"}, {"price": "0.94", "size": "33"}, {"price": "0.93", "size": "61.39"}, {"price": "0.92", "size": "158"}], "event_type": "book", "last_trade_price": ""}, {"market": "0x78994b44b7c4bd15837d3c3724411b694fd8d86d46b3f3cb47bcb679c0ab67f8", "asset_id": "70471435425236313844511638689819209257581128655029929788645248588789560036497", "timestamp": "1769384142220", "hash": "5c6eb1485aad033400f02da601aa2775aec400df", "bids": [{"price": "0.01", "size": "628.31"}, {"price": "0.02", "size": "163.62"}, {"price": "0.03", "size": "41.76"}, {"price": "0.04", "size": "18.36"}, {"price": "0.05", "size": "80"}, {"price": "0.06", "size": "33"}, {"price": "0.07", "size": "59.39"}, {"price": "0.08", "size": "158"}], "asks": [{"price": "0.99", "size": "614.69"}, {"price": "0.98", "size": "163.64"}, {"price": "0.97", "size": "33"}, {"price": "0.96", "size": "6.17"}, {"price": "0.95", "size": "125.57"}, {"price": "0.94", "size": "47.99"}], "event_type": "book", "last_trade_price": ""}, {"market": "0xfec19302f57a66854e16c9017e408e1c3cfb6961681468893957426ad284522f", "asset_id": "45097306828308663369749594792515469629641613354981253376207162396818836621173", "timestamp": "1769384330932", "hash": "c1fd995c6898a1c92b62da9ea6366882e0043949", "bids": [{"price": "0.01", "size": "228.27"}, {"price": "0.02", "size": "163.62"}, {"price": "0.03", "size": "658.42"}, {"price": "0.04", "size": "18.37"}, {"price": "0.05", "size": "80"}, {"price": "0.06", "size": "33"}, {"price": "0.07", "size": "61.39"}, {"price": "0.08", "size": "158"}], "asks": [{"price": "0.99", "size": "614.69"}, {"price": "0.98", "size": "163.64"}, {"price": "0.97", "size": "33"}, {"price": "0.96", "size": "6.17"}, {"price": "0.95", "size": "108"}, {"price": "0.94", "size": "55.07"}], "event_type": "book", "last_trade_price": ""}, {"market": "0x653990b7f8de12f089435ab9bf10e3bd31155ba8971bf632f4b3c6fe5a6ed658", "asset_id": "1064409242815827880207099433478053432313496791771573572858513993810690028955", "timestamp": "1769384140684", "hash": "0da5ed0246bd4726e187111f90f316c23c375fe5", "bids": [{"price": "0.01", "size": "628.24"}, {"price": "0.02", "size": "163.17"}, {"price": "0.03", "size": "42.08"}, {"price": "0.04", "size": "18.36"}, {"price": "0.05", "size": "80"}, {"price": "0.06", "size": "33"}, {"price": "0.07", "size": "59.39"}, {"price": "0.08", "size": "158"}], "asks": [{"price": "0.99", "size": "614.69"}, {"price": "0.98", "size": "163.64"}, {"price": "0.97", "size": "33"}, {"price": "0.96", "size": "6.17"}, {"price": "0.95", "size": "108"}, {"price": "0.94", "size": "54.27"}], "event_type": "book", "last_trade_price": ""}, {"market": "0x78994b44b7c4bd15837d3c3724411b694fd8d86d46b3f3cb47bcb679c0ab67f8", "asset_id": "30219493197736322755926168044950261830971297172292188480869452379435390590045", "timestamp": "1769384142220", "hash": "92e1501820fc1a0ebdbf04c3264d668a2dba693c", "bids": [{"price": "0.01", "size": "614.69"}, {"price": "0.02", "size": "163.64"}, {"price": "0.03", "size": "33"}, {"price": "0.04", "size": "6.17"}, {"price": "0.05", "size": "125.57"}, {"price": "0.06", "size": "47.99"}], "asks": [{"price": "0.99", "size": "628.31"}, {"price": "0.98", "size": "163.62"}, {"price": "0.97", "size": "41.76"}, {"price": "0.96", "size": "18.36"}, {"price": "0.95", "size": "80"}, {"price": "0.94", "size": "33"}, {"price": "0.93", "size": "59.39"}, {"price": "0.92", "size": "158"}], "event_type": "book", "last_trade_price": ""}]}
