{"_local_timestamp": "2026-01-25T23:34:22.332631+00:00", "data": [{"market": "0x64202d3f3361c8db368c7034a35eebb4206ad84b523a16c51e27de63b17385ef", "asset_id": "97693782902533606581920617991754309723015908715988163694152352621162687177586", "timestamp": "1769384008553", "hash": "f0f52637c4a973ea5410963b42522af194acd480", "bids": [{"price": "0.01", "size": "614.69"}, {"price": "0.02", "size": "163.64"}, {"price": "0.03", "size": "66"}, {"price": "0.04", "size": "79.17"}, {"price": "0.05", "size": "60"}, {"price": "0.06", "size": "38.47"}], "asks": [{"price": "0.99", "size": "627.2"}, {"price": "0.98", "size": "263.62"}, {"price": "0.97", "size": "33.61"}, {"price": "0.95", "size": "60"}, {"price": "0.94", "size": "33"}, {"price": "0.93", "size": "54.39"}, {"price": "0.92", "size": "158"}], "event_type": "book", "last_trade_price": ""}, {"market": "0x03d3a2f11888aa82ec016df7f42d57d8d90205da6a9c2c7a527060a587a232b0", "asset_id": "32360254699832004582419443767576703593460970877720836911490173368277669709819", "timestamp": "1769384008553", "hash": "5798a7945296a2c24a0c40fde5828eae0844048a", "bids": [{"price": "0.01", "size": "614.69"}, {"price": "0.02", "size": "163.64"}, {"price": "0.03", "size": "66"}, {"price": "0.04", "size": "79.17"}, {"price": "0.05", "size": "60"}, {"price": "0.06", "size": "38.47"}], "asks": [{"price": "0.99", "size": "627.18"}, {"price": "0.98", "size": "263.62"}, {"price": "0.97", "size": "33.61"}, {"price": "0.95", "size": "60"}, {"price": "0.94", "size": "33"}, {"price": "0.93", "size": "56.39"}, {"price": "0.92", "size": "158"}], "event_type": "book", "last_trade_price": ""}, {"market": "0x64202d3f3361c8db368c7034a35eebb4206ad84b523a16c51e27de63b17385ef", "asset_id": "86483451047308184314482009466400089561055215709983475254715591487702438198503", "timestamp": "1769384008553", "hash": "a7beee9399881f78adc1d9fa41ac4db12dade4fb", "bids": [{"price": "0.01", "size": "627.2"}, {"price": "0.02", "size": "263.62"}, {"price": "0.03", "size": "33.61"}, {"price": "0.05", "size": "60"}, {"price": "0.06", "size": "33"}, {"price": "0.07", "size": "54.39"}, {"price": "0.08", "size": "158"}], "asks": [{"price": "0.99", "size": "614.69"}, {"price": "0.98", "size": "163.64"}, {"price": "0.97", "size": "66"}, {"price": "0.96", "size": "79.17"}, {"price": "0.95", "size": "60"}, {"price": "0.94", "size": "38.47"}], "event_type": "book", "last_trade_price": ""}, {"market": "0x8dc6e941372e2ddf38af05bba74945265ed36073d7f4c4ad76179156dcafbc9a", "asset_id": "4003230357568123132113151111809658567999917966728531259106654115708665023142", "timestamp": "1769384011476", "hash": "29af5f10737c7357879950d812b752a0240b469f", "bids": [{"price": "0.01", "size": "627.18"}, {"price": "0.02", "size": "263.62"}, {"price": "0.03", "size": "16.5"}, {"price": "0.04", "size": "12.83"}, {"price": "0.05", "size": "60"}, {"price": "0.06", "size": "33"}, {"price": "0.07", "size": "54.39"}, {"price": "0.08", "size": "158"}], "asks": [{"price": "0.99", "size": "614.69"}, {"price": "0.98", "size": "163.64"}, {"price": "0.97", "size": "66"}, {"price": "0.96", "size": "79.17"}, {"price": "0.95", "size": "60"}, {"price": "0.94", "size": "38.47"}], "event_type": "book", "last_trade_price": ""}, {"market": "0x03d3a2f11888aa82ec016df7f42d57d8d90205da6a9c2c7a527060a587a232b0", "asset_id": "61333711134607461932652922350947925402840151640923825057333099964739976794340", "timestamp": "1769384008553", "hash": "ae4a4c3d73586c554ea45a779536d9f8d865ffab", "bids": [{"price": "0.01", "size": "627.18"}, {"price": "0.02", "size": "263.62"}, {"price": "0.03", "size": "33.61"}, {"price": "0.05", "size": "60"}, {"price": "0.06", "size": "33"}, {"price": "0.07", "size": "56.39"}, {"price": "0.08", "size": "158"}], "asks": [{"price": "0.99", "size": "614.69"}, {"price": "0.98", "size": "163.64"}, {"price": "0.97", "size": "66"}, {"price": "0.96", "size": "79.17"}, {"price": "0.95", "size": "60"}, {"price": "0.94", "size": "38.47"}], "event_type": "book", "last_trade_price": ""}, {"market": "0x8dc6e941372e2ddf38af05bba74945265ed36073d7f4c4ad76179156dcafbc9a", "asset_id": "60016490448892378625108771888630215797388869692163749421915524086127449946695", "timestamp": "1769384011476", "hash": "0224c2cf7f11baab2b1f81e69ae831a2343c9627", "bids": [{"price": "0.01", "size": "614.69"}, {"price": "0.02", "size": "163.64"}, {"price": "0.03", "size": "66"}, {"price": "0.04", "size": "79.17"}, {"price": "0.05", "size": "60"}, {"price": "0.06", "size": "38.47"}], "asks": [{"price": "0.99", "size": "627.18"}, {"price": "0.98", "size": "263.62"}, {"price": "0.97", "size": "16.5"}, {"price": "0.96", "size": "12.83"}, {"price": "0.95", "size": "60"}, {"price": "0.94", "size": "33"}, {"price": "0.93", "size": "54.39"}, {"price": "0.92", "size": "158"}], "event_type": "book", "last_trade_price": ""}]}
