{"_local_timestamp": "2026-01-25T23:34:15.070392+00:00", "data": [{"market": "0x2ca6997d9d9c45ce3b7806d6ad157dc57f44c32679f452d2d3e6b0c7833f5bd2", "asset_id": "29405010444506135197813917350252604597730278801289034936268774475455841410004", "timestamp": "1769383347527", "hash": "e403b019e73356bf812504c2dfe23512c9d9a5af", "bids": [{"price": "0.01", "size": "614.69"}, {"price": "0.02", "size": "663.64"}, {"price": "0.03", "size": "233"}, {"price": "0.04", "size": "22.17"}, {"price": "0.05", "size": "80"}, {"price": "0.06", "size": "54.27"}], "asks": [{"price": "0.99", "size": "429.74"}, {"price": "0.98", "size": "436.27"}, {"price": "0.97", "size": "40.25"}, {"price": "0.96", "size": "630.07"}, {"price": "0.95", "size": "164.44"}, {"price": "0.94", "size": "115"}, {"price": "0.93", "size": "325.01"}], "event_type": "book", "last_trade_price": ""}, {"market": "0xb0aeeb781d68f9a9d6d46ee4a0a20aece6b1cfacb7b7d1b095c82a3405dcb3ef", "asset_id": "4949055115792375466631286980348286244473139679972020542920668071884046399981", "timestamp": "1769383338440", "hash": "065e4cb062e82dc85950e90723c5244cb238368e", "bids": [{"price": "0.01", "size": "614.69"}, {"price": "0.02", "size": "663.64"}, {"price": "0.03", "size": "233"}, {"price": "0.04", "size": "22.17"}, {"price": "0.05", "size": "80"}, {"price": "0.06", "size": "54.27"}], "asks": [{"price": "0.99", "size": "229.74"}, {"price": "0.98", "size": "161.27"}, {"price": "0.97", "size": "656.91"}, {"price": "0.96", "size": "305.07"}, {"price": "0.95", "size": "489.44"}, {"price": "0.94", "size": "277"}, {"price": "0.93", "size": "325.01"}], "event_type": "book", "last_trade_price": ""}, {"market": "0xb0aeeb781d68f9a9d6d46ee4a0a20aece6b1cfacb7b7d1b095c82a3405dcb3ef", "asset_id": "103254428513828414880559066197508492495531758006380992808563455787353454166726", "timestamp": "1769383338440", "hash": "9cb38fc12ecfd2400077ccb1bb83bbca111f42bb", "bids": [{"price": "0.01", "size": "229.74"}, {"price": "0.02", "size": "161.27"}, {"price": "0.03", "size": "656.91"}, {"price": "0.04", "size": "305.07"}, {"price": "0.05", "size": "489.44"}, {"price": "0.06", "size": "277"}, {"price": "0.07", "size": "325.01"}], "asks": [{"price": "0.99", "size": "614.69"}, {"price": "0.98", "size": "663.64"}, {"price": "0.97", "size": "233"}, {"price": "0.96", "size": "22.17"}, {"price": "0.95", "size": "80"}, {"price": "0.94", "size": "54.27"}], "event_type": "book", "last_trade_price": ""}, {"market": "0xdde48a58adcafb6063615aa4a2fc1da072e585a863f0691515b1095157a456c5", "asset_id": "108765972628022719172331604526033879641228138051874583948127237215048376646647", "timestamp": "1769383332143", "hash": "5595099688b7b1a8918c08d36f41abd44d90edcd", "bids": [{"price": "0.01", "size": "614.69"}, {"price": "0.02", "size": "663.64"}, {"price": "0.03", "size": "233"}, {"price": "0.04", "size": "22.17"}, {"price": "0.05", "size": "80"}, {"price": "0.06", "size": "54.27"}], "asks": [{"price": "0.99", "size": "229.74"}, {"price": "0.98", "size": "161.27"}, {"price": "0.97", "size": "656.91"}, {"price": "0.96", "size": "305.07"}, {"price": "0.95", "size": "489.44"}, {"price": "0.94", "size": "277"}, {"price": "0.93", "size": "325.01"}], "event_type": "book", "last_trade_price": ""}, {"market": "0xdde48a58adcafb6063615aa4a2fc1da072e585a863f0691515b1095157a456c5", "asset_id": "110990046764386177573152121972906307776954294292887790044662754129222688048044", "timestamp": "1769383332143", "hash": "30041351b9f56e6feeec2fa0378e825d47aa01e8", "bids": [{"price": "0.01", "size": "229.74"}, {"price": "0.02", "size": "161.27"}, {"price": "0.03", "size": "656.91"}, {"price": "0.04", "size": "305.07"}, {"price": "0.05", "size": "489.44"}, {"price": "0.06", "size": "277"}, {"price": "0.07", "size": "325.01"}], "asks": [{"price": "0.99", "size": "614.69"}, {"price": "0.98", "size": "663.64"}, {"price": "0.97", "size": "233"}, {"price": "0.96", "size": "22.17"}, {"price": "0.95", "size": "80"}, {"price": "0.94", "size": "54.27"}], "event_type": "book", "last_trade_price": ""}, {"market": "0x2ca6997d9d9c45ce3b7806d6ad157dc57f44c32679f452d2d3e6b0c7833f5bd2", "asset_id": "34658231633075612728067646986692798942149466051391815840654043716582849577322", "timestamp": "1769383347527", "hash": "00fca8dbbcbe1a9bc4c743ef6beb7740ab895921", "bids": [{"price": "0.01", "size": "429.74"}, {"price": "0.02", "size": "436.27"}, {"price": "0.03", "size": "40.25"}, {"price": "0.04", "size": "630.07"}, {"price": "0.05", "size": "164.44"}, {"price": "0.06", "size": "115"}, {"price": "0.07", "size": "325.01"}], "asks": [{"price": "0.99", "size": "614.69"}, {"price": "0.98", "size": "663.64"}, {"price": "0.97", "size": "233"}, {"price": "0.96", "size": "22.17"}, {"price": "0.95", "size": "80"}, {"price": "0.94", "size": "54.27"}], "event_type": "book", "last_trade_price": ""}]}
{"_local_timestamp": "2026-01-25T23:34:52.355317+00:00", "data": {"market": "0x2ca6997d9d9c45ce3b7806d6ad157dc57f44c32679f452d2d3e6b0c7833f5bd2", "price_changes": [{"asset_id": "34658231633075612728067646986692798942149466051391815840654043716582849577322", "price": "0.07", "size": "316.66", "side": "BUY", "hash": "f492915e71d9e07e5ac096218d4a86f6b5f43e81", "best_bid": "0.07", "best_ask": "0.94"}, {"asset_id": "29405010444506135197813917350252604597730278801289034936268774475455841410004", "price": "0.93", "size": "316.66", "side": "SELL", "hash": "2622b516a1e942bf20c2ea17e2df5fb29859fa52", "best_bid": "0.06", "best_ask": "0.93"}], "timestamp": "1769384092279", "event_type": "price_change"}}
{"_local_timestamp": "2026-01-25T23:34:52.356568+00:00", "data": {"market": "0xdde48a58adcafb6063615aa4a2fc1da072e585a863f0691515b1095157a456c5", "price_changes": [{"asset_id": "110990046764386177573152121972906307776954294292887790044662754129222688048044", "price": "0.07", "size": "316.66", "side": "BUY", "hash": "b707e1103eeca0e2fc997b2e3fd94124e3b872fd", "best_bid": "0.07", "best_ask": "0.94"}, {"asset_id": "108765972628022719172331604526033879641228138051874583948127237215048376646647", "price": "0.93", "size": "316.66", "side": "SELL", "hash": "7b2bb005afd717720371061a1371e1e777294072", "best_bid": "0.06", "best_ask": "0.93"}], "timestamp": "1769384092279", "event_type": "price_change"}}
{"_local_timestamp": "2026-01-25T23:34:54.950731+00:00", "data": {"market": "0x2ca6997d9d9c45ce3b7806d6ad157dc57f44c32679f452d2d3e6b0c7833f5bd2", "price_changes": [{"asset_id": "34658231633075612728067646986692798942149466051391815840654043716582849577322", "price": "0.07", "size": "325.01", "side": "BUY", "hash": "e478f4ac130ee320acf5b19c72e41872fd270394", "best_bid": "0.07", "best_ask": "0.94"}, {"asset_id": "29405010444506135197813917350252604597730278801289034936268774475455841410004", "price": "0.93", "size": "325.01", "side": "SELL", "hash": "c46a686ab8a82806999a446714dfe0edf9938d9e", "best_bid": "0.06", "best_ask": "0.93"}], "timestamp": "1769384094883", "event_type": "price_change"}}
{"_local_timestamp": "2026-01-25T23:34:54.954394+00:00", "data": {"market": "0xdde48a58adcafb6063615aa4a2fc1da072e585a863f0691515b1095157a456c5", "price_changes": [{"asset_id": "110990046764386177573152121972906307776954294292887790044662754129222688048044", "price": "0.07", "size": "325.01", "side": "BUY", "hash": "81f612e07139a15d239efaf9df3eeea906f95c97", "best_bid": "0.07", "best_ask": "0.94"}, {"asset_id": "108765972628022719172331604526033879641228138051874583948127237215048376646647", "price": "0.93", "size": "325.01", "side": "SELL", "hash": "46e7f9a769ce646ab62a0804c58afbf1ec576b33", "best_bid": "0.06", "best_ask": "0.93"}], "timestamp": "1769384094885", "event_type": "price_change"}}
{"_local_timestamp": "2026-01-25T23:36:28.419090+00:00", "data": {"market": "0xb0aeeb781d68f9a9d6d46ee4a0a20aece6b1cfacb7b7d1b095c82a3405dcb3ef", "price_changes": [{"asset_id": "103254428513828414880559066197508492495531758006380992808563455787353454166726", "price": "0.07", "size": "316.66", "side": "BUY", "hash": "3bf033c1141a4abd06e27d0b01a67e98e0964334", "best_bid": "0.07", "best_ask": "0.94"}, {"asset_id": "4949055115792375466631286980348286244473139679972020542920668071884046399981", "price": "0.93", "size": "316.66", "side": "SELL", "hash": "3927ee958e24c4607806e37ef77483a142ccd473", "best_bid": "0.06", "best_ask": "0.93"}], "timestamp": "1769384188351", "event_type": "price_change"}}
{"_local_timestamp": "2026-01-25T23:36:31.308673+00:00", "data": {"market": "0xb0aeeb781d68f9a9d6d46ee4a0a20aece6b1cfacb7b7d1b095c82a3405dcb3ef", "price_changes": [{"asset_id": "103254428513828414880559066197508492495531758006380992808563455787353454166726", "price": "0.07", "size": "325.01", "side": "BUY", "hash": "4e3ebe6ecb3ca55b7dca282119b54546aa47ab95", "best_bid": "0.07", "best_ask": "0.94"}, {"asset_id": "4949055115792375466631286980348286244473139679972020542920668071884046399981", "price": "0.93", "size": "325.01", "side": "SELL", "hash": "bf6634bb31e31a8de0579ff966f583c6ce2dd14d", "best_bid": "0.06", "best_ask": "0.93"}], "timestamp": "1769384191236", "event_type": "price_change"}}
