{"_local_timestamp": "2026-01-25T23:34:15.610455+00:00", "data": [{"market": "0xbb28359f4c9c0f14b3a7f8622e1a3f3c51b18a36929fa5f53b4d573f033d18f1", "asset_id": "88935552803805200614363760402590819779763081586466777299788105505305613405537", "timestamp": "1769382484881", "hash": "e320e9fa237d1a8073d52916c2bf754bc7e4a68d", "bids": [{"price": "0.01", "size": "628.34"}, {"price": "0.02", "size": "163.62"}, {"price": "0.03", "size": "41.76"}, {"price": "0.04", "size": "306.34"}, {"price": "0.05", "size": "489.61"}, {"price": "0.06", "size": "277"}, {"price": "0.07", "size": "323.05"}], "asks": [{"price": "0.99", "size": "614.69"}, {"price": "0.98", "size": "663.64"}, {"price": "0.97", "size": "233"}, {"price": "0.96", "size": "6.17"}, {"price": "0.95", "size": "209"}, {"price": "0.94", "size": "51.07"}], "event_type": "book", "last_trade_price": ""}, {"market": "0x75205debda2469b435f6a7bdf04a5be4c7a2d6d931271576bd28ab8403d20ec8", "asset_id": "13501012076436959330319624880544756666036439022614397680029709151889538894177", "timestamp": "1769382483670", "hash": "454976f1484371b529e0a15480eccd4aba938a82", "bids": [{"price": "0.01", "size": "614.69"}, {"price": "0.02", "size": "788.64"}, {"price": "0.03", "size": "108"}, {"price": "0.04", "size": "6.17"}, {"price": "0.05", "size": "216"}, {"price": "0.06", "size": "51.07"}], "asks": [{"price": "0.99", "size": "628.34"}, {"price": "0.98", "size": "163.62"}, {"price": "0.97", "size": "41.76"}, {"price": "0.96", "size": "306.34"}, {"price": "0.95", "size": "489.61"}, {"price": "0.94", "size": "277"}, {"price": "0.93", "size": "323.05"}], "event_type": "book", "last_trade_price": ""}, {"market": "0xbb28359f4c9c0f14b3a7f8622e1a3f3c51b18a36929fa5f53b4d573f033d18f1", "asset_id": "51433625680994135683263608644841555656721195106627818686516781096752573747506", "timestamp": "1769382484881", "hash": "571a8312d62c7222e0bb9e1a9fec1a26b481f890", "bids": [{"price": "0.01", "size": "614.69"}, {"price": "0.02", "size": "663.64"}, {"price": "0.03", "size": "233"}, {"price": "0.04", "size": "6.17"}, {"price": "0.05", "size": "209"}, {"price": "0.06", "size": "51.07"}], "asks": [{"price": "0.99", "size": "628.34"}, {"price": "0.98", "size": "163.62"}, {"price": "0.97", "size": "41.76"}, {"price": "0.96", "size": "306.34"}, {"price": "0.95", "size": "489.61"}, {"price": "0.94", "size": "277"}, {"price": "0.93", "size": "323.05"}], "event_type": "book", "last_trade_price": ""}, {"market": "0xa40603fa43a57df7b66251f969e67e31d2cdfc4d5a8398f8c903b7220dbf67bb", "asset_id": "68527632598602202603414291907802845451958563357994472993635920725547689988896", "timestamp": "1769383976061", "hash": "83718e6db080f83f1106f50415866e70ef69b774", "bids": [{"price": "0.01", "size": "614.69"}, {"price": "0.02", "size": "788.64"}, {"price": "0.03", "size": "108"}, {"price": "0.04", "size": "6.17"}, {"price": "0.05", "size": "216"}, {"price": "0.06", "size": "55.07"}], "asks": [{"price": "0.99", "size": "230.45"}, {"price": "0.98", "size": "161.27"}, {"price": "0.97", "size": "656.91"}, {"price": "0.96", "size": "305.24"}, {"price": "0.95", "size": "487.95"}, {"price": "0.94", "size": "276"}, {"price": "0.93", "size": "325.88"}], "event_type": "book", "last_trade_price": ""}, {"market": "0x75205debda2469b435f6a7bdf04a5be4c7a2d6d931271576bd28ab8403d20ec8", "asset_id": "55289877074305856631459294023430236980882946763755169701539731538263912400453", "timestamp": "1769382483670", "hash": "1a63a7d2a577b90c3efbae4959bdf6ec8090a6b2", "bids": [{"price": "0.01", "size": "628.34"}, {"price": "0.02", "size": "163.62"}, {"price": "0.03", "size": "41.76"}, {"price": "0.04", "size": "306.34"}, {"price": "0.05", "size": "489.61"}, {"price": "0.06", "size": "277"}, {"price": "0.07", "size": "323.05"}], "asks": [{"price": "0.99", "size": "614.69"}, {"price": "0.98", "size": "788.64"}, {"price": "0.97", "size": "108"}, {"price": "0.96", "size": "6.17"}, {"price": "0.95", "size": "216"}, {"price": "0.94", "size": "51.07"}], "event_type": "book", "last_trade_price": ""}, {"market": "0xa40603fa43a57df7b66251f969e67e31d2cdfc4d5a8398f8c903b7220dbf67bb", "asset_id": "111100041170792119961881454897554856815453794081614303456186392989753171214582", "timestamp": "1769383976061", "hash": "e8b6dfc757406209aa0b6121b4265df26b2682ae", "bids": [{"price": "0.01", "size": "230.45"}, {"price": "0.02", "size": "161.27"}, {"price": "0.03", "size": "656.91"}, {"price": "0.04", "size": "305.24"}, {"price": "0.05", "size": "487.95"}, {"price": "0.06", "size": "276"}, {"price": "0.07", "size": "325.88"}], "asks": [{"price": "0.99", "size": "614.69"}, {"price": "0.98", "size": "788.64"}, {"price": "0.97", "size": "108"}, {"price": "0.96", "size": "6.17"}, {"price": "0.95", "size": "216"}, {"price": "0.94", "size": "55.07"}], "event_type": "book", "last_trade_price": ""}]}
