{"_local_timestamp": "2026-01-25T23:41:23.219987+00:00", "data": [{"market": "0x1746876c5a744c142ba57960a2b14c7cc41497e4ee59ae68df34102e58b1d6f0", "asset_id": "27056964780786712048614975873610271635552144197564132046834982567756461333757", "timestamp": "1769382483674", "hash": "dedd7a7998c2e500d7cdf738c8525349a0e30e90", "bids": [{"price": "0.01", "size": "468.07"}, {"price": "0.02", "size": "298.17"}, {"price": "0.03", "size": "20.52"}, {"price": "0.04", "size": "5.47"}], "asks": [{"price": "0.99", "size": "450"}, {"price": "0.98", "size": "300"}], "event_type": "book", "last_trade_price": ""}, {"market": "0xd0685453e584e10fafb32fa43f62d2efd7c781b32e26650d7c7c9d42a0168123", "asset_id": "52850012186540367575280352211853230969542728730956259738140305923970366550005", "timestamp": "1769382527673", "hash": "f69c7a56ca1261528866b14d3ceed367e5a4f0ce", "bids": [{"price": "0.01", "size": "450"}, {"price": "0.02", "size": "300"}], "asks": [{"price": "0.99", "size": "470.74"}, {"price": "0.98", "size": "295.03"}, {"price": "0.97", "size": "21.73"}, {"price": "0.96", "size": "5.47"}], "event_type": "book", "last_trade_price": ""}, {"market": "0x8d032b7ab985780d3986c4192b20924636259f499051688b7ee6ca25611a8800", "asset_id": "67176736546352988308406401420673331361112347819477332419843715569937517967943", "timestamp": "1769384296122", "hash": "289c883b7851564bab106ab572f29f9f16cab5fd", "bids": [{"price": "0.01", "size": "614.79"}, {"price": "0.02", "size": "156.7"}, {"price": "0.03", "size": "12.97"}, {"price": "0.05", "size": "128"}, {"price": "0.06", "size": "43.95"}], "asks": [{"price": "0.99", "size": "614.79"}, {"price": "0.98", "size": "163.72"}, {"price": "0.97", "size": "16"}, {"price": "0.96", "size": "104.21"}, {"price": "0.95", "size": "70"}, {"price": "0.94", "size": "38.48"}], "event_type": "book", "last_trade_price": ""}, {"market": "0x0ee0b3b56e3c205ab147d3a01dda23eb54fa945ddc90220b7774b731a85b66bf", "asset_id": "70957847153350469525242861173743287304550571764176127933669905547206240214134", "timestamp": "1769383079912", "hash": "b4ccdda1d73de4d3aabd4e160f0de557513b141c", "bids": [{"price": "0.01", "size": "450"}, {"price": "0.02", "size": "292"}], "asks": [{"price": "0.99", "size": "470.74"}, {"price": "0.98", "size": "295.03"}, {"price": "0.97", "size": "21.73"}, {"price": "0.96", "size": "5.47"}], "event_type": "book", "last_trade_price": ""}, {"market": "0x1746876c5a744c142ba57960a2b14c7cc41497e4ee59ae68df34102e58b1d6f0", "asset_id": "92425212271534024343884511643574335204099211834384704873217836377230079300282", "timestamp": "1769382483674", "hash": "53949530805680e7d48f35360c4cf0c7e65469d5", "bids": [{"price": "0.01", "size": "450"}, {"price": "0.02", "size": "300"}], "asks": [{"price": "0.99", "size": "468.07"}, {"price": "0.98", "size": "298.17"}, {"price": "0.97", "size": "20.52"}, {"price": "0.96", "size": "5.47"}], "event_type": "book", "last_trade_price": ""}, {"market": "0x8d032b7ab985780d3986c4192b20924636259f499051688b7ee6ca25611a8800", "asset_id": "78558235306144302184155853591132658050036869634513606947236807801777191796831", "timestamp": "1769384296122", "hash": "bf3da1cb0ae13f5a99b8742e5680dfbbf3edaa8f", "bids": [{"price": "0.01", "size": "614.79"}, {"price": "0.02", "size": "163.72"}, {"price": "0.03", "size": "16"}, {"price": "0.04", "size": "104.21"}, {"price": "0.05", "size": "70"}, {"price": "0.06", "size": "38.48"}], "asks": [{"price": "0.99", "size": "614.79"}, {"price": "0.98", "size": "156.7"}, {"price": "0.97", "size": "12.97"}, {"price": "0.95", "size": "128"}, {"price": "0.94", "size": "43.95"}], "event_type": "book", "last_trade_price": ""}, {"market": "0xd0685453e584e10fafb32fa43f62d2efd7c781b32e26650d7c7c9d42a0168123", "asset_id": "39870448617749570730433228576116651183317109781218913987416356089847642549936", "timestamp": "1769382527673", "hash": "64c043788e1b2da4dd8d527930423ba4e576398a", "bids": [{"price": "0.01", "size": "470.74"}, {"price": "0.02", "size": "295.03"}, {"price": "0.03", "size": "21.73"}, {"price": "0.04", "size": "5.47"}], "asks": [{"price": "0.99", "size": "450"}, {"price": "0.98", "size": "300"}], "event_type": "book", "last_trade_price": ""}, {"market": "0x0d54be85eb848a724a2a7a69cbe357830affe47d581cf022d7cffa91d7c27a33", "asset_id": "77016854246091087396070930773285247070265559621808257668576800015736142375313", "timestamp": "1769384345972", "hash": "5b1bdc7388cb76a3a4d0c57d20c8378587d71c6e", "bids": [{"price": "0.01", "size": "471.33"}, {"price": "0.02", "size": "294.83"}, {"price": "0.03", "size": "10.81"}, {"price": "0.04", "size": "13.61"}], "asks": [{"price": "0.99", "size": "450"}, {"price": "0.98", "size": "292"}], "event_type": "book", "last_trade_price": ""}, {"market": "0x0d54be85eb848a724a2a7a69cbe357830affe47d581cf022d7cffa91d7c27a33", "asset_id": "20179667707316372478266118370247827502905913844995772603319361824163417736105", "timestamp": "1769384345972", "hash": "8a6b92214d7bbc1e6521ca2ebc5f083afbe70005", "bids": [{"price": "0.01", "size": "450"}, {"price": "0.02", "size": "292"}], "asks": [{"price": "0.99", "size": "471.33"}, {"price": "0.98", "size": "294.83"}, {"price": "0.97", "size": "10.81"}, {"price": "0.96", "size": "13.61"}], "event_type": "book", "last_trade_price": ""}, {"market": "0x0ee0b3b56e3c205ab147d3a01dda23eb54fa945ddc90220b7774b731a85b66bf", "asset_id": "3165088663282887894149644592122795628106971977173905075333814192852069863647", "timestamp": "1769383079912", "hash": "2eabad75e8b4e71645d9f4d3956fbf5f15aa9261", "bids": [{"price": "0.01", "size": "470.74"}, {"price": "0.02", "size": "295.03"}, {"price": "0.03", "size": "21.73"}, {"price": "0.04", "size": "5.47"}], "asks": [{"price": "0.99", "size": "450"}, {"price": "0.98", "size": "292"}], "event_type": "book", "last_trade_price": ""}]}
