{"_local_timestamp": "2026-01-25T23:34:17.138491+00:00", "data": [{"market": "0xa1d001655dd2e9d54b73c9051988c0ec935038272b2364eda78f19675cebf36f", "asset_id": "3754392293786650417442104614141576845051115002661482575472558793376554106306", "timestamp": "1769382483673", "hash": "fb11b023235ea61929c735a6becc003e9a95ccd6", "bids": [{"price": "0.01", "size": "549.87"}, {"price": "0.02", "size": "156.69"}, {"price": "0.03", "size": "140.68"}, {"price": "0.05", "size": "11.81"}], "asks": [{"price": "0.99", "size": "552.04"}, {"price": "0.98", "size": "160.48"}, {"price": "0.97", "size": "209.65"}, {"price": "0.96", "size": "39.24"}], "event_type": "book", "last_trade_price": ""}, {"market": "0xa13cdb22153e80383fbdda115bd2775d794518c5d8c4d301f93571ea01d1da39", "asset_id": "60431310658721401352023378662364531245302868619756733899411613503725531210004", "timestamp": "1769382722511", "hash": "911556222c8315905d317bcb01144b2169556ea9", "bids": [{"price": "0.01", "size": "644.79"}, {"price": "0.02", "size": "157.03"}, {"price": "0.03", "size": "12.75"}, {"price": "0.04", "size": "64"}, {"price": "0.05", "size": "100"}, {"price": "0.06", "size": "38.48"}], "asks": [{"price": "0.99", "size": "644.79"}, {"price": "0.98", "size": "157.03"}, {"price": "0.97", "size": "12.74"}, {"price": "0.95", "size": "127"}, {"price": "0.94", "size": "43.95"}], "event_type": "book", "last_trade_price": ""}, {"market": "0x8f746d019c8a165c37c30adca575b43ac1988a3d53abdd9b6265b384a4845dc6", "asset_id": "34896096724079432469199911787920483648645290540316028582510922848273812534990", "timestamp": "1769383796976", "hash": "39f3386099c2ec72fcdd01f401ba2acf12dcc8dc", "bids": [{"price": "0.01", "size": "569.66"}, {"price": "0.02", "size": "160.56"}, {"price": "0.03", "size": "142.07"}, {"price": "0.04", "size": "5.47"}], "asks": [{"price": "0.99", "size": "552.04"}, {"price": "0.98", "size": "160.48"}, {"price": "0.97", "size": "212.65"}, {"price": "0.96", "size": "39.24"}], "event_type": "book", "last_trade_price": ""}, {"market": "0xa13cdb22153e80383fbdda115bd2775d794518c5d8c4d301f93571ea01d1da39", "asset_id": "98060899247762357595487885171581625445150371369266771663922507140886256736939", "timestamp": "1769382722511", "hash": "78fb90ca76896eee64ba9d3a16671ffdfa836256", "bids": [{"price": "0.01", "size": "644.79"}, {"price": "0.02", "size": "157.03"}, {"price": "0.03", "size": "12.74"}, {"price": "0.05", "size": "127"}, {"price": "0.06", "size": "43.95"}], "asks": [{"price": "0.99", "size": "644.79"}, {"price": "0.98", "size": "157.03"}, {"price": "0.97", "size": "12.75"}, {"price": "0.96", "size": "64"}, {"price": "0.95", "size": "100"}, {"price": "0.94", "size": "38.48"}], "event_type": "book", "last_trade_price": ""}, {"market": "0xec2988ff9be8dd073f45fcdca0c909f0a998602324ec4d14108d9752e45c81f7", "asset_id": "65387306435595709190366175778540104214072296559510013351608545690097898313925", "timestamp": "1769383942265", "hash": "9f5b6d95f5730869148b0e3bd0e14e59e398500d", "bids": [{"price": "0.01", "size": "552.04"}, {"price": "0.02", "size": "160.48"}, {"price": "0.03", "size": "212.65"}, {"price": "0.04", "size": "39.24"}], "asks": [{"price": "0.99", "size": "91543.89"}, {"price": "0.98", "size": "160.56"}, {"price": "0.97", "size": "139.58"}, {"price": "0.95", "size": "11.22"}], "event_type": "book", "last_trade_price": ""}, {"market": "0x8f746d019c8a165c37c30adca575b43ac1988a3d53abdd9b6265b384a4845dc6", "asset_id": "80770431799103317437803573185686014912732074378039405814689200386534552309242", "timestamp": "1769383796976", "hash": "498552cc3b6b3602ac93ea34b6ecea451650b6d7", "bids": [{"price": "0.01", "size": "552.04"}, {"price": "0.02", "size": "160.48"}, {"price": "0.03", "size": "212.65"}, {"price": "0.04", "size": "39.24"}], "asks": [{"price": "0.99", "size": "569.66"}, {"price": "0.98", "size": "160.56"}, {"price": "0.97", "size": "142.07"}, {"price": "0.96", "size": "5.47"}], "event_type": "book", "last_trade_price": ""}, {"market": "0xec2988ff9be8dd073f45fcdca0c909f0a998602324ec4d14108d9752e45c81f7", "asset_id": "25592747642538644811378457168767598366639294046214669813470781155033629816460", "timestamp": "1769383942265", "hash": "604db22b2641620f22c54aa18f1d9545e0c23600", "bids": [{"price": "0.01", "size": "91543.89"}, {"price": "0.02", "size": "160.56"}, {"price": "0.03", "size": "139.58"}, {"price": "0.05", "size": "11.22"}], "asks": [{"price": "0.99", "size": "552.04"}, {"price": "0.98", "size": "160.48"}, {"price": "0.97", "size": "212.65"}, {"price": "0.96", "size": "39.24"}], "event_type": "book", "last_trade_price": ""}, {"market": "0xa1d001655dd2e9d54b73c9051988c0ec935038272b2364eda78f19675cebf36f", "asset_id": "69716983486222327307075236124775269163469158998300042084083024530803189644080", "timestamp": "1769382483673", "hash": "06386890fc54f1911ee656e268e22c61231f2715", "bids": [{"price": "0.01", "size": "552.04"}, {"price": "0.02", "size": "160.48"}, {"price": "0.03", "size": "209.65"}, {"price": "0.04", "size": "39.24"}], "asks": [{"price": "0.99", "size": "549.87"}, {"price": "0.98", "size": "156.69"}, {"price": "0.97", "size": "140.68"}, {"price": "0.95", "size": "11.81"}], "event_type": "book", "last_trade_price": ""}, {"market": "0x1f277cf843c579d93d49732ee2e439376330a5cb45e88a9a092a97fddbc27778", "asset_id": "64723964000634158339721030694929189961171254519577723652682628291372553325355", "timestamp": "1769383982848", "hash": "86021c18e7e46c31880103c076880c36361e890f", "bids": [{"price": "0.01", "size": "569.66"}, {"price": "0.02", "size": "160.56"}, {"price": "0.03", "size": "141.07"}, {"price": "0.05", "size": "23.99"}, {"price": "0.06", "size": "5.47"}], "asks": [{"price": "0.99", "size": "552.04"}, {"price": "0.98", "size": "160.48"}, {"price": "0.97", "size": "209.65"}, {"price": "0.96", "size": "39.24"}], "event_type": "book", "last_trade_price": ""}, {"market": "0x1f277cf843c579d93d49732ee2e439376330a5cb45e88a9a092a97fddbc27778", "asset_id": "113689016014013412061872186958616756088096283154700121311713781848185532198422", "timestamp": "1769383982848", "hash": "d7c403b34815329a2063c7f6a742c964bfc613eb", "bids": [{"price": "0.01", "size": "552.04"}, {"price": "0.02", "size": "160.48"}, {"price": "0.03", "size": "209.65"}, {"price": "0.04", "size": "39.24"}], "asks": [{"price": "0.99", "size": "569.66"}, {"price": "0.98", "size": "160.56"}, {"price": "0.97", "size": "141.07"}, {"price": "0.95", "size": "23.99"}, {"price": "0.94", "size": "5.47"}], "event_type": "book", "last_trade_price": ""}]}
{"_local_timestamp": "2026-01-25T23:34:33.524276+00:00", "data": {"market": "0x1f277cf843c579d93d49732ee2e439376330a5cb45e88a9a092a97fddbc27778", "price_changes": [{"asset_id": "64723964000634158339721030694929189961171254519577723652682628291372553325355", "price": "0.05", "size": "0", "side": "BUY", "hash": "84fefe071c8b711c37397fa47541603a33dbd2b9", "best_bid": "0.06", "best_ask": "0.96"}, {"asset_id": "113689016014013412061872186958616756088096283154700121311713781848185532198422", "price": "0.95", "size": "0", "side": "SELL", "hash": "dcd7240a3beb70d776c918f0920603b4e8c8aacd", "best_bid": "0.04", "best_ask": "0.94"}], "timestamp": "1769384073281", "event_type": "price_change"}}
