{"_local_timestamp": "2026-01-25T23:41:27.115615+00:00", "data": [{"market": "0xc4e92d8a035e2b5e10c697089f22acab5799882a303aa19e0704c0ae60f71d73", "asset_id": "112178413585742003085946443179422918816113847599311318919814597210969753605056", "timestamp": "1769384015256", "hash": "2648795b65df4216d6e60d942711dd5c1bca668a", "bids": [{"price": "0.01", "size": "630.46"}, {"price": "0.02", "size": "263.62"}, {"price": "0.03", "size": "32.52"}, {"price": "0.05", "size": "60"}, {"price": "0.06", "size": "33"}, {"price": "0.07", "size": "56.39"}, {"price": "0.08", "size": "158"}], "asks": [{"price": "0.99", "size": "614.69"}, {"price": "0.98", "size": "163.64"}, {"price": "0.97", "size": "66"}, {"price": "0.96", "size": "82.17"}, {"price": "0.95", "size": "60"}, {"price": "0.94", "size": "38.47"}], "event_type": "book", "last_trade_price": ""}, {"market": "0xc4e92d8a035e2b5e10c697089f22acab5799882a303aa19e0704c0ae60f71d73", "asset_id": "107660881069628051786367262154316663198497366199759447506523656888344629622836", "timestamp": "1769384015256", "hash": "30a99c2781b87af880684e12f2cbfed0690d1c15", "bids": [{"price": "0.01", "size": "614.69"}, {"price": "0.02", "size": "163.64"}, {"price": "0.03", "size": "66"}, {"price": "0.04", "size": "82.17"}, {"price": "0.05", "size": "60"}, {"price": "0.06", "size": "38.47"}], "asks": [{"price": "0.99", "size": "630.46"}, {"price": "0.98", "size": "263.62"}, {"price": "0.97", "size": "32.52"}, {"price": "0.95", "size": "60"}, {"price": "0.94", "size": "33"}, {"price": "0.93", "size": "56.39"}, {"price": "0.92", "size": "158"}], "event_type": "book", "last_trade_price": ""}, {"market": "0x302b3387c3c288f0c81f24d968d2f4c7855481de628a73d2a6b229d092638785", "asset_id": "113797038005749314753864662682647766965770457532607712852398309600579937199250", "timestamp": "1769384015256", "hash": "24ad40fbab1aedfd389779f94651b02f99de012f", "bids": [{"price": "0.01", "size": "614.69"}, {"price": "0.02", "size": "163.64"}, {"price": "0.03", "size": "66"}, {"price": "0.04", "size": "82.17"}, {"price": "0.05", "size": "60"}, {"price": "0.06", "size": "38.47"}], "asks": [{"price": "0.99", "size": "632.05"}, {"price": "0.98", "size": "263.62"}, {"price": "0.97", "size": "31.99"}, {"price": "0.95", "size": "60"}, {"price": "0.94", "size": "33"}, {"price": "0.93", "size": "55.39"}, {"price": "0.92", "size": "158"}], "event_type": "book", "last_trade_price": ""}, {"market": "0x302b3387c3c288f0c81f24d968d2f4c7855481de628a73d2a6b229d092638785", "asset_id": "41788078532707562251043561968069796506051725024369199957362999050530905635456", "timestamp": "1769384015256", "hash": "a88526ab44331a143c8b7415a16de3761a7718ec", "bids": [{"price": "0.01", "size": "632.05"}, {"price": "0.02", "size": "263.62"}, {"price": "0.03", "size": "31.99"}, {"price": "0.05", "size": "60"}, {"price": "0.06", "size": "33"}, {"price": "0.07", "size": "55.39"}, {"price": "0.08", "size": "158"}], "asks": [{"price": "0.99", "size": "614.69"}, {"price": "0.98", "size": "163.64"}, {"price": "0.97", "size": "66"}, {"price": "0.96", "size": "82.17"}, {"price": "0.95", "size": "60"}, {"price": "0.94", "size": "38.47"}], "event_type": "book", "last_trade_price": ""}, {"market": "0x1e7e6d884890e68b7338c452867158461376cc619b68bfb157af18ff833b1f34", "asset_id": "20250531677156695861097010957792092007114925666368308754282417373623939342188", "timestamp": "1769384015256", "hash": "a7085ec32df0f0f9a7372bf226eedd1e49f69f8e", "bids": [{"price": "0.01", "size": "614.69"}, {"price": "0.02", "size": "163.64"}, {"price": "0.03", "size": "66"}, {"price": "0.04", "size": "82.17"}, {"price": "0.05", "size": "60"}, {"price": "0.06", "size": "38.47"}], "asks": [{"price": "0.99", "size": "630.46"}, {"price": "0.98", "size": "263.62"}, {"price": "0.97", "size": "32.52"}, {"price": "0.95", "size": "60"}, {"price": "0.94", "size": "33"}, {"price": "0.93", "size": "56.39"}, {"price": "0.92", "size": "158"}], "event_type": "book", "last_trade_price": ""}, {"market": "0x1e7e6d884890e68b7338c452867158461376cc619b68bfb157af18ff833b1f34", "asset_id": "25800865864435912445029042387230812325847669320822864619463735198171571157668", "timestamp": "1769384015256", "hash": "29a648c8c9a27fbc9124810161b917ca349547c8", "bids": [{"price": "0.01", "size": "630.46"}, {"price": "0.02", "size": "263.62"}, {"price": "0.03", "size": "32.52"}, {"price": "0.05", "size": "60"}, {"price": "0.06", "size": "33"}, {"price": "0.07", "size": "56.39"}, {"price": "0.08", "size": "158"}], "asks": [{"price": "0.99", "size": "614.69"}, {"price": "0.98", "size": "163.64"}, {"price": "0.97", "size": "66"}, {"price": "0.96", "size": "82.17"}, {"price": "0.95", "size": "60"}, {"price": "0.94", "size": "38.47"}], "event_type": "book", "last_trade_price": ""}]}
