{"_local_timestamp": "2026-01-25T23:41:27.067003+00:00", "data": [{"market": "0x88671eaf80bc3bfa12253a553a5a71828cf48791a87fa3e398cc770d9e913f92", "asset_id": "101165260117456922915622464333398266832043528313720382663944701620162027877183", "timestamp": "1769384227953", "hash": "8031a43708f6f66454c7987c6bd0d6d70dc66a44", "bids": [{"price": "0.01", "size": "614.69"}, {"price": "0.02", "size": "163.64"}, {"price": "0.03", "size": "66"}, {"price": "0.04", "size": "82.17"}, {"price": "0.05", "size": "60"}, {"price": "0.06", "size": "38.47"}], "asks": [{"price": "0.99", "size": "630.47"}, {"price": "0.98", "size": "263.62"}, {"price": "0.97", "size": "32.52"}, {"price": "0.95", "size": "60"}, {"price": "0.94", "size": "53"}, {"price": "0.93", "size": "6.39"}, {"price": "0.92", "size": "158"}], "event_type": "book", "last_trade_price": ""}, {"market": "0xfb351597a956a87b031cd7c1eb20978f6e4a2bfbad7ddc3428e73ac37f43ad32", "asset_id": "75550587227944351519899592622160230443950655851867542832285901532265799420710", "timestamp": "1769384229895", "hash": "379d912ec281676600bdc4e794b82e07fbe73d5c", "bids": [{"price": "0.01", "size": "626.47"}, {"price": "0.02", "size": "263.62"}, {"price": "0.03", "size": "33.85"}, {"price": "0.05", "size": "60"}, {"price": "0.06", "size": "33"}, {"price": "0.07", "size": "54.39"}, {"price": "0.08", "size": "158"}], "asks": [{"price": "0.99", "size": "614.69"}, {"price": "0.98", "size": "163.64"}, {"price": "0.97", "size": "66"}, {"price": "0.96", "size": "82.17"}, {"price": "0.95", "size": "60"}, {"price": "0.94", "size": "38.47"}], "event_type": "book", "last_trade_price": ""}, {"market": "0x2059fabd09dfd8bc2a6967324dfd2ee93a8813690e106879294db1738c9ca654", "asset_id": "57683194454321357870026654305704036569005382368829326989399847507738702644176", "timestamp": "1769384228638", "hash": "771a1fbfec64feec5d55a5419bfdeb648846eb6d", "bids": [{"price": "0.01", "size": "614.69"}, {"price": "0.02", "size": "163.64"}, {"price": "0.03", "size": "66"}, {"price": "0.04", "size": "82.17"}, {"price": "0.05", "size": "60"}, {"price": "0.06", "size": "38.47"}], "asks": [{"price": "0.99", "size": "626.47"}, {"price": "0.98", "size": "263.62"}, {"price": "0.97", "size": "33.85"}, {"price": "0.95", "size": "60"}, {"price": "0.94", "size": "33"}, {"price": "0.93", "size": "54.39"}, {"price": "0.92", "size": "158"}], "event_type": "book", "last_trade_price": ""}, {"market": "0xfb351597a956a87b031cd7c1eb20978f6e4a2bfbad7ddc3428e73ac37f43ad32", "asset_id": "14776660710479626624560878087263254155971506816076676036811258451841408252771", "timestamp": "1769384229895", "hash": "bd2d5baa2004447fb669c402106b1c053bf29f3a", "bids": [{"price": "0.01", "size": "614.69"}, {"price": "0.02", "size": "163.64"}, {"price": "0.03", "size": "66"}, {"price": "0.04", "size": "82.17"}, {"price": "0.05", "size": "60"}, {"price": "0.06", "size": "38.47"}], "asks": [{"price": "0.99", "size": "626.47"}, {"price": "0.98", "size": "263.62"}, {"price": "0.97", "size": "33.85"}, {"price": "0.95", "size": "60"}, {"price": "0.94", "size": "33"}, {"price": "0.93", "size": "54.39"}, {"price": "0.92", "size": "158"}], "event_type": "book", "last_trade_price": ""}, {"market": "0x2059fabd09dfd8bc2a6967324dfd2ee93a8813690e106879294db1738c9ca654", "asset_id": "83381961122942312204991126493495031205217401741099793641107866630725346312288", "timestamp": "1769384228638", "hash": "fc0d6be85bd692c2b52bf3456959b649b9e1ebc8", "bids": [{"price": "0.01", "size": "626.47"}, {"price": "0.02", "size": "263.62"}, {"price": "0.03", "size": "33.85"}, {"price": "0.05", "size": "60"}, {"price": "0.06", "size": "33"}, {"price": "0.07", "size": "54.39"}, {"price": "0.08", "size": "158"}], "asks": [{"price": "0.99", "size": "614.69"}, {"price": "0.98", "size": "163.64"}, {"price": "0.97", "size": "66"}, {"price": "0.96", "size": "82.17"}, {"price": "0.95", "size": "60"}, {"price": "0.94", "size": "38.47"}], "event_type": "book", "last_trade_price": ""}, {"market": "0x88671eaf80bc3bfa12253a553a5a71828cf48791a87fa3e398cc770d9e913f92", "asset_id": "105677149500124893533157030651606154777604075877440496716923816026957034533156", "timestamp": "1769384227953", "hash": "9bdac5964656cac6c3ca52dabee4202380933aa3", "bids": [{"price": "0.01", "size": "630.47"}, {"price": "0.02", "size": "263.62"}, {"price": "0.03", "size": "32.52"}, {"price": "0.05", "size": "60"}, {"price": "0.06", "size": "53"}, {"price": "0.07", "size": "6.39"}, {"price": "0.08", "size": "158"}], "asks": [{"price": "0.99", "size": "614.69"}, {"price": "0.98", "size": "163.64"}, {"price": "0.97", "size": "66"}, {"price": "0.96", "size": "82.17"}, {"price": "0.95", "size": "60"}, {"price": "0.94", "size": "38.47"}], "event_type": "book", "last_trade_price": ""}]}
