{"_local_timestamp": "2026-01-25T23:34:15.070392+00:00", "data": [{"market": "0x2ca6997d9d9c45ce3b7806d6ad157dc57f44c32679f452d2d3e6b0c7833f5bd2", "asset_id": "29405010444506135197813917350252604597730278801289034936268774475455841410004", "timestamp": "1769383347527", "hash": "e403b019e73356bf812504c2dfe23512c9d9a5af", "bids": [{"price": "0.01", "size": "614.69"}, {"price": "0.02", "size": "663.64"}, {"price": "0.03", "size": "233"}, {"price": "0.04", "size": "22.17"}, {"price": "0.05", "size": "80"}, {"price": "0.06", "size": "54.27"}], "asks": [{"price": "0.99", "size": "429.74"}, {"price": "0.98", "size": "436.27"}, {"price": "0.97", "size": "40.25"}, {"price": "0.96", "size": "630.07"}, {"price": "0.95", "size": "164.44"}, {"price": "0.94", "size": "115"}, {"price": "0.93", "size": "325.01"}], "event_type": "book", "last_trade_price": ""}, {"market": "0xb0aeeb781d68f9a9d6d46ee4a0a20aece6b1cfacb7b7d1b095c82a3405dcb3ef", "asset_id": "4949055115792375466631286980348286244473139679972020542920668071884046399981", "timestamp": "1769383338440", "hash": "065e4cb062e82dc85950e90723c5244cb238368e", "bids": [{"price": "0.01", "size": "614.69"}, {"price": "0.02", "size": "663.64"}, {"price": "0.03", "size": "233"}, {"price": "0.04", "size": "22.17"}, {"price": "0.05", "size": "80"}, {"price": "0.06", "size": "54.27"}], "asks": [{"price": "0.99", "size": "229.74"}, {"price": "0.98", "size": "161.27"}, {"price": "0.97", "size": "656.91"}, {"price": "0.96", "size": "305.07"}, {"price": "0.95", "size": "489.44"}, {"price": "0.94", "size": "277"}, {"price": "0.93", "size": "325.01"}], "event_type": "book", "last_trade_price": ""}, {"market": "0xb0aeeb781d68f9a9d6d46ee4a0a20aece6b1cfacb7b7d1b095c82a3405dcb3ef", "asset_id": "103254428513828414880559066197508492495531758006380992808563455787353454166726", "timestamp": "1769383338440", "hash": "9cb38fc12ecfd2400077ccb1bb83bbca111f42bb", "bids": [{"price": "0.01", "size": "229.74"}, {"price": "0.02", "size": "161.27"}, {"price": "0.03", "size": "656.91"}, {"price": "0.04", "size": "305.07"}, {"price": "0.05", "size": "489.44"}, {"price": "0.06", "size": "277"}, {"price": "0.07", "size": "325.01"}], "asks": [{"price": "0.99", "size": "614.69"}, {"price": "0.98", "size": "663.64"}, {"price": "0.97", "size": "233"}, {"price": "0.96", "size": "22.17"}, {"price": "0.95", "size": "80"}, {"price": "0.94", "size": "54.27"}], "event_type": "book", "last_trade_price": ""}, {"market": "0xdde48a58adcafb6063615aa4a2fc1da072e585a863f0691515b1095157a456c5", "asset_id": "108765972628022719172331604526033879641228138051874583948127237215048376646647", "timestamp": "1769383332143", "hash": "5595099688b7b1a8918c08d36f41abd44d90edcd", "bids": [{"price": "0.01", "size": "614.69"}, {"price": "0.02", "size": "663.64"}, {"price": "0.03", "size": "233"}, {"price": "0.04", "size": "22.17"}, {"price": "0.05", "size": "80"}, {"price": "0.06", "size": "54.27"}], "asks": [{"price": "0.99", "size": "229.74"}, {"price": "0.98", "size": "161.27"}, {"price": "0.97", "size": "656.91"}, {"price": "0.96", "size": "305.07"}, {"price": "0.95", "size": "489.44"}, {"price": "0.94", "size": "277"}, {"price": "0.93", "size": "325.01"}], "event_type": "book", "last_trade_price": ""}, {"market": "0xdde48a58adcafb6063615aa4a2fc1da072e585a863f0691515b1095157a456c5", "asset_id": "110990046764386177573152121972906307776954294292887790044662754129222688048044", "timestamp": "1769383332143", "hash": "30041351b9f56e6feeec2fa0378e825d47aa01e8", "bids": [{"price": "0.01", "size": "229.74"}, {"price": "0.02", "size": "161.27"}, {"price": "0.03", "size": "656.91"}, {"price": "0.04", "size": "305.07"}, {"price": "0.05", "size": "489.44"}, {"price": "0.06", "size": "277"}, {"price": "0.07", "size": "325.01"}], "asks": [{"price": "0.99", "size": "614.69"}, {"price": "0.98", "size": "663.64"}, {"price": "0.97", "size": "233"}, {"price": "0.96", "size": "22.17"}, {"price": "0.95", "size": "80"}, {"price": "0.94", "size": "54.27"}], "event_type": "book", "last_trade_price": ""}, {"market": "0x2ca6997d9d9c45ce3b7806d6ad157dc57f44c32679f452d2d3e6b0c7833f5bd2", "asset_id": "34658231633075612728067646986692798942149466051391815840654043716582849577322", "timestamp": "1769383347527", "hash": "00fca8dbbcbe1a9bc4c743ef6beb7740ab895921", "bids": [{"price": "0.01", "size": "429.74"}, {"price": "0.02", "size": "436.27"}, {"price": "0.03", "size": "40.25"}, {"price": "0.04", "size": "630.07"}, {"price": "0.05", "size": "164.44"}, {"price": "0.06", "size": "115"}, {"price": "0.07", "size": "325.01"}], "asks": [{"price": "0.99", "size": "614.69"}, {"price": "0.98", "size": "663.64"}, {"price": "0.97", "size": "233"}, {"price": "0.96", "size": "22.17"}, {"price": "0.95", "size": "80"}, {"price": "0.94", "size": "54.27"}], "event_type": "book", "last_trade_price": ""}]}
