{"_local_timestamp": "2026-01-25T23:41:32.865893+00:00", "data": [{"market": "0x747b72b19ab15df70fd4f14822e9bf099bc3f887b46b88388b87fe7c0230b510", "asset_id": "107825281849318348473827873854113395520403524930573358893207856352949085412217", "timestamp": "1769382484884", "hash": "cb549c3048a578f00ba13af9d687be1916a24108", "bids": [{"price": "0.01", "size": "476.9"}, {"price": "0.02", "size": "254.79"}, {"price": "0.03", "size": "15.83"}], "asks": [{"price": "0.99", "size": "476.9"}, {"price": "0.98", "size": "137.79"}, {"price": "0.97", "size": "21.3"}], "event_type": "book", "last_trade_price": ""}, {"market": "0x8ffdea55db8b8097d5af484c3b89e1c4ea67fed42cee927f1c1898fb5a79ba9d", "asset_id": "71921397524297758192527872109491507182332845283967132878939534778993743103309", "timestamp": "1769382484886", "hash": "9759731f0d5786fdcb090444400a2f417023ef78", "bids": [{"price": "0.01", "size": "472.04"}, {"price": "0.02", "size": "246.48"}, {"price": "0.03", "size": "18.99"}, {"price": "0.04", "size": "5.47"}], "asks": [{"price": "0.99", "size": "476.9"}, {"price": "0.98", "size": "250.79"}, {"price": "0.97", "size": "15.83"}], "event_type": "book", "last_trade_price": ""}, {"market": "0x6019a320bf2e6bc569547a1c6d25b1891259555b1b530d94a41fdf9e0eec65da", "asset_id": "78841688277551265214499411237450713455800604542871672713778417421159543678626", "timestamp": "1769382483681", "hash": "778806fcba89a967432dcfd4f3b772b89fd22e2c", "bids": [{"price": "0.01", "size": "614.79"}, {"price": "0.02", "size": "13.72"}, {"price": "0.03", "size": "82"}, {"price": "0.04", "size": "72.21"}, {"price": "0.05", "size": "30"}, {"price": "0.06", "size": "38.48"}], "asks": [{"price": "0.99", "size": "614.79"}, {"price": "0.98", "size": "26.16"}, {"price": "0.96", "size": "83"}, {"price": "0.95", "size": "60"}, {"price": "0.94", "size": "43.95"}], "event_type": "book", "last_trade_price": ""}, {"market": "0x37efd01d9aba5ae71bf746a0051df730c05b8c7355262e3a08c9284613e09075", "asset_id": "95165281341974038513215068184473867600902818819664305230207483054778347092694", "timestamp": "1769382483680", "hash": "01bc87f637769b6ba390b8f8db11e6ed9c300836", "bids": [{"price": "0.01", "size": "476.9"}, {"price": "0.02", "size": "250.79"}, {"price": "0.03", "size": "15.83"}], "asks": [{"price": "0.99", "size": "472.04"}, {"price": "0.98", "size": "246.48"}, {"price": "0.97", "size": "18.99"}, {"price": "0.96", "size": "5.47"}], "event_type": "book", "last_trade_price": ""}, {"market": "0x6019a320bf2e6bc569547a1c6d25b1891259555b1b530d94a41fdf9e0eec65da", "asset_id": "14914284834416296144997086871923632727320496717101781139469438690385248446949", "timestamp": "1769382483681", "hash": "1f4f7b10fe1f9af1c1f0f8bb9fa82e14d164dc2a", "bids": [{"price": "0.01", "size": "614.79"}, {"price": "0.02", "size": "26.16"}, {"price": "0.04", "size": "83"}, {"price": "0.05", "size": "60"}, {"price": "0.06", "size": "43.95"}], "asks": [{"price": "0.99", "size": "614.79"}, {"price": "0.98", "size": "13.72"}, {"price": "0.97", "size": "82"}, {"price": "0.96", "size": "72.21"}, {"price": "0.95", "size": "30"}, {"price": "0.94", "size": "38.48"}], "event_type": "book", "last_trade_price": ""}, {"market": "0x35d84ed8b588657b44657d8183203e5149fc9a443326aadcb6323cbc5d815c74", "asset_id": "72180091445253279084050330628701315419788557405803525248021783822840881339025", "timestamp": "1769382483681", "hash": "b994de455890d2edac73f568df9b661a09da9a2d", "bids": [{"price": "0.01", "size": "472.04"}, {"price": "0.02", "size": "246.48"}, {"price": "0.03", "size": "18.99"}, {"price": "0.04", "size": "5.47"}], "asks": [{"price": "0.99", "size": "476.9"}, {"price": "0.98", "size": "250.79"}, {"price": "0.97", "size": "15.83"}], "event_type": "book", "last_trade_price": ""}, {"market": "0x35d84ed8b588657b44657d8183203e5149fc9a443326aadcb6323cbc5d815c74", "asset_id": "97139522474371313372404357768811578825708209494197722971774852430336772962754", "timestamp": "1769382483681", "hash": "f62b280e34451d4d031808db9fef63a1d2d7cd76", "bids": [{"price": "0.01", "size": "476.9"}, {"price": "0.02", "size": "250.79"}, {"price": "0.03", "size": "15.83"}], "asks": [{"price": "0.99", "size": "472.04"}, {"price": "0.98", "size": "246.48"}, {"price": "0.97", "size": "18.99"}, {"price": "0.96", "size": "5.47"}], "event_type": "book", "last_trade_price": ""}, {"market": "0x747b72b19ab15df70fd4f14822e9bf099bc3f887b46b88388b87fe7c0230b510", "asset_id": "73329836247623932122418721179263022439014004376027592631556871518147050397529", "timestamp": "1769382484884", "hash": "b3a095ee3bf29dc8652eb78802c25297845915f6", "bids": [{"price": "0.01", "size": "476.9"}, {"price": "0.02", "size": "137.79"}, {"price": "0.03", "size": "21.3"}], "asks": [{"price": "0.99", "size": "476.9"}, {"price": "0.98", "size": "254.79"}, {"price": "0.97", "size": "15.83"}], "event_type": "book", "last_trade_price": ""}, {"market": "0x8ffdea55db8b8097d5af484c3b89e1c4ea67fed42cee927f1c1898fb5a79ba9d", "asset_id": "35373004007001142256988548030205287352160982133849386518981731261375048089860", "timestamp": "1769382484886", "hash": "3fd5169dab5e153e025432570d0edbb2df59afa8", "bids": [{"price": "0.01", "size": "476.9"}, {"price": "0.02", "size": "250.79"}, {"price": "0.03", "size": "15.83"}], "asks": [{"price": "0.99", "size": "472.04"}, {"price": "0.98", "size": "246.48"}, {"price": "0.97", "size": "18.99"}, {"price": "0.96", "size": "5.47"}], "event_type": "book", "last_trade_price": ""}, {"market": "0x37efd01d9aba5ae71bf746a0051df730c05b8c7355262e3a08c9284613e09075", "asset_id": "80907676931866925472492379350826678923957508949585443192708669136771403880743", "timestamp": "1769382483680", "hash": "dfa08c161e683ba0036b2358d7a90ca581b55df1", "bids": [{"price": "0.01", "size": "472.04"}, {"price": "0.02", "size": "246.48"}, {"price": "0.03", "size": "18.99"}, {"price": "0.04", "size": "5.47"}], "asks": [{"price": "0.99", "size": "476.9"}, {"price": "0.98", "size": "250.79"}, {"price": "0.97", "size": "15.83"}], "event_type": "book", "last_trade_price": ""}]}
