{"_local_timestamp": "2026-01-25T23:33:45.239294+00:00", "data": [{"market": "0x7ab6481e06aefd3e8cf6fd09c7599fcae21f403c59a72ba45308ef9fe6d8ae23", "asset_id": "31315483651510549442162528076855001461548601638790804995212613720235089819655", "timestamp": "1769382821976", "hash": "b4aa08f3aa30186f520e4cdf35aa855e7bd3bc2b", "bids": [{"price": "0.01", "size": "577.55"}, {"price": "0.02", "size": "855.96"}, {"price": "0.03", "size": "14.05"}, {"price": "0.05", "size": "138"}, {"price": "0.06", "size": "47.52"}], "asks": [{"price": "0.99", "size": "124.29"}, {"price": "0.98", "size": "181.89"}, {"price": "0.97", "size": "16.8"}, {"price": "0.96", "size": "300"}, {"price": "0.95", "size": "345"}, {"price": "0.94", "size": "108"}, {"price": "0.93", "size": "6.85"}, {"price": "0.92", "size": "162.5"}, {"price": "0.9", "size": "76"}, {"price": "0.89", "size": "100"}, {"price": "0.88", "size": "6.12"}, {"price": "0.79", "size": "10"}], "event_type": "book", "last_trade_price": ""}, {"market": "0x7ab6481e06aefd3e8cf6fd09c7599fcae21f403c59a72ba45308ef9fe6d8ae23", "asset_id": "55540430234424978975374309720781505267413076269508713756763806625044258577915", "timestamp": "1769382821976", "hash": "8d09c470ff0dba8e8a6d2596967c6d9922533aa1", "bids": [{"price": "0.01", "size": "124.29"}, {"price": "0.02", "size": "181.89"}, {"price": "0.03", "size": "16.8"}, {"price": "0.04", "size": "300"}, {"price": "0.05", "size": "345"}, {"price": "0.06", "size": "108"}, {"price": "0.07", "size": "6.85"}, {"price": "0.08", "size": "162.5"}, {"price": "0.1", "size": "76"}, {"price": "0.11", "size": "100"}, {"price": "0.12", "size": "6.12"}, {"price": "0.21", "size": "10"}], "asks": [{"price": "0.99", "size": "577.55"}, {"price": "0.98", "size": "855.96"}, {"price": "0.97", "size": "14.05"}, {"price": "0.95", "size": "138"}, {"price": "0.94", "size": "47.52"}], "event_type": "book", "last_trade_price": ""}, {"market": "0x3161e8d42508694ffa454716fd95c7894f47983b0e0d2c3a352f14b6bebd8fe8", "asset_id": "31018642998533875775930445205661656874389709507106386117156820221512502930464", "timestamp": "1769382484879", "hash": "362ac62060f3480f0c6219145bbcf7cef5ca60ac", "bids": [{"price": "0.01", "size": "124.84"}, {"price": "0.02", "size": "182.15"}, {"price": "0.03", "size": "17.47"}, {"price": "0.04", "size": "300"}, {"price": "0.05", "size": "420"}, {"price": "0.06", "size": "33"}, {"price": "0.07", "size": "5.73"}, {"price": "0.08", "size": "162.5"}, {"price": "0.1", "size": "151"}, {"price": "0.11", "size": "7.12"}, {"price": "0.2", "size": "10"}], "asks": [{"price": "0.99", "size": "577.55"}, {"price": "0.98", "size": "855.96"}, {"price": "0.97", "size": "14.06"}, {"price": "0.95", "size": "138"}, {"price": "0.94", "size": "47.52"}], "event_type": "book", "last_trade_price": ""}, {"market": "0x0d05d10352bd18571c6ec2eed9b55331b0f3c58de6db3c33274d697b8d8526e0", "asset_id": "60349605187249398927700842184811220754181026034793306244639113678612603680450", "timestamp": "1769383206333", "hash": "892579a14098dc6ff96313f6af0c99367fc9fe94", "bids": [{"price": "0.01", "size": "577.55"}, {"price": "0.02", "size": "161.64"}, {"price": "0.03", "size": "625"}, {"price": "0.04", "size": "82.7"}, {"price": "0.05", "size": "162"}, {"price": "0.06", "size": "10"}, {"price": "0.07", "size": "10.75"}], "asks": [{"price": "0.99", "size": "123.8"}, {"price": "0.98", "size": "181.65"}, {"price": "0.97", "size": "11.76"}, {"price": "0.96", "size": "300"}, {"price": "0.95", "size": "345"}, {"price": "0.94", "size": "108"}, {"price": "0.93", "size": "6.01"}, {"price": "0.92", "size": "162.5"}, {"price": "0.9", "size": "82"}, {"price": "0.88", "size": "91.66"}, {"price": "0.87", "size": "7.35"}, {"price": "0.78", "size": "10"}], "event_type": "book", "last_trade_price": ""}, {"market": "0x0d05d10352bd18571c6ec2eed9b55331b0f3c58de6db3c33274d697b8d8526e0", "asset_id": "71607355275258700874442602979726585972397186304803008793520264627690668131590", "timestamp": "1769383206333", "hash": "3177a96d0a790530bf1f7f882c9e09693b0dbd6c", "bids": [{"price": "0.01", "size": "123.8"}, {"price": "0.02", "size": "181.65"}, {"price": "0.03", "size": "11.76"}, {"price": "0.04", "size": "300"}, {"price": "0.05", "size": "345"}, {"price": "0.06", "size": "108"}, {"price": "0.07", "size": "6.01"}, {"price": "0.08", "size": "162.5"}, {"price": "0.1", "size": "82"}, {"price": "0.12", "size": "91.66"}, {"price": "0.13", "size": "7.35"}, {"price": "0.22", "size": "10"}], "asks": [{"price": "0.99", "size": "577.55"}, {"price": "0.98", "size": "161.64"}, {"price": "0.97", "size": "625"}, {"price": "0.96", "size": "82.7"}, {"price": "0.95", "size": "162"}, {"price": "0.94", "size": "10"}, {"price": "0.93", "size": "10.75"}], "event_type": "book", "last_trade_price": ""}, {"market": "0x3161e8d42508694ffa454716fd95c7894f47983b0e0d2c3a352f14b6bebd8fe8", "asset_id": "105407162849320340189677433680877699168649829211079729841054619360779662946702", "timestamp": "1769382484879", "hash": "d045dfef76fad51110d3445f4ba72df4e51992f8", "bids": [{"price": "0.01", "size": "577.55"}, {"price": "0.02", "size": "855.96"}, {"price": "0.03", "size": "14.06"}, {"price": "0.05", "size": "138"}, {"price": "0.06", "size": "47.52"}], "asks": [{"price": "0.99", "size": "124.84"}, {"price": "0.98", "size": "182.15"}, {"price": "0.97", "size": "17.47"}, {"price": "0.96", "size": "300"}, {"price": "0.95", "size": "420"}, {"price": "0.94", "size": "33"}, {"price": "0.93", "size": "5.73"}, {"price": "0.92", "size": "162.5"}, {"price": "0.9", "size": "151"}, {"price": "0.89", "size": "7.12"}, {"price": "0.8", "size": "10"}], "event_type": "book", "last_trade_price": ""}]}
{"_local_timestamp": "2026-01-25T23:33:46.912006+00:00", "data": {"market": "0x0d05d10352bd18571c6ec2eed9b55331b0f3c58de6db3c33274d697b8d8526e0", "price_changes": [{"asset_id": "71607355275258700874442602979726585972397186304803008793520264627690668131590", "price": "0.06", "size": "33", "side": "BUY", "hash": "a6eba746429c103701ff24a9cc3cdb9f156b7155", "best_bid": "0.22", "best_ask": "0.93"}, {"asset_id": "60349605187249398927700842184811220754181026034793306244639113678612603680450", "price": "0.94", "size": "33", "side": "SELL", "hash": "3e920c3d6fd35b2826e05f97c87b780411d25c16", "best_bid": "0.07", "best_ask": "0.78"}], "timestamp": "1769384026845", "event_type": "price_change"}}
{"_local_timestamp": "2026-01-25T23:33:46.912713+00:00", "data": {"market": "0x0d05d10352bd18571c6ec2eed9b55331b0f3c58de6db3c33274d697b8d8526e0", "price_changes": [{"asset_id": "71607355275258700874442602979726585972397186304803008793520264627690668131590", "price": "0.05", "size": "20", "side": "BUY", "hash": "a6eba746429c103701ff24a9cc3cdb9f156b7155", "best_bid": "0.22", "best_ask": "0.93"}, {"asset_id": "60349605187249398927700842184811220754181026034793306244639113678612603680450", "price": "0.95", "size": "20", "side": "SELL", "hash": "3e920c3d6fd35b2826e05f97c87b780411d25c16", "best_bid": "0.07", "best_ask": "0.78"}], "timestamp": "1769384026845", "event_type": "price_change"}}
{"_local_timestamp": "2026-01-25T23:33:46.913848+00:00", "data": {"market": "0x0d05d10352bd18571c6ec2eed9b55331b0f3c58de6db3c33274d697b8d8526e0", "price_changes": [{"asset_id": "71607355275258700874442602979726585972397186304803008793520264627690668131590", "price": "0.04", "size": "0", "side": "BUY", "hash": "a6eba746429c103701ff24a9cc3cdb9f156b7155", "best_bid": "0.22", "best_ask": "0.93"}, {"asset_id": "60349605187249398927700842184811220754181026034793306244639113678612603680450", "price": "0.96", "size": "0", "side": "SELL", "hash": "3e920c3d6fd35b2826e05f97c87b780411d25c16", "best_bid": "0.07", "best_ask": "0.78"}], "timestamp": "1769384026845", "event_type": "price_change"}}
{"_local_timestamp": "2026-01-25T23:33:46.914755+00:00", "data": {"market": "0x0d05d10352bd18571c6ec2eed9b55331b0f3c58de6db3c33274d697b8d8526e0", "price_changes": [{"asset_id": "60349605187249398927700842184811220754181026034793306244639113678612603680450", "price": "0.04", "size": "7.7", "side": "BUY", "hash": "9ce06fc23974ab7e952421e91006cde0b817c7f4", "best_bid": "0.07", "best_ask": "0.78"}, {"asset_id": "71607355275258700874442602979726585972397186304803008793520264627690668131590", "price": "0.96", "size": "7.7", "side": "SELL", "hash": "5e61bdc8632dd1319b0223df846b3c2d2aef002b", "best_bid": "0.22", "best_ask": "0.93"}], "timestamp": "1769384026846", "event_type": "price_change"}}
{"_local_timestamp": "2026-01-25T23:33:46.916204+00:00", "data": {"market": "0x0d05d10352bd18571c6ec2eed9b55331b0f3c58de6db3c33274d697b8d8526e0", "price_changes": [{"asset_id": "60349605187249398927700842184811220754181026034793306244639113678612603680450", "price": "0.03", "size": "0", "side": "BUY", "hash": "9ce06fc23974ab7e952421e91006cde0b817c7f4", "best_bid": "0.07", "best_ask": "0.78"}, {"asset_id": "71607355275258700874442602979726585972397186304803008793520264627690668131590", "price": "0.97", "size": "0", "side": "SELL", "hash": "5e61bdc8632dd1319b0223df846b3c2d2aef002b", "best_bid": "0.22", "best_ask": "0.93"}], "timestamp": "1769384026846", "event_type": "price_change"}}
{"_local_timestamp": "2026-01-25T23:33:48.897155+00:00", "data": {"market": "0x0d05d10352bd18571c6ec2eed9b55331b0f3c58de6db3c33274d697b8d8526e0", "price_changes": [{"asset_id": "71607355275258700874442602979726585972397186304803008793520264627690668131590", "price": "0.05", "size": "320", "side": "BUY", "hash": "6cf8639a9186f1012f5e25d3be7565ae7a9e910f", "best_bid": "0.22", "best_ask": "0.93"}, {"asset_id": "60349605187249398927700842184811220754181026034793306244639113678612603680450", "price": "0.95", "size": "320", "side": "SELL", "hash": "01ddd8de63ddaa1c5783f782925f9bf339f22512", "best_bid": "0.07", "best_ask": "0.78"}], "timestamp": "1769384028832", "event_type": "price_change"}}
{"_local_timestamp": "2026-01-25T23:33:48.897599+00:00", "data": {"market": "0x0d05d10352bd18571c6ec2eed9b55331b0f3c58de6db3c33274d697b8d8526e0", "price_changes": [{"asset_id": "60349605187249398927700842184811220754181026034793306244639113678612603680450", "price": "0.01", "size": "877.55", "side": "BUY", "hash": "dc5f6f13d03b6b3d51b2538f30df6932bd553e0c", "best_bid": "0.07", "best_ask": "0.78"}, {"asset_id": "71607355275258700874442602979726585972397186304803008793520264627690668131590", "price": "0.99", "size": "877.55", "side": "SELL", "hash": "93d8c3b7dbe91897ea70a5228a8fa13db5bbe689", "best_bid": "0.22", "best_ask": "0.93"}], "timestamp": "1769384028834", "event_type": "price_change"}}
{"_local_timestamp": "2026-01-25T23:33:48.898016+00:00", "data": {"market": "0x0d05d10352bd18571c6ec2eed9b55331b0f3c58de6db3c33274d697b8d8526e0", "price_changes": [{"asset_id": "60349605187249398927700842184811220754181026034793306244639113678612603680450", "price": "0.02", "size": "286.64", "side": "BUY", "hash": "4f6921a5189ae0644eef04d7f1f06f484beb77bb", "best_bid": "0.07", "best_ask": "0.78"}, {"asset_id": "71607355275258700874442602979726585972397186304803008793520264627690668131590", "price": "0.98", "size": "286.64", "side": "SELL", "hash": "b23456f6a24e6c22b56f629d613341c9f72e071d", "best_bid": "0.22", "best_ask": "0.93"}], "timestamp": "1769384028836", "event_type": "price_change"}}
{"_local_timestamp": "2026-01-25T23:33:48.901908+00:00", "data": {"market": "0x0d05d10352bd18571c6ec2eed9b55331b0f3c58de6db3c33274d697b8d8526e0", "price_changes": [{"asset_id": "71607355275258700874442602979726585972397186304803008793520264627690668131590", "price": "0.06", "size": "158", "side": "BUY", "hash": "0823aac85b98dc1c113bf03a8c616c3ad0ebb095", "best_bid": "0.22", "best_ask": "0.93"}, {"asset_id": "60349605187249398927700842184811220754181026034793306244639113678612603680450", "price": "0.94", "size": "158", "side": "SELL", "hash": "bc2e9dbf9ce97ca8869c7445ce953bd6bf016ae6", "best_bid": "0.07", "best_ask": "0.78"}], "timestamp": "1769384028837", "event_type": "price_change"}}
{"_local_timestamp": "2026-01-25T23:33:48.902426+00:00", "data": {"market": "0x0d05d10352bd18571c6ec2eed9b55331b0f3c58de6db3c33274d697b8d8526e0", "price_changes": [{"asset_id": "60349605187249398927700842184811220754181026034793306244639113678612603680450", "price": "0.02", "size": "361.64", "side": "BUY", "hash": "d9382d9e16617e64caa05cc5acc810e7acf88b70", "best_bid": "0.07", "best_ask": "0.78"}, {"asset_id": "71607355275258700874442602979726585972397186304803008793520264627690668131590", "price": "0.98", "size": "361.64", "side": "SELL", "hash": "d2b8c2ba6af578d2c0290140c648bb073caa27cf", "best_bid": "0.22", "best_ask": "0.93"}], "timestamp": "1769384028839", "event_type": "price_change"}}
{"_local_timestamp": "2026-01-25T23:33:48.906754+00:00", "data": {"market": "0x0d05d10352bd18571c6ec2eed9b55331b0f3c58de6db3c33274d697b8d8526e0", "price_changes": [{"asset_id": "60349605187249398927700842184811220754181026034793306244639113678612603680450", "price": "0.02", "size": "561.64", "side": "BUY", "hash": "e33b5b5edebf4d77c594d4a514834253e5fc0f26", "best_bid": "0.07", "best_ask": "0.78"}, {"asset_id": "71607355275258700874442602979726585972397186304803008793520264627690668131590", "price": "0.98", "size": "561.64", "side": "SELL", "hash": "c6bcbe700e3c5ca645b9e6fdd72f8e94eac70103", "best_bid": "0.22", "best_ask": "0.93"}], "timestamp": "1769384028840", "event_type": "price_change"}}
{"_local_timestamp": "2026-01-25T23:33:48.907163+00:00", "data": {"market": "0x0d05d10352bd18571c6ec2eed9b55331b0f3c58de6db3c33274d697b8d8526e0", "price_changes": [{"asset_id": "71607355275258700874442602979726585972397186304803008793520264627690668131590", "price": "0.06", "size": "358", "side": "BUY", "hash": "63fce38025b77d4c70b82720cc1442c9baff4627", "best_bid": "0.22", "best_ask": "0.93"}, {"asset_id": "60349605187249398927700842184811220754181026034793306244639113678612603680450", "price": "0.94", "size": "358", "side": "SELL", "hash": "ee0a593c9b7b4ebbb45fe16401c4f72eef83b72a", "best_bid": "0.07", "best_ask": "0.78"}], "timestamp": "1769384028842", "event_type": "price_change"}}
{"_local_timestamp": "2026-01-25T23:33:48.911667+00:00", "data": {"market": "0x0d05d10352bd18571c6ec2eed9b55331b0f3c58de6db3c33274d697b8d8526e0", "price_changes": [{"asset_id": "71607355275258700874442602979726585972397186304803008793520264627690668131590", "price": "0.07", "size": "81.01", "side": "BUY", "hash": "7a25754e4422db65d7f5718ad35114fd004ebb3c", "best_bid": "0.22", "best_ask": "0.93"}, {"asset_id": "60349605187249398927700842184811220754181026034793306244639113678612603680450", "price": "0.93", "size": "81.01", "side": "SELL", "hash": "cec776946dec412e82626e903200ce0b7667a635", "best_bid": "0.07", "best_ask": "0.78"}], "timestamp": "1769384028843", "event_type": "price_change"}}
{"_local_timestamp": "2026-01-25T23:33:49.122989+00:00", "data": {"market": "0x3161e8d42508694ffa454716fd95c7894f47983b0e0d2c3a352f14b6bebd8fe8", "price_changes": [{"asset_id": "105407162849320340189677433680877699168649829211079729841054619360779662946702", "price": "0.02", "size": "155.96", "side": "BUY", "hash": "52652a0728bede762a9a9255a603c85cc784ecfb", "best_bid": "0.06", "best_ask": "0.8"}, {"asset_id": "31018642998533875775930445205661656874389709507106386117156820221512502930464", "price": "0.98", "size": "155.96", "side": "SELL", "hash": "610393cbf3688b50772a8f2c4bacc38abffbb05e", "best_bid": "0.2", "best_ask": "0.94"}], "timestamp": "1769384029025", "event_type": "price_change"}}
{"_local_timestamp": "2026-01-25T23:33:49.123453+00:00", "data": {"market": "0x3161e8d42508694ffa454716fd95c7894f47983b0e0d2c3a352f14b6bebd8fe8", "price_changes": [{"asset_id": "31018642998533875775930445205661656874389709507106386117156820221512502930464", "price": "0.05", "size": "20", "side": "BUY", "hash": "e297fa451d05839320d6891b78d071fcd1f97e19", "best_bid": "0.2", "best_ask": "0.94"}, {"asset_id": "105407162849320340189677433680877699168649829211079729841054619360779662946702", "price": "0.95", "size": "20", "side": "SELL", "hash": "cd7c3f0f7889cdb6658f5709117c62be838d270e", "best_bid": "0.06", "best_ask": "0.8"}], "timestamp": "1769384029026", "event_type": "price_change"}}
{"_local_timestamp": "2026-01-25T23:33:49.123820+00:00", "data": {"market": "0x3161e8d42508694ffa454716fd95c7894f47983b0e0d2c3a352f14b6bebd8fe8", "price_changes": [{"asset_id": "31018642998533875775930445205661656874389709507106386117156820221512502930464", "price": "0.04", "size": "0", "side": "BUY", "hash": "e297fa451d05839320d6891b78d071fcd1f97e19", "best_bid": "0.2", "best_ask": "0.94"}, {"asset_id": "105407162849320340189677433680877699168649829211079729841054619360779662946702", "price": "0.96", "size": "0", "side": "SELL", "hash": "cd7c3f0f7889cdb6658f5709117c62be838d270e", "best_bid": "0.06", "best_ask": "0.8"}], "timestamp": "1769384029026", "event_type": "price_change"}}
{"_local_timestamp": "2026-01-25T23:33:51.440639+00:00", "data": {"market": "0x3161e8d42508694ffa454716fd95c7894f47983b0e0d2c3a352f14b6bebd8fe8", "price_changes": [{"asset_id": "31018642998533875775930445205661656874389709507106386117156820221512502930464", "price": "0.04", "size": "300", "side": "BUY", "hash": "23cdae7b9d7900eb25df05634c43397dd9bb294f", "best_bid": "0.2", "best_ask": "0.94"}, {"asset_id": "105407162849320340189677433680877699168649829211079729841054619360779662946702", "price": "0.96", "size": "300", "side": "SELL", "hash": "8ee9bdd1acea00cbf91666ff4d598e972c96a32a", "best_bid": "0.06", "best_ask": "0.8"}], "timestamp": "1769384031372", "event_type": "price_change"}}
{"_local_timestamp": "2026-01-25T23:33:51.455621+00:00", "data": {"market": "0x3161e8d42508694ffa454716fd95c7894f47983b0e0d2c3a352f14b6bebd8fe8", "price_changes": [{"asset_id": "31018642998533875775930445205661656874389709507106386117156820221512502930464", "price": "0.05", "size": "95", "side": "BUY", "hash": "b6ee1161518a31904219ff9e7808f15aecbe029e", "best_bid": "0.2", "best_ask": "0.94"}, {"asset_id": "105407162849320340189677433680877699168649829211079729841054619360779662946702", "price": "0.95", "size": "95", "side": "SELL", "hash": "87192629835688cedb859e79cf94972ad655c272", "best_bid": "0.06", "best_ask": "0.8"}], "timestamp": "1769384031373", "event_type": "price_change"}}
{"_local_timestamp": "2026-01-25T23:33:51.456290+00:00", "data": {"market": "0x3161e8d42508694ffa454716fd95c7894f47983b0e0d2c3a352f14b6bebd8fe8", "price_changes": [{"asset_id": "105407162849320340189677433680877699168649829211079729841054619360779662946702", "price": "0.02", "size": "230.96", "side": "BUY", "hash": "50f7087475e3dadeb3acf76d120a14dae3d2a383", "best_bid": "0.06", "best_ask": "0.8"}, {"asset_id": "31018642998533875775930445205661656874389709507106386117156820221512502930464", "price": "0.98", "size": "230.96", "side": "SELL", "hash": "1d5ea1cb9050c1a536227b3150d2d0bc9e00ccc2", "best_bid": "0.2", "best_ask": "0.94"}], "timestamp": "1769384031375", "event_type": "price_change"}}
{"_local_timestamp": "2026-01-25T23:33:51.457076+00:00", "data": {"market": "0x3161e8d42508694ffa454716fd95c7894f47983b0e0d2c3a352f14b6bebd8fe8", "price_changes": [{"asset_id": "105407162849320340189677433680877699168649829211079729841054619360779662946702", "price": "0.02", "size": "530.96", "side": "BUY", "hash": "d1a90ecb722bf1f179e3cfe2aa14c9eafa6cd39e", "best_bid": "0.06", "best_ask": "0.8"}, {"asset_id": "31018642998533875775930445205661656874389709507106386117156820221512502930464", "price": "0.98", "size": "530.96", "side": "SELL", "hash": "381a2482523bcc48f2f914d7241173e61ad2caea", "best_bid": "0.2", "best_ask": "0.94"}], "timestamp": "1769384031376", "event_type": "price_change"}}
{"_local_timestamp": "2026-01-25T23:33:51.458391+00:00", "data": {"market": "0x3161e8d42508694ffa454716fd95c7894f47983b0e0d2c3a352f14b6bebd8fe8", "price_changes": [{"asset_id": "105407162849320340189677433680877699168649829211079729841054619360779662946702", "price": "0.02", "size": "655.96", "side": "BUY", "hash": "f2b78b5eba4297b48fc2a801d4cc99709149b521", "best_bid": "0.06", "best_ask": "0.8"}, {"asset_id": "31018642998533875775930445205661656874389709507106386117156820221512502930464", "price": "0.98", "size": "655.96", "side": "SELL", "hash": "0115f10fd108dd3ef71e270f9d18e7104315641b", "best_bid": "0.2", "best_ask": "0.94"}], "timestamp": "1769384031378", "event_type": "price_change"}}
{"_local_timestamp": "2026-01-25T23:33:51.459660+00:00", "data": {"market": "0x3161e8d42508694ffa454716fd95c7894f47983b0e0d2c3a352f14b6bebd8fe8", "price_changes": [{"asset_id": "31018642998533875775930445205661656874389709507106386117156820221512502930464", "price": "0.04", "size": "500", "side": "BUY", "hash": "c2e20d83e64c1e53cf002c97072278242e783f05", "best_bid": "0.2", "best_ask": "0.94"}, {"asset_id": "105407162849320340189677433680877699168649829211079729841054619360779662946702", "price": "0.96", "size": "500", "side": "SELL", "hash": "2bb06f4f6c231ef3b96bc4c713f0a7f581b9835f", "best_bid": "0.06", "best_ask": "0.8"}], "timestamp": "1769384031379", "event_type": "price_change"}}
{"_local_timestamp": "2026-01-25T23:33:51.460085+00:00", "data": {"market": "0x3161e8d42508694ffa454716fd95c7894f47983b0e0d2c3a352f14b6bebd8fe8", "price_changes": [{"asset_id": "31018642998533875775930445205661656874389709507106386117156820221512502930464", "price": "0.05", "size": "220", "side": "BUY", "hash": "1a431c7c14d7b59536cc503a450f3a19a98a200c", "best_bid": "0.2", "best_ask": "0.94"}, {"asset_id": "105407162849320340189677433680877699168649829211079729841054619360779662946702", "price": "0.95", "size": "220", "side": "SELL", "hash": "0b21902a939e298603c367eae7d7ee65637c525a", "best_bid": "0.06", "best_ask": "0.8"}], "timestamp": "1769384031381", "event_type": "price_change"}}
{"_local_timestamp": "2026-01-25T23:33:51.460408+00:00", "data": {"market": "0x3161e8d42508694ffa454716fd95c7894f47983b0e0d2c3a352f14b6bebd8fe8", "price_changes": [{"asset_id": "105407162849320340189677433680877699168649829211079729841054619360779662946702", "price": "0.02", "size": "855.96", "side": "BUY", "hash": "2090fa6fe7d656dc4529a481340b313e115056f6", "best_bid": "0.06", "best_ask": "0.8"}, {"asset_id": "31018642998533875775930445205661656874389709507106386117156820221512502930464", "price": "0.98", "size": "855.96", "side": "SELL", "hash": "1ee198e2b1117da94e155fd2688c869e446ce42b", "best_bid": "0.2", "best_ask": "0.94"}], "timestamp": "1769384031382", "event_type": "price_change"}}
{"_local_timestamp": "2026-01-25T23:33:51.663773+00:00", "data": {"market": "0x7ab6481e06aefd3e8cf6fd09c7599fcae21f403c59a72ba45308ef9fe6d8ae23", "price_changes": [{"asset_id": "55540430234424978975374309720781505267413076269508713756763806625044258577915", "price": "0.04", "size": "0", "side": "BUY", "hash": "62540ea9908c9add502eb4df8ec2cb1ff31f19b2", "best_bid": "0.21", "best_ask": "0.94"}, {"asset_id": "31315483651510549442162528076855001461548601638790804995212613720235089819655", "price": "0.96", "size": "0", "side": "SELL", "hash": "1120d01d15be15b7e6b80c346e160dd27aa5c1ff", "best_bid": "0.06", "best_ask": "0.79"}], "timestamp": "1769384031566", "event_type": "price_change"}}
{"_local_timestamp": "2026-01-25T23:33:51.665737+00:00", "data": {"market": "0x7ab6481e06aefd3e8cf6fd09c7599fcae21f403c59a72ba45308ef9fe6d8ae23", "price_changes": [{"asset_id": "55540430234424978975374309720781505267413076269508713756763806625044258577915", "price": "0.05", "size": "20", "side": "BUY", "hash": "62540ea9908c9add502eb4df8ec2cb1ff31f19b2", "best_bid": "0.21", "best_ask": "0.94"}, {"asset_id": "31315483651510549442162528076855001461548601638790804995212613720235089819655", "price": "0.95", "size": "20", "side": "SELL", "hash": "1120d01d15be15b7e6b80c346e160dd27aa5c1ff", "best_bid": "0.06", "best_ask": "0.79"}], "timestamp": "1769384031566", "event_type": "price_change"}}
{"_local_timestamp": "2026-01-25T23:33:51.668240+00:00", "data": {"market": "0x7ab6481e06aefd3e8cf6fd09c7599fcae21f403c59a72ba45308ef9fe6d8ae23", "price_changes": [{"asset_id": "55540430234424978975374309720781505267413076269508713756763806625044258577915", "price": "0.06", "size": "33", "side": "BUY", "hash": "62540ea9908c9add502eb4df8ec2cb1ff31f19b2", "best_bid": "0.21", "best_ask": "0.94"}, {"asset_id": "31315483651510549442162528076855001461548601638790804995212613720235089819655", "price": "0.94", "size": "33", "side": "SELL", "hash": "1120d01d15be15b7e6b80c346e160dd27aa5c1ff", "best_bid": "0.06", "best_ask": "0.79"}], "timestamp": "1769384031566", "event_type": "price_change"}}
{"_local_timestamp": "2026-01-25T23:33:51.668874+00:00", "data": {"market": "0x7ab6481e06aefd3e8cf6fd09c7599fcae21f403c59a72ba45308ef9fe6d8ae23", "price_changes": [{"asset_id": "31315483651510549442162528076855001461548601638790804995212613720235089819655", "price": "0.02", "size": "155.96", "side": "BUY", "hash": "ab8c2a7c64d01d3f5f91a203a8b29e5c169aee00", "best_bid": "0.06", "best_ask": "0.79"}, {"asset_id": "55540430234424978975374309720781505267413076269508713756763806625044258577915", "price": "0.98", "size": "155.96", "side": "SELL", "hash": "55474699263fae3ec360f46549de8bb928b42a14", "best_bid": "0.21", "best_ask": "0.94"}], "timestamp": "1769384031567", "event_type": "price_change"}}
{"_local_timestamp": "2026-01-25T23:33:53.674202+00:00", "data": {"market": "0x7ab6481e06aefd3e8cf6fd09c7599fcae21f403c59a72ba45308ef9fe6d8ae23", "price_changes": [{"asset_id": "31315483651510549442162528076855001461548601638790804995212613720235089819655", "price": "0.02", "size": "280.96", "side": "BUY", "hash": "39e8b4066aeafa923cdbe77a71d4fd2e7ddf8dc6", "best_bid": "0.06", "best_ask": "0.79"}, {"asset_id": "55540430234424978975374309720781505267413076269508713756763806625044258577915", "price": "0.98", "size": "280.96", "side": "SELL", "hash": "c11e1340a46725f6fc5630e61450e2aff46da28c", "best_bid": "0.21", "best_ask": "0.94"}], "timestamp": "1769384033610", "event_type": "price_change"}}
{"_local_timestamp": "2026-01-25T23:33:53.676624+00:00", "data": {"market": "0x7ab6481e06aefd3e8cf6fd09c7599fcae21f403c59a72ba45308ef9fe6d8ae23", "price_changes": [{"asset_id": "31315483651510549442162528076855001461548601638790804995212613720235089819655", "price": "0.02", "size": "480.96", "side": "BUY", "hash": "0ed326e4a4596235a17d948cfb256cd9a8f7375f", "best_bid": "0.06", "best_ask": "0.79"}, {"asset_id": "55540430234424978975374309720781505267413076269508713756763806625044258577915", "price": "0.98", "size": "480.96", "side": "SELL", "hash": "ed8938bc59a9470701599750715caf6fbe7657e1", "best_bid": "0.21", "best_ask": "0.94"}], "timestamp": "1769384033612", "event_type": "price_change"}}
{"_local_timestamp": "2026-01-25T23:33:53.677454+00:00", "data": {"market": "0x7ab6481e06aefd3e8cf6fd09c7599fcae21f403c59a72ba45308ef9fe6d8ae23", "price_changes": [{"asset_id": "31315483651510549442162528076855001461548601638790804995212613720235089819655", "price": "0.02", "size": "555.96", "side": "BUY", "hash": "4e6e51974cbd7573dc9f9ebbc9fda8adac0ce522", "best_bid": "0.06", "best_ask": "0.79"}, {"asset_id": "55540430234424978975374309720781505267413076269508713756763806625044258577915", "price": "0.98", "size": "555.96", "side": "SELL", "hash": "8a78d5b702f6cdbb3bda3a23ac4bd0e83c160639", "best_bid": "0.21", "best_ask": "0.94"}], "timestamp": "1769384033614", "event_type": "price_change"}}
{"_local_timestamp": "2026-01-25T23:33:53.677922+00:00", "data": {"market": "0x7ab6481e06aefd3e8cf6fd09c7599fcae21f403c59a72ba45308ef9fe6d8ae23", "price_changes": [{"asset_id": "55540430234424978975374309720781505267413076269508713756763806625044258577915", "price": "0.05", "size": "220", "side": "BUY", "hash": "083fad39a4b3823db87ee1b72108640b7dca5184", "best_bid": "0.21", "best_ask": "0.94"}, {"asset_id": "31315483651510549442162528076855001461548601638790804995212613720235089819655", "price": "0.95", "size": "220", "side": "SELL", "hash": "ce8a5007218a0768a93c3180a4bc56bdd19a162e", "best_bid": "0.06", "best_ask": "0.79"}], "timestamp": "1769384033615", "event_type": "price_change"}}
{"_local_timestamp": "2026-01-25T23:33:53.683258+00:00", "data": {"market": "0x7ab6481e06aefd3e8cf6fd09c7599fcae21f403c59a72ba45308ef9fe6d8ae23", "price_changes": [{"asset_id": "31315483651510549442162528076855001461548601638790804995212613720235089819655", "price": "0.02", "size": "855.96", "side": "BUY", "hash": "99cb384eb99ab41053604d9a4133e8f96df40eb7", "best_bid": "0.06", "best_ask": "0.79"}, {"asset_id": "55540430234424978975374309720781505267413076269508713756763806625044258577915", "price": "0.98", "size": "855.96", "side": "SELL", "hash": "86621e6c35421f2ed741eeac2f38298cc7c19326", "best_bid": "0.21", "best_ask": "0.94"}], "timestamp": "1769384033617", "event_type": "price_change"}}
{"_local_timestamp": "2026-01-25T23:33:53.683974+00:00", "data": {"market": "0x7ab6481e06aefd3e8cf6fd09c7599fcae21f403c59a72ba45308ef9fe6d8ae23", "price_changes": [{"asset_id": "55540430234424978975374309720781505267413076269508713756763806625044258577915", "price": "0.05", "size": "520", "side": "BUY", "hash": "00d7494844c0e7504a6db0d9db1b84895869a61b", "best_bid": "0.21", "best_ask": "0.94"}, {"asset_id": "31315483651510549442162528076855001461548601638790804995212613720235089819655", "price": "0.95", "size": "520", "side": "SELL", "hash": "139604928950ea7e01de81dfaafab600815e373d", "best_bid": "0.06", "best_ask": "0.79"}], "timestamp": "1769384033619", "event_type": "price_change"}}
{"_local_timestamp": "2026-01-25T23:33:53.685463+00:00", "data": {"market": "0x7ab6481e06aefd3e8cf6fd09c7599fcae21f403c59a72ba45308ef9fe6d8ae23", "price_changes": [{"asset_id": "55540430234424978975374309720781505267413076269508713756763806625044258577915", "price": "0.06", "size": "158", "side": "BUY", "hash": "989fd33781a891dcb96277c3ccaba8922843bba9", "best_bid": "0.21", "best_ask": "0.94"}, {"asset_id": "31315483651510549442162528076855001461548601638790804995212613720235089819655", "price": "0.94", "size": "158", "side": "SELL", "hash": "405d179467ec33e61c81f2b7b8a5126415fd86d2", "best_bid": "0.06", "best_ask": "0.79"}], "timestamp": "1769384033620", "event_type": "price_change"}}
{"_local_timestamp": "2026-01-25T23:33:53.686281+00:00", "data": {"market": "0x7ab6481e06aefd3e8cf6fd09c7599fcae21f403c59a72ba45308ef9fe6d8ae23", "price_changes": [{"asset_id": "55540430234424978975374309720781505267413076269508713756763806625044258577915", "price": "0.06", "size": "233", "side": "BUY", "hash": "a82fb6873b0b982af8e44a5b8eac58ff86aa9122", "best_bid": "0.21", "best_ask": "0.94"}, {"asset_id": "31315483651510549442162528076855001461548601638790804995212613720235089819655", "price": "0.94", "size": "233", "side": "SELL", "hash": "f18aec9902b9c6a28d4bedc984e5a07efe5446e2", "best_bid": "0.06", "best_ask": "0.79"}], "timestamp": "1769384033622", "event_type": "price_change"}}
