{"_local_timestamp": "2026-01-25T23:33:45.247773+00:00", "data": [{"market": "0x3aeb9c1aa285708324d98bb06eedd7ab804c293115f58252f054e1d485be4fdd", "asset_id": "8262995328681268556312569139792880522828756390107186945734895859624154188087", "timestamp": "1769383260555", "hash": "8ba6900df70240f15759d437cbecf78115684528", "bids": [{"price": "0.01", "size": "579.7"}, {"price": "0.02", "size": "663.64"}, {"price": "0.03", "size": "200"}, {"price": "0.04", "size": "243.16"}, {"price": "0.05", "size": "32"}, {"price": "0.06", "size": "5.47"}], "asks": [{"price": "0.99", "size": "123.47"}, {"price": "0.98", "size": "182.15"}, {"price": "0.97", "size": "17.51"}, {"price": "0.96", "size": "500"}, {"price": "0.95", "size": "220"}, {"price": "0.94", "size": "33"}, {"price": "0.93", "size": "5.79"}, {"price": "0.92", "size": "162.5"}, {"price": "0.9", "size": "189"}, {"price": "0.89", "size": "7.19"}, {"price": "0.8", "size": "10"}], "event_type": "book", "last_trade_price": ""}, {"market": "0xb8e3b42f3a0b21d45aa4342f19d2509a13e365063ced90e00f1fb458605bbebe", "asset_id": "71620861036516505323548572150937075333192191447066541365895749200120914523103", "timestamp": "1769383259352", "hash": "beefa1a35e1545099e3f1a90e9e9f5477f395a0c", "bids": [{"price": "0.01", "size": "123.48"}, {"price": "0.02", "size": "182.15"}, {"price": "0.03", "size": "17.47"}, {"price": "0.04", "size": "500"}, {"price": "0.05", "size": "220"}, {"price": "0.06", "size": "33"}, {"price": "0.07", "size": "5.79"}, {"price": "0.08", "size": "162.5"}, {"price": "0.1", "size": "189"}, {"price": "0.11", "size": "7.2"}, {"price": "0.2", "size": "10"}], "asks": [{"price": "0.99", "size": "577.55"}, {"price": "0.98", "size": "661.64"}, {"price": "0.97", "size": "200"}, {"price": "0.96", "size": "244.7"}, {"price": "0.95", "size": "32"}, {"price": "0.94", "size": "5.47"}], "event_type": "book", "last_trade_price": ""}, {"market": "0xabfb254b42d8fde6fd7c94929dfe1756489921069b9a11d59303400d88aa2c45", "asset_id": "31568865931589260265417995229523121230069849767851401171406519664186900074672", "timestamp": "1769382821407", "hash": "4c31c384b4238da05f830df913413fefd47e7d5b", "bids": [{"price": "0.01", "size": "123.47"}, {"price": "0.02", "size": "182.16"}, {"price": "0.03", "size": "17.5"}, {"price": "0.04", "size": "500"}, {"price": "0.05", "size": "220"}, {"price": "0.06", "size": "33"}, {"price": "0.07", "size": "5.79"}, {"price": "0.08", "size": "162.5"}, {"price": "0.1", "size": "189"}, {"price": "0.11", "size": "7.19"}, {"price": "0.2", "size": "10"}], "asks": [{"price": "0.99", "size": "577.55"}, {"price": "0.98", "size": "857.28"}, {"price": "0.97", "size": "13.18"}, {"price": "0.96", "size": "6"}, {"price": "0.95", "size": "32.4"}, {"price": "0.94", "size": "5.47"}], "event_type": "book", "last_trade_price": ""}, {"market": "0x3aeb9c1aa285708324d98bb06eedd7ab804c293115f58252f054e1d485be4fdd", "asset_id": "106693730359432382836257943764593588456879510999627289404114402007588751039257", "timestamp": "1769383260555", "hash": "58056219ba7a5dd1aad2073daa292283da66f2fb", "bids": [{"price": "0.01", "size": "123.47"}, {"price": "0.02", "size": "182.15"}, {"price": "0.03", "size": "17.51"}, {"price": "0.04", "size": "500"}, {"price": "0.05", "size": "220"}, {"price": "0.06", "size": "33"}, {"price": "0.07", "size": "5.79"}, {"price": "0.08", "size": "162.5"}, {"price": "0.1", "size": "189"}, {"price": "0.11", "size": "7.19"}, {"price": "0.2", "size": "10"}], "asks": [{"price": "0.99", "size": "579.7"}, {"price": "0.98", "size": "663.64"}, {"price": "0.97", "size": "200"}, {"price": "0.96", "size": "243.16"}, {"price": "0.95", "size": "32"}, {"price": "0.94", "size": "5.47"}], "event_type": "book", "last_trade_price": ""}, {"market": "0xabfb254b42d8fde6fd7c94929dfe1756489921069b9a11d59303400d88aa2c45", "asset_id": "33818258170246965405488133712493108592353018447993455244746181894027437767326", "timestamp": "1769382821407", "hash": "06f0e23d68376e198cee530c321a3616ef42d66a", "bids": [{"price": "0.01", "size": "577.55"}, {"price": "0.02", "size": "857.28"}, {"price": "0.03", "size": "13.18"}, {"price": "0.04", "size": "6"}, {"price": "0.05", "size": "32.4"}, {"price": "0.06", "size": "5.47"}], "asks": [{"price": "0.99", "size": "123.47"}, {"price": "0.98", "size": "182.16"}, {"price": "0.97", "size": "17.5"}, {"price": "0.96", "size": "500"}, {"price": "0.95", "size": "220"}, {"price": "0.94", "size": "33"}, {"price": "0.93", "size": "5.79"}, {"price": "0.92", "size": "162.5"}, {"price": "0.9", "size": "189"}, {"price": "0.89", "size": "7.19"}, {"price": "0.8", "size": "10"}], "event_type": "book", "last_trade_price": ""}, {"market": "0xb8e3b42f3a0b21d45aa4342f19d2509a13e365063ced90e00f1fb458605bbebe", "asset_id": "104260051123307919322249913267098912778052237511067358756520536195031437427301", "timestamp": "1769383259352", "hash": "d2ba1a78cd6cd30a38b116bc4be5cbd941063e18", "bids": [{"price": "0.01", "size": "577.55"}, {"price": "0.02", "size": "661.64"}, {"price": "0.03", "size": "200"}, {"price": "0.04", "size": "244.7"}, {"price": "0.05", "size": "32"}, {"price": "0.06", "size": "5.47"}], "asks": [{"price": "0.99", "size": "123.48"}, {"price": "0.98", "size": "182.15"}, {"price": "0.97", "size": "17.47"}, {"price": "0.96", "size": "500"}, {"price": "0.95", "size": "220"}, {"price": "0.94", "size": "33"}, {"price": "0.93", "size": "5.79"}, {"price": "0.92", "size": "162.5"}, {"price": "0.9", "size": "189"}, {"price": "0.89", "size": "7.2"}, {"price": "0.8", "size": "10"}], "event_type": "book", "last_trade_price": ""}]}
{"_local_timestamp": "2026-01-25T23:34:07.637193+00:00", "data": {"market": "0x3aeb9c1aa285708324d98bb06eedd7ab804c293115f58252f054e1d485be4fdd", "price_changes": [{"asset_id": "8262995328681268556312569139792880522828756390107186945734895859624154188087", "price": "0.03", "size": "0", "side": "BUY", "hash": "25f59b2c8dfd9a16293509c24deafc4f4b6b0102", "best_bid": "0.06", "best_ask": "0.8"}, {"asset_id": "106693730359432382836257943764593588456879510999627289404114402007588751039257", "price": "0.97", "size": "0", "side": "SELL", "hash": "c52d4805a0e9c211ca41460fedeb93f9955deb24", "best_bid": "0.2", "best_ask": "0.94"}], "timestamp": "1769384047564", "event_type": "price_change"}}
{"_local_timestamp": "2026-01-25T23:34:07.639051+00:00", "data": {"market": "0x3aeb9c1aa285708324d98bb06eedd7ab804c293115f58252f054e1d485be4fdd", "price_changes": [{"asset_id": "8262995328681268556312569139792880522828756390107186945734895859624154188087", "price": "0.02", "size": "163.64", "side": "BUY", "hash": "25f59b2c8dfd9a16293509c24deafc4f4b6b0102", "best_bid": "0.06", "best_ask": "0.8"}, {"asset_id": "106693730359432382836257943764593588456879510999627289404114402007588751039257", "price": "0.98", "size": "163.64", "side": "SELL", "hash": "c52d4805a0e9c211ca41460fedeb93f9955deb24", "best_bid": "0.2", "best_ask": "0.94"}], "timestamp": "1769384047564", "event_type": "price_change"}}
{"_local_timestamp": "2026-01-25T23:34:07.639840+00:00", "data": {"market": "0x3aeb9c1aa285708324d98bb06eedd7ab804c293115f58252f054e1d485be4fdd", "price_changes": [{"asset_id": "106693730359432382836257943764593588456879510999627289404114402007588751039257", "price": "0.05", "size": "20", "side": "BUY", "hash": "c0b497e0138c367bf79820b4180e656e8bb9c0db", "best_bid": "0.2", "best_ask": "0.94"}, {"asset_id": "8262995328681268556312569139792880522828756390107186945734895859624154188087", "price": "0.95", "size": "20", "side": "SELL", "hash": "511ee7d518a2e618677bf429dcb0705c257e52dc", "best_bid": "0.06", "best_ask": "0.8"}], "timestamp": "1769384047565", "event_type": "price_change"}}
{"_local_timestamp": "2026-01-25T23:34:07.641415+00:00", "data": {"market": "0x3aeb9c1aa285708324d98bb06eedd7ab804c293115f58252f054e1d485be4fdd", "price_changes": [{"asset_id": "106693730359432382836257943764593588456879510999627289404114402007588751039257", "price": "0.04", "size": "0", "side": "BUY", "hash": "c0b497e0138c367bf79820b4180e656e8bb9c0db", "best_bid": "0.2", "best_ask": "0.94"}, {"asset_id": "8262995328681268556312569139792880522828756390107186945734895859624154188087", "price": "0.96", "size": "0", "side": "SELL", "hash": "511ee7d518a2e618677bf429dcb0705c257e52dc", "best_bid": "0.06", "best_ask": "0.8"}], "timestamp": "1769384047565", "event_type": "price_change"}}
{"_local_timestamp": "2026-01-25T23:34:10.377674+00:00", "data": {"market": "0x3aeb9c1aa285708324d98bb06eedd7ab804c293115f58252f054e1d485be4fdd", "price_changes": [{"asset_id": "106693730359432382836257943764593588456879510999627289404114402007588751039257", "price": "0.04", "size": "300", "side": "BUY", "hash": "9d978a91ad60426c2d701b5db705a73f58b291a3", "best_bid": "0.2", "best_ask": "0.94"}, {"asset_id": "8262995328681268556312569139792880522828756390107186945734895859624154188087", "price": "0.96", "size": "300", "side": "SELL", "hash": "0591a14cbb507af6adaeb5852ca624032cedff2c", "best_bid": "0.06", "best_ask": "0.8"}], "timestamp": "1769384050310", "event_type": "price_change"}}
{"_local_timestamp": "2026-01-25T23:34:10.378141+00:00", "data": {"market": "0x3aeb9c1aa285708324d98bb06eedd7ab804c293115f58252f054e1d485be4fdd", "price_changes": [{"asset_id": "8262995328681268556312569139792880522828756390107186945734895859624154188087", "price": "0.01", "size": "879.7", "side": "BUY", "hash": "e3c6b4a18786ff60a9ed5ce38c77d8611d7a0e58", "best_bid": "0.06", "best_ask": "0.8"}, {"asset_id": "106693730359432382836257943764593588456879510999627289404114402007588751039257", "price": "0.99", "size": "879.7", "side": "SELL", "hash": "7e8040fbbf69a3991a65975db0b91e31b697120c", "best_bid": "0.2", "best_ask": "0.94"}], "timestamp": "1769384050312", "event_type": "price_change"}}
{"_local_timestamp": "2026-01-25T23:34:10.381690+00:00", "data": {"market": "0x3aeb9c1aa285708324d98bb06eedd7ab804c293115f58252f054e1d485be4fdd", "price_changes": [{"asset_id": "8262995328681268556312569139792880522828756390107186945734895859624154188087", "price": "0.02", "size": "363.64", "side": "BUY", "hash": "85e79086ce28ebd3e4d86d71dc50ecde2707cde4", "best_bid": "0.06", "best_ask": "0.8"}, {"asset_id": "106693730359432382836257943764593588456879510999627289404114402007588751039257", "price": "0.98", "size": "363.64", "side": "SELL", "hash": "5f479624318c7113f6a983341c5a379060be0636", "best_bid": "0.2", "best_ask": "0.94"}], "timestamp": "1769384050313", "event_type": "price_change"}}
{"_local_timestamp": "2026-01-25T23:34:10.382356+00:00", "data": {"market": "0x3aeb9c1aa285708324d98bb06eedd7ab804c293115f58252f054e1d485be4fdd", "price_changes": [{"asset_id": "8262995328681268556312569139792880522828756390107186945734895859624154188087", "price": "0.02", "size": "488.64", "side": "BUY", "hash": "4260a3209ebade64dba5e356640c11e4e70c055c", "best_bid": "0.06", "best_ask": "0.8"}, {"asset_id": "106693730359432382836257943764593588456879510999627289404114402007588751039257", "price": "0.98", "size": "488.64", "side": "SELL", "hash": "a43d734cc6dce1ef9ed43ee70db73d3dd139a923", "best_bid": "0.2", "best_ask": "0.94"}], "timestamp": "1769384050314", "event_type": "price_change"}}
{"_local_timestamp": "2026-01-25T23:34:10.383151+00:00", "data": {"market": "0x3aeb9c1aa285708324d98bb06eedd7ab804c293115f58252f054e1d485be4fdd", "price_changes": [{"asset_id": "106693730359432382836257943764593588456879510999627289404114402007588751039257", "price": "0.05", "size": "95", "side": "BUY", "hash": "20d6345fd649489e136f98d53ce27f0a41da84ae", "best_bid": "0.2", "best_ask": "0.94"}, {"asset_id": "8262995328681268556312569139792880522828756390107186945734895859624154188087", "price": "0.95", "size": "95", "side": "SELL", "hash": "1781aafdbe912fd247aa3cdacee41baa384ab3d9", "best_bid": "0.06", "best_ask": "0.8"}], "timestamp": "1769384050316", "event_type": "price_change"}}
{"_local_timestamp": "2026-01-25T23:34:10.384730+00:00", "data": {"market": "0x3aeb9c1aa285708324d98bb06eedd7ab804c293115f58252f054e1d485be4fdd", "price_changes": [{"asset_id": "106693730359432382836257943764593588456879510999627289404114402007588751039257", "price": "0.04", "size": "500", "side": "BUY", "hash": "f018cd27158ee598c8648fea78755283dce106d5", "best_bid": "0.2", "best_ask": "0.94"}, {"asset_id": "8262995328681268556312569139792880522828756390107186945734895859624154188087", "price": "0.96", "size": "500", "side": "SELL", "hash": "92819d2f2338eb161e9876d5d85d4cc0a34ea781", "best_bid": "0.06", "best_ask": "0.8"}], "timestamp": "1769384050317", "event_type": "price_change"}}
{"_local_timestamp": "2026-01-25T23:34:10.385327+00:00", "data": {"market": "0x3aeb9c1aa285708324d98bb06eedd7ab804c293115f58252f054e1d485be4fdd", "price_changes": [{"asset_id": "8262995328681268556312569139792880522828756390107186945734895859624154188087", "price": "0.02", "size": "563.64", "side": "BUY", "hash": "0f5a2a288ac57a5c44c2adad6c911ce4898c4cad", "best_bid": "0.06", "best_ask": "0.8"}, {"asset_id": "106693730359432382836257943764593588456879510999627289404114402007588751039257", "price": "0.98", "size": "563.64", "side": "SELL", "hash": "b7bc350e53fd5cf1f99318fa0396ed561196fc36", "best_bid": "0.2", "best_ask": "0.94"}], "timestamp": "1769384050318", "event_type": "price_change"}}
{"_local_timestamp": "2026-01-25T23:34:10.385741+00:00", "data": {"market": "0x3aeb9c1aa285708324d98bb06eedd7ab804c293115f58252f054e1d485be4fdd", "price_changes": [{"asset_id": "106693730359432382836257943764593588456879510999627289404114402007588751039257", "price": "0.05", "size": "220", "side": "BUY", "hash": "7467dff0b916e898c3ef05de02ffb0150b1f274e", "best_bid": "0.2", "best_ask": "0.94"}, {"asset_id": "8262995328681268556312569139792880522828756390107186945734895859624154188087", "price": "0.95", "size": "220", "side": "SELL", "hash": "0052dc757ad52558383b1712fa9c628b603aafbf", "best_bid": "0.06", "best_ask": "0.8"}], "timestamp": "1769384050320", "event_type": "price_change"}}
{"_local_timestamp": "2026-01-25T23:34:10.566296+00:00", "data": {"market": "0xb8e3b42f3a0b21d45aa4342f19d2509a13e365063ced90e00f1fb458605bbebe", "price_changes": [{"asset_id": "104260051123307919322249913267098912778052237511067358756520536195031437427301", "price": "0.02", "size": "161.64", "side": "BUY", "hash": "0ea74e46ad5b52b41bb38054ef32fde0a8fb75a4", "best_bid": "0.06", "best_ask": "0.8"}, {"asset_id": "71620861036516505323548572150937075333192191447066541365895749200120914523103", "price": "0.98", "size": "161.64", "side": "SELL", "hash": "018a693dea68b1dcc2d09d6cf9c4f1fb44721e46", "best_bid": "0.2", "best_ask": "0.94"}], "timestamp": "1769384050498", "event_type": "price_change"}}
{"_local_timestamp": "2026-01-25T23:34:10.566855+00:00", "data": {"market": "0xb8e3b42f3a0b21d45aa4342f19d2509a13e365063ced90e00f1fb458605bbebe", "price_changes": [{"asset_id": "104260051123307919322249913267098912778052237511067358756520536195031437427301", "price": "0.03", "size": "0", "side": "BUY", "hash": "0ea74e46ad5b52b41bb38054ef32fde0a8fb75a4", "best_bid": "0.06", "best_ask": "0.8"}, {"asset_id": "71620861036516505323548572150937075333192191447066541365895749200120914523103", "price": "0.97", "size": "0", "side": "SELL", "hash": "018a693dea68b1dcc2d09d6cf9c4f1fb44721e46", "best_bid": "0.2", "best_ask": "0.94"}], "timestamp": "1769384050498", "event_type": "price_change"}}
{"_local_timestamp": "2026-01-25T23:34:10.567474+00:00", "data": {"market": "0xb8e3b42f3a0b21d45aa4342f19d2509a13e365063ced90e00f1fb458605bbebe", "price_changes": [{"asset_id": "71620861036516505323548572150937075333192191447066541365895749200120914523103", "price": "0.05", "size": "20", "side": "BUY", "hash": "e7b09457728aa977d91784d00142a38e2a004bb5", "best_bid": "0.2", "best_ask": "0.94"}, {"asset_id": "104260051123307919322249913267098912778052237511067358756520536195031437427301", "price": "0.95", "size": "20", "side": "SELL", "hash": "ccd116e2e3c701df15de80fbd55497a31443e6bf", "best_bid": "0.06", "best_ask": "0.8"}], "timestamp": "1769384050498", "event_type": "price_change"}}
{"_local_timestamp": "2026-01-25T23:34:10.568271+00:00", "data": {"market": "0xb8e3b42f3a0b21d45aa4342f19d2509a13e365063ced90e00f1fb458605bbebe", "price_changes": [{"asset_id": "71620861036516505323548572150937075333192191447066541365895749200120914523103", "price": "0.04", "size": "0", "side": "BUY", "hash": "e7b09457728aa977d91784d00142a38e2a004bb5", "best_bid": "0.2", "best_ask": "0.94"}, {"asset_id": "104260051123307919322249913267098912778052237511067358756520536195031437427301", "price": "0.96", "size": "0", "side": "SELL", "hash": "ccd116e2e3c701df15de80fbd55497a31443e6bf", "best_bid": "0.06", "best_ask": "0.8"}], "timestamp": "1769384050498", "event_type": "price_change"}}
{"_local_timestamp": "2026-01-25T23:34:13.537519+00:00", "data": {"market": "0xb8e3b42f3a0b21d45aa4342f19d2509a13e365063ced90e00f1fb458605bbebe", "price_changes": [{"asset_id": "71620861036516505323548572150937075333192191447066541365895749200120914523103", "price": "0.04", "size": "200", "side": "BUY", "hash": "a3b0b36407aace3492675917e3e2003be4c3c863", "best_bid": "0.2", "best_ask": "0.94"}, {"asset_id": "104260051123307919322249913267098912778052237511067358756520536195031437427301", "price": "0.96", "size": "200", "side": "SELL", "hash": "a0c83baf83ae436a3e1ba712fc6a3913c80ae818", "best_bid": "0.06", "best_ask": "0.8"}], "timestamp": "1769384053337", "event_type": "price_change"}}
{"_local_timestamp": "2026-01-25T23:34:13.547159+00:00", "data": {"market": "0xb8e3b42f3a0b21d45aa4342f19d2509a13e365063ced90e00f1fb458605bbebe", "price_changes": [{"asset_id": "71620861036516505323548572150937075333192191447066541365895749200120914523103", "price": "0.04", "size": "500", "side": "BUY", "hash": "4131c3e2eeaccd992c40a9f5e4d9e96e2a6dd6f9", "best_bid": "0.2", "best_ask": "0.94"}, {"asset_id": "104260051123307919322249913267098912778052237511067358756520536195031437427301", "price": "0.96", "size": "500", "side": "SELL", "hash": "e0ed60b37f12d46f82529bae0ae9f4f19eb5dd5a", "best_bid": "0.06", "best_ask": "0.8"}], "timestamp": "1769384053340", "event_type": "price_change"}}
{"_local_timestamp": "2026-01-25T23:34:13.547608+00:00", "data": {"market": "0xb8e3b42f3a0b21d45aa4342f19d2509a13e365063ced90e00f1fb458605bbebe", "price_changes": [{"asset_id": "71620861036516505323548572150937075333192191447066541365895749200120914523103", "price": "0.05", "size": "95", "side": "BUY", "hash": "3e7744abaf0712c22815e6a44f95462678d0164c", "best_bid": "0.2", "best_ask": "0.94"}, {"asset_id": "104260051123307919322249913267098912778052237511067358756520536195031437427301", "price": "0.95", "size": "95", "side": "SELL", "hash": "36379ec70ab1f96dcb86f611849eeabf501081a9", "best_bid": "0.06", "best_ask": "0.8"}], "timestamp": "1769384053341", "event_type": "price_change"}}
{"_local_timestamp": "2026-01-25T23:34:13.548149+00:00", "data": {"market": "0xb8e3b42f3a0b21d45aa4342f19d2509a13e365063ced90e00f1fb458605bbebe", "price_changes": [{"asset_id": "71620861036516505323548572150937075333192191447066541365895749200120914523103", "price": "0.05", "size": "220", "side": "BUY", "hash": "3b32d8fc54790e1daad1db53d3aaaca5b269ab04", "best_bid": "0.2", "best_ask": "0.94"}, {"asset_id": "104260051123307919322249913267098912778052237511067358756520536195031437427301", "price": "0.95", "size": "220", "side": "SELL", "hash": "009aa25d4c6299ec7823e16f3137e672b15016a1", "best_bid": "0.06", "best_ask": "0.8"}], "timestamp": "1769384053343", "event_type": "price_change"}}
{"_local_timestamp": "2026-01-25T23:34:13.550476+00:00", "data": {"market": "0xb8e3b42f3a0b21d45aa4342f19d2509a13e365063ced90e00f1fb458605bbebe", "price_changes": [{"asset_id": "104260051123307919322249913267098912778052237511067358756520536195031437427301", "price": "0.02", "size": "361.64", "side": "BUY", "hash": "c4ce53fe4f014a53643cef9813ca48192204925a", "best_bid": "0.06", "best_ask": "0.8"}, {"asset_id": "71620861036516505323548572150937075333192191447066541365895749200120914523103", "price": "0.98", "size": "361.64", "side": "SELL", "hash": "5bbade8cec6b1603cb98a0c415b845fabd53f795", "best_bid": "0.2", "best_ask": "0.94"}], "timestamp": "1769384053344", "event_type": "price_change"}}
{"_local_timestamp": "2026-01-25T23:34:13.556529+00:00", "data": {"market": "0xb8e3b42f3a0b21d45aa4342f19d2509a13e365063ced90e00f1fb458605bbebe", "price_changes": [{"asset_id": "104260051123307919322249913267098912778052237511067358756520536195031437427301", "price": "0.02", "size": "486.64", "side": "BUY", "hash": "cb87e28dae194276e7a100bf69c887220a1152b3", "best_bid": "0.06", "best_ask": "0.8"}, {"asset_id": "71620861036516505323548572150937075333192191447066541365895749200120914523103", "price": "0.98", "size": "486.64", "side": "SELL", "hash": "01e5487fb710c46c0e53fcf0fd3c2e09b4bd228e", "best_bid": "0.2", "best_ask": "0.94"}], "timestamp": "1769384053346", "event_type": "price_change"}}
{"_local_timestamp": "2026-01-25T23:34:13.557013+00:00", "data": {"market": "0xb8e3b42f3a0b21d45aa4342f19d2509a13e365063ced90e00f1fb458605bbebe", "price_changes": [{"asset_id": "104260051123307919322249913267098912778052237511067358756520536195031437427301", "price": "0.02", "size": "561.64", "side": "BUY", "hash": "0696864e9417cc1e5178d52f74486f1b07cc3a44", "best_bid": "0.06", "best_ask": "0.8"}, {"asset_id": "71620861036516505323548572150937075333192191447066541365895749200120914523103", "price": "0.98", "size": "561.64", "side": "SELL", "hash": "90c42b80a39825a12669ec31d2ad6c4c6d6348ef", "best_bid": "0.2", "best_ask": "0.94"}], "timestamp": "1769384053348", "event_type": "price_change"}}
{"_local_timestamp": "2026-01-25T23:34:13.557333+00:00", "data": {"market": "0xb8e3b42f3a0b21d45aa4342f19d2509a13e365063ced90e00f1fb458605bbebe", "price_changes": [{"asset_id": "104260051123307919322249913267098912778052237511067358756520536195031437427301", "price": "0.01", "size": "877.55", "side": "BUY", "hash": "af8c17e0350f962269d2fcb0cad34821ae0848ad", "best_bid": "0.06", "best_ask": "0.8"}, {"asset_id": "71620861036516505323548572150937075333192191447066541365895749200120914523103", "price": "0.99", "size": "877.55", "side": "SELL", "hash": "07f40f400b64d9358a7ace54bf4654c0f82439f9", "best_bid": "0.2", "best_ask": "0.94"}], "timestamp": "1769384053349", "event_type": "price_change"}}
{"_local_timestamp": "2026-01-25T23:34:13.631398+00:00", "data": {"market": "0xabfb254b42d8fde6fd7c94929dfe1756489921069b9a11d59303400d88aa2c45", "price_changes": [{"asset_id": "33818258170246965405488133712493108592353018447993455244746181894027437767326", "price": "0.02", "size": "157.28", "side": "BUY", "hash": "fe9f655cbc4855b8b50f166ed2bc2901083e5cb9", "best_bid": "0.06", "best_ask": "0.8"}, {"asset_id": "31568865931589260265417995229523121230069849767851401171406519664186900074672", "price": "0.98", "size": "157.28", "side": "SELL", "hash": "8a7197badcdb9baa27b6f17feef510a6ed7d1669", "best_bid": "0.2", "best_ask": "0.94"}], "timestamp": "1769384053535", "event_type": "price_change"}}
{"_local_timestamp": "2026-01-25T23:34:13.635688+00:00", "data": {"market": "0xabfb254b42d8fde6fd7c94929dfe1756489921069b9a11d59303400d88aa2c45", "price_changes": [{"asset_id": "31568865931589260265417995229523121230069849767851401171406519664186900074672", "price": "0.05", "size": "20", "side": "BUY", "hash": "51db762964189d40529509736afa6ff83ef9d5a5", "best_bid": "0.2", "best_ask": "0.94"}, {"asset_id": "33818258170246965405488133712493108592353018447993455244746181894027437767326", "price": "0.95", "size": "20", "side": "SELL", "hash": "4864177fea9b7f9d3aa081f8fdb49ad278ccfb21", "best_bid": "0.06", "best_ask": "0.8"}], "timestamp": "1769384053535", "event_type": "price_change"}}
{"_local_timestamp": "2026-01-25T23:34:13.645698+00:00", "data": {"market": "0xabfb254b42d8fde6fd7c94929dfe1756489921069b9a11d59303400d88aa2c45", "price_changes": [{"asset_id": "31568865931589260265417995229523121230069849767851401171406519664186900074672", "price": "0.04", "size": "0", "side": "BUY", "hash": "51db762964189d40529509736afa6ff83ef9d5a5", "best_bid": "0.2", "best_ask": "0.94"}, {"asset_id": "33818258170246965405488133712493108592353018447993455244746181894027437767326", "price": "0.96", "size": "0", "side": "SELL", "hash": "4864177fea9b7f9d3aa081f8fdb49ad278ccfb21", "best_bid": "0.06", "best_ask": "0.8"}], "timestamp": "1769384053535", "event_type": "price_change"}}
{"_local_timestamp": "2026-01-25T23:34:15.337876+00:00", "data": {"market": "0xabfb254b42d8fde6fd7c94929dfe1756489921069b9a11d59303400d88aa2c45", "price_changes": [{"asset_id": "31568865931589260265417995229523121230069849767851401171406519664186900074672", "price": "0.05", "size": "145", "side": "BUY", "hash": "dfb8b9c4762fd283fb5a3c7ee71854ffce0b91a1", "best_bid": "0.2", "best_ask": "0.94"}, {"asset_id": "33818258170246965405488133712493108592353018447993455244746181894027437767326", "price": "0.95", "size": "145", "side": "SELL", "hash": "e09066619c2b296485ac9083b8cd00577503cac5", "best_bid": "0.06", "best_ask": "0.8"}], "timestamp": "1769384055265", "event_type": "price_change"}}
{"_local_timestamp": "2026-01-25T23:34:15.339282+00:00", "data": {"market": "0xabfb254b42d8fde6fd7c94929dfe1756489921069b9a11d59303400d88aa2c45", "price_changes": [{"asset_id": "31568865931589260265417995229523121230069849767851401171406519664186900074672", "price": "0.05", "size": "220", "side": "BUY", "hash": "f5c656860fc4473078e4f50c4fefbc9c0d893272", "best_bid": "0.2", "best_ask": "0.94"}, {"asset_id": "33818258170246965405488133712493108592353018447993455244746181894027437767326", "price": "0.95", "size": "220", "side": "SELL", "hash": "1229f27793987eaab1043e89e647d16243f27427", "best_bid": "0.06", "best_ask": "0.8"}], "timestamp": "1769384055267", "event_type": "price_change"}}
{"_local_timestamp": "2026-01-25T23:34:15.339718+00:00", "data": {"market": "0xabfb254b42d8fde6fd7c94929dfe1756489921069b9a11d59303400d88aa2c45", "price_changes": [{"asset_id": "31568865931589260265417995229523121230069849767851401171406519664186900074672", "price": "0.04", "size": "300", "side": "BUY", "hash": "7a6d861b272871fadf96fc7b4a911269637c4e64", "best_bid": "0.2", "best_ask": "0.94"}, {"asset_id": "33818258170246965405488133712493108592353018447993455244746181894027437767326", "price": "0.96", "size": "300", "side": "SELL", "hash": "c7da2df1361134a25bf27f66edf198cfe3d2f005", "best_bid": "0.06", "best_ask": "0.8"}], "timestamp": "1769384055268", "event_type": "price_change"}}
{"_local_timestamp": "2026-01-25T23:34:15.340418+00:00", "data": {"market": "0xabfb254b42d8fde6fd7c94929dfe1756489921069b9a11d59303400d88aa2c45", "price_changes": [{"asset_id": "33818258170246965405488133712493108592353018447993455244746181894027437767326", "price": "0.02", "size": "282.28", "side": "BUY", "hash": "9904018380b6730e39e00d2d6877a5907ecae193", "best_bid": "0.06", "best_ask": "0.8"}, {"asset_id": "31568865931589260265417995229523121230069849767851401171406519664186900074672", "price": "0.98", "size": "282.28", "side": "SELL", "hash": "85209cf05acda09c86b0226cd8f068e9cb371423", "best_bid": "0.2", "best_ask": "0.94"}], "timestamp": "1769384055270", "event_type": "price_change"}}
{"_local_timestamp": "2026-01-25T23:34:15.341827+00:00", "data": {"market": "0xabfb254b42d8fde6fd7c94929dfe1756489921069b9a11d59303400d88aa2c45", "price_changes": [{"asset_id": "33818258170246965405488133712493108592353018447993455244746181894027437767326", "price": "0.02", "size": "357.28", "side": "BUY", "hash": "5691574efa9eb91a566a28161b16f8faa99d6e68", "best_bid": "0.06", "best_ask": "0.8"}, {"asset_id": "31568865931589260265417995229523121230069849767851401171406519664186900074672", "price": "0.98", "size": "357.28", "side": "SELL", "hash": "0a7d4de29ca24557d2c53565b49e48b8089a3923", "best_bid": "0.2", "best_ask": "0.94"}], "timestamp": "1769384055271", "event_type": "price_change"}}
{"_local_timestamp": "2026-01-25T23:34:15.343058+00:00", "data": {"market": "0xabfb254b42d8fde6fd7c94929dfe1756489921069b9a11d59303400d88aa2c45", "price_changes": [{"asset_id": "33818258170246965405488133712493108592353018447993455244746181894027437767326", "price": "0.01", "size": "877.55", "side": "BUY", "hash": "f2e8b9882eaa44b8881f88d14d10e2212ae7046b", "best_bid": "0.06", "best_ask": "0.8"}, {"asset_id": "31568865931589260265417995229523121230069849767851401171406519664186900074672", "price": "0.99", "size": "877.55", "side": "SELL", "hash": "f6f7c923213272e9c0fa4c707fd51f2fcc7a702d", "best_bid": "0.2", "best_ask": "0.94"}], "timestamp": "1769384055273", "event_type": "price_change"}}
{"_local_timestamp": "2026-01-25T23:34:15.343703+00:00", "data": {"market": "0xabfb254b42d8fde6fd7c94929dfe1756489921069b9a11d59303400d88aa2c45", "price_changes": [{"asset_id": "31568865931589260265417995229523121230069849767851401171406519664186900074672", "price": "0.04", "size": "500", "side": "BUY", "hash": "1461647f4217551fb5cdd7c1e9397b32735089c2", "best_bid": "0.2", "best_ask": "0.94"}, {"asset_id": "33818258170246965405488133712493108592353018447993455244746181894027437767326", "price": "0.96", "size": "500", "side": "SELL", "hash": "55d0579023fcdcf59d884818ff667987dd4301f0", "best_bid": "0.06", "best_ask": "0.8"}], "timestamp": "1769384055274", "event_type": "price_change"}}
{"_local_timestamp": "2026-01-25T23:34:15.349735+00:00", "data": {"market": "0xabfb254b42d8fde6fd7c94929dfe1756489921069b9a11d59303400d88aa2c45", "price_changes": [{"asset_id": "33818258170246965405488133712493108592353018447993455244746181894027437767326", "price": "0.02", "size": "557.28", "side": "BUY", "hash": "ff382e86074fc1028dc97185b9960ef4b251998d", "best_bid": "0.06", "best_ask": "0.8"}, {"asset_id": "31568865931589260265417995229523121230069849767851401171406519664186900074672", "price": "0.98", "size": "557.28", "side": "SELL", "hash": "71d2646bb4eb779dd579315b1b1b3d1ad3768a75", "best_bid": "0.2", "best_ask": "0.94"}], "timestamp": "1769384055276", "event_type": "price_change"}}
