{"_local_timestamp": "2026-01-25T23:40:35.864420+00:00", "data": [{"market": "0x1d9a31935b8a94ec5c7e907232d2e0f9406772f1f75a865816738abe20a9bf14", "asset_id": "90378019891381253935701297232097133751393764446616829937103648383417741637557", "timestamp": "1769384409003", "hash": "89b49babd3b1baf1f864740942c810b9a33cce2e", "bids": [{"price": "0.001", "size": "366.81"}, {"price": "0.005", "size": "10000"}, {"price": "0.006", "size": "58.98"}, {"price": "0.01", "size": "18"}, {"price": "0.011", "size": "16.36"}, {"price": "0.071", "size": "1000"}, {"price": "0.073", "size": "352.84"}, {"price": "0.074", "size": "1563"}, {"price": "0.075", "size": "494.52"}, {"price": "0.076", "size": "100"}, {"price": "0.077", "size": "5"}], "asks": [{"price": "0.999", "size": "390.54"}, {"price": "0.998", "size": "27.2"}, {"price": "0.99", "size": "18"}, {"price": "0.989", "size": "6.44"}, {"price": "0.98", "size": "100"}, {"price": "0.979", "size": "88.11"}, {"price": "0.697", "size": "120.85"}, {"price": "0.54", "size": "2112.88"}, {"price": "0.49", "size": "152.53"}], "event_type": "book", "last_trade_price": "0.460"}, {"market": "0x8e36123521213ef0d093130e9a85d2830a120475fa9e89af78963f399cf25590", "asset_id": "52259781691391418670647763113088757866145408398131341514102925092050558273075", "timestamp": "1769380919009", "hash": "f310f14e41a322f74c3df733e9908deead939e9b", "bids": [{"price": "0.001", "size": "1820"}, {"price": "0.002", "size": "185.03"}, {"price": "0.01", "size": "18"}, {"price": "0.011", "size": "16.36"}, {"price": "0.34", "size": "5000"}, {"price": "0.36", "size": "5000"}, {"price": "0.38", "size": "5000"}, {"price": "0.4", "size": "4722.56"}, {"price": "0.402", "size": "1765.51"}, {"price": "0.403", "size": "2129.81"}], "asks": [{"price": "0.999", "size": "486.66"}, {"price": "0.998", "size": "184.67"}, {"price": "0.99", "size": "18"}, {"price": "0.989", "size": "16.36"}, {"price": "0.621", "size": "31.96"}, {"price": "0.62", "size": "31.95"}, {"price": "0.61", "size": "37.12"}, {"price": "0.6", "size": "1799.86"}, {"price": "0.599", "size": "20"}, {"price": "0.597", "size": "20"}, {"price": "0.58", "size": "5"}, {"price": "0.56", "size": "5"}, {"price": "0.53", "size": "2.31"}], "event_type": "book", "last_trade_price": "0.470"}, {"market": "0xf7cfc969d32088ef4cf88095ee5b73b66e9acf35370f42565bf2b6cde5c0ffea", "asset_id": "63663607698611343388207744938600220154867453281359628417526856226738689175044", "timestamp": "1769384409001", "hash": "edeb46201305f46cea93c3261660e18cc7f8dbaa", "bids": [{"price": "0.01", "size": "18"}, {"price": "0.02", "size": "33.33"}, {"price": "0.2", "size": "960.31"}, {"price": "0.21", "size": "113.45"}], "asks": [{"price": "0.99", "size": "218"}, {"price": "0.95", "size": "35.44"}, {"price": "0.81", "size": "5.76"}, {"price": "0.41", "size": "136"}, {"price": "0.4", "size": "102.9"}, {"price": "0.39", "size": "1855"}, {"price": "0.38", "size": "23.04"}], "event_type": "book", "last_trade_price": "0.620"}, {"market": "0x8e36123521213ef0d093130e9a85d2830a120475fa9e89af78963f399cf25590", "asset_id": "112441055355112828965470195144492227897691283432040867950229493183210703013810", "timestamp": "1769380919009", "hash": "6c0b081a39130018b56ddbcb62ec0d09523e14dc", "bids": [{"price": "0.001", "size": "486.66"}, {"price": "0.002", "size": "184.67"}, {"price": "0.01", "size": "18"}, {"price": "0.011", "size": "16.36"}, {"price": "0.379", "size": "31.96"}, {"price": "0.38", "size": "31.95"}, {"price": "0.39", "size": "37.12"}, {"price": "0.4", "size": "1799.86"}, {"price": "0.401", "size": "20"}, {"price": "0.403", "size": "20"}, {"price": "0.42", "size": "5"}, {"price": "0.44", "size": "5"}, {"price": "0.47", "size": "2.31"}], "asks": [{"price": "0.999", "size": "1820"}, {"price": "0.998", "size": "185.03"}, {"price": "0.99", "size": "18"}, {"price": "0.989", "size": "16.36"}, {"price": "0.66", "size": "5000"}, {"price": "0.64", "size": "5000"}, {"price": "0.62", "size": "5000"}, {"price": "0.6", "size": "4722.56"}, {"price": "0.598", "size": "1765.51"}, {"price": "0.597", "size": "2129.81"}], "event_type": "book", "last_trade_price": "0.470"}, {"market": "0x1d9a31935b8a94ec5c7e907232d2e0f9406772f1f75a865816738abe20a9bf14", "asset_id": "19740368668619683848673528758180987830575005725697390392290048589879378884221", "timestamp": "1769384409003", "hash": "04745f59ff42f0c807763e8efdfa39c7873e9b01", "bids": [{"price": "0.001", "size": "390.54"}, {"price": "0.002", "size": "27.2"}, {"price": "0.01", "size": "18"}, {"price": "0.011", "size": "6.44"}, {"price": "0.02", "size": "100"}, {"price": "0.021", "size": "88.11"}, {"price": "0.303", "size": "120.85"}, {"price": "0.46", "size": "2112.88"}, {"price": "0.51", "size": "152.53"}], "asks": [{"price": "0.999", "size": "366.81"}, {"price": "0.995", "size": "10000"}, {"price": "0.994", "size": "58.98"}, {"price": "0.99", "size": "18"}, {"price": "0.989", "size": "16.36"}, {"price": "0.929", "size": "1000"}, {"price": "0.927", "size": "352.84"}, {"price": "0.926", "size": "1563"}, {"price": "0.925", "size": "494.52"}, {"price": "0.924", "size": "100"}, {"price": "0.923", "size": "5"}], "event_type": "book", "last_trade_price": "0.460"}, {"market": "0xf7cfc969d32088ef4cf88095ee5b73b66e9acf35370f42565bf2b6cde5c0ffea", "asset_id": "73573287068391812686471094771441383466850243630081110194417981856407280167510", "timestamp": "1769384409001", "hash": "bc923dd4ca93377d37296409d40a2a40a8823898", "bids": [{"price": "0.01", "size": "218"}, {"price": "0.05", "size": "35.44"}, {"price": "0.19", "size": "5.76"}, {"price": "0.59", "size": "136"}, {"price": "0.6", "size": "102.9"}, {"price": "0.61", "size": "1855"}, {"price": "0.62", "size": "23.04"}], "asks": [{"price": "0.99", "size": "18"}, {"price": "0.98", "size": "33.33"}, {"price": "0.8", "size": "960.31"}, {"price": "0.79", "size": "113.45"}], "event_type": "book", "last_trade_price": "0.620"}]}
{"_local_timestamp": "2026-01-25T23:40:56.082341+00:00", "data": {"market": "0x8e36123521213ef0d093130e9a85d2830a120475fa9e89af78963f399cf25590", "price_changes": [{"asset_id": "112441055355112828965470195144492227897691283432040867950229493183210703013810", "price": "0.002", "size": "0", "side": "BUY", "hash": "190ac410f0e2d25aa4726b7db0765ade9a034b5b", "best_bid": "0.47", "best_ask": "0.597"}, {"asset_id": "52259781691391418670647763113088757866145408398131341514102925092050558273075", "price": "0.998", "size": "0", "side": "SELL", "hash": "288232adb978d72b9d9a62c0343cee2079297cd2", "best_bid": "0.403", "best_ask": "0.53"}], "timestamp": "1769384456000", "event_type": "price_change"}}
{"_local_timestamp": "2026-01-25T23:40:56.098369+00:00", "data": {"market": "0x8e36123521213ef0d093130e9a85d2830a120475fa9e89af78963f399cf25590", "price_changes": [{"asset_id": "52259781691391418670647763113088757866145408398131341514102925092050558273075", "price": "0.011", "size": "0", "side": "BUY", "hash": "7a9ccd472c84becef56b7a8bfac40346310824d4", "best_bid": "0.403", "best_ask": "0.53"}, {"asset_id": "112441055355112828965470195144492227897691283432040867950229493183210703013810", "price": "0.989", "size": "0", "side": "SELL", "hash": "6d4906320db61d7d9c12880e4c604c1495201fc1", "best_bid": "0.47", "best_ask": "0.597"}], "timestamp": "1769384456001", "event_type": "price_change"}}
{"_local_timestamp": "2026-01-25T23:40:56.121812+00:00", "data": {"market": "0x8e36123521213ef0d093130e9a85d2830a120475fa9e89af78963f399cf25590", "price_changes": [{"asset_id": "52259781691391418670647763113088757866145408398131341514102925092050558273075", "price": "0.002", "size": "0", "side": "BUY", "hash": "d027d9fe05587d0a7320bb3ec2033a67b411be86", "best_bid": "0.403", "best_ask": "0.53"}, {"asset_id": "112441055355112828965470195144492227897691283432040867950229493183210703013810", "price": "0.998", "size": "0", "side": "SELL", "hash": "d40572f27b5bfcffd70d6bb82b3e7a4e4f8512bd", "best_bid": "0.47", "best_ask": "0.597"}], "timestamp": "1769384456003", "event_type": "price_change"}}
{"_local_timestamp": "2026-01-25T23:40:56.122280+00:00", "data": {"market": "0x8e36123521213ef0d093130e9a85d2830a120475fa9e89af78963f399cf25590", "price_changes": [{"asset_id": "52259781691391418670647763113088757866145408398131341514102925092050558273075", "price": "0.001", "size": "370.07", "side": "BUY", "hash": "583d709ead8420deacd0a59079335b27ab92468b", "best_bid": "0.403", "best_ask": "0.53"}, {"asset_id": "112441055355112828965470195144492227897691283432040867950229493183210703013810", "price": "0.999", "size": "370.07", "side": "SELL", "hash": "a608bb6d2e324cefdb74634509feabeb65004f1d", "best_bid": "0.47", "best_ask": "0.597"}], "timestamp": "1769384456004", "event_type": "price_change"}}
{"_local_timestamp": "2026-01-25T23:40:56.123952+00:00", "data": {"market": "0x8e36123521213ef0d093130e9a85d2830a120475fa9e89af78963f399cf25590", "price_changes": [{"asset_id": "112441055355112828965470195144492227897691283432040867950229493183210703013810", "price": "0.001", "size": "369.35", "side": "BUY", "hash": "4dfd81988b3d228e352bec68159165aeab9c269b", "best_bid": "0.47", "best_ask": "0.597"}, {"asset_id": "52259781691391418670647763113088757866145408398131341514102925092050558273075", "price": "0.999", "size": "369.35", "side": "SELL", "hash": "f2107f64e94cdba10d163bbddac11daf1efe41a7", "best_bid": "0.403", "best_ask": "0.53"}], "timestamp": "1769384456006", "event_type": "price_change"}}
{"_local_timestamp": "2026-01-25T23:40:56.130496+00:00", "data": {"market": "0x8e36123521213ef0d093130e9a85d2830a120475fa9e89af78963f399cf25590", "price_changes": [{"asset_id": "112441055355112828965470195144492227897691283432040867950229493183210703013810", "price": "0.011", "size": "0", "side": "BUY", "hash": "7b26fb6b387fcdab3f0771939bddc959c38536bb", "best_bid": "0.47", "best_ask": "0.597"}, {"asset_id": "52259781691391418670647763113088757866145408398131341514102925092050558273075", "price": "0.989", "size": "0", "side": "SELL", "hash": "480e38fb6c4efaad35614a12fbdf6fa48d80966a", "best_bid": "0.403", "best_ask": "0.53"}], "timestamp": "1769384456007", "event_type": "price_change"}}
{"_local_timestamp": "2026-01-25T23:42:05.816529+00:00", "data": {"market": "0x1d9a31935b8a94ec5c7e907232d2e0f9406772f1f75a865816738abe20a9bf14", "price_changes": [{"asset_id": "90378019891381253935701297232097133751393764446616829937103648383417741637557", "price": "0.006", "size": "72.45", "side": "BUY", "hash": "b20b0001090cbf938803a4a9f480030f7bc93bfe", "best_bid": "0.077", "best_ask": "0.49"}, {"asset_id": "19740368668619683848673528758180987830575005725697390392290048589879378884221", "price": "0.994", "size": "72.45", "side": "SELL", "hash": "08ea1b0900f6aadbb8f69223534c5a9021750928", "best_bid": "0.51", "best_ask": "0.923"}], "timestamp": "1769384525749", "event_type": "price_change"}}
{"_local_timestamp": "2026-01-25T23:42:05.833262+00:00", "data": {"market": "0x1d9a31935b8a94ec5c7e907232d2e0f9406772f1f75a865816738abe20a9bf14", "price_changes": [{"asset_id": "19740368668619683848673528758180987830575005725697390392290048589879378884221", "price": "0.002", "size": "35.68", "side": "BUY", "hash": "9f54a310e1bc09d4d87d7f6cd50c4e8011ee9132", "best_bid": "0.51", "best_ask": "0.923"}, {"asset_id": "90378019891381253935701297232097133751393764446616829937103648383417741637557", "price": "0.998", "size": "35.68", "side": "SELL", "hash": "c742da14da08dcaca72e484532379c69d1f7c64a", "best_bid": "0.077", "best_ask": "0.49"}], "timestamp": "1769384525760", "event_type": "price_change"}}
{"_local_timestamp": "2026-01-25T23:42:05.848653+00:00", "data": {"market": "0x1d9a31935b8a94ec5c7e907232d2e0f9406772f1f75a865816738abe20a9bf14", "price_changes": [{"asset_id": "90378019891381253935701297232097133751393764446616829937103648383417741637557", "price": "0.001", "size": "377.14", "side": "BUY", "hash": "b3391adafbf812e76d6cfddd004eaa0704a0222b", "best_bid": "0.077", "best_ask": "0.49"}, {"asset_id": "19740368668619683848673528758180987830575005725697390392290048589879378884221", "price": "0.999", "size": "377.14", "side": "SELL", "hash": "8911920e6601a84cae8af063fb38652677066cf7", "best_bid": "0.51", "best_ask": "0.923"}], "timestamp": "1769384525777", "event_type": "price_change"}}
{"_local_timestamp": "2026-01-25T23:42:05.855519+00:00", "data": {"market": "0x1d9a31935b8a94ec5c7e907232d2e0f9406772f1f75a865816738abe20a9bf14", "price_changes": [{"asset_id": "90378019891381253935701297232097133751393764446616829937103648383417741637557", "price": "0.002", "size": "20.83", "side": "BUY", "hash": "cffa26095f87d3755670477ce148ef69f4a5cc3e", "best_bid": "0.077", "best_ask": "0.49"}, {"asset_id": "19740368668619683848673528758180987830575005725697390392290048589879378884221", "price": "0.998", "size": "20.83", "side": "SELL", "hash": "bc28822f71b31cc41aff33ce61a9a20cb9d0490e", "best_bid": "0.51", "best_ask": "0.923"}], "timestamp": "1769384525788", "event_type": "price_change"}}
{"_local_timestamp": "2026-01-25T23:42:05.975281+00:00", "data": {"market": "0xf7cfc969d32088ef4cf88095ee5b73b66e9acf35370f42565bf2b6cde5c0ffea", "price_changes": [{"asset_id": "63663607698611343388207744938600220154867453281359628417526856226738689175044", "price": "0.02", "size": "10.91", "side": "BUY", "hash": "2e446d7e547c93d1ac13a721071bf18001d0db21", "best_bid": "0.21", "best_ask": "0.38"}, {"asset_id": "73573287068391812686471094771441383466850243630081110194417981856407280167510", "price": "0.98", "size": "10.91", "side": "SELL", "hash": "0c79cd11d927c08467012ab9b3c3df2f15db36cb", "best_bid": "0.62", "best_ask": "0.79"}], "timestamp": "1769384525911", "event_type": "price_change"}}
{"_local_timestamp": "2026-01-25T23:42:05.979576+00:00", "data": {"market": "0xf7cfc969d32088ef4cf88095ee5b73b66e9acf35370f42565bf2b6cde5c0ffea", "price_changes": [{"asset_id": "73573287068391812686471094771441383466850243630081110194417981856407280167510", "price": "0.05", "size": "0", "side": "BUY", "hash": "504fdcbd029f25373e5844e32db9c44c0939ec2c", "best_bid": "0.62", "best_ask": "0.79"}, {"asset_id": "63663607698611343388207744938600220154867453281359628417526856226738689175044", "price": "0.95", "size": "0", "side": "SELL", "hash": "11bfbba36ccf7f54554067cf5602ce216514201a", "best_bid": "0.21", "best_ask": "0.38"}], "timestamp": "1769384525911", "event_type": "price_change"}}
{"_local_timestamp": "2026-01-25T23:42:08.660292+00:00", "data": {"market": "0xf7cfc969d32088ef4cf88095ee5b73b66e9acf35370f42565bf2b6cde5c0ffea", "price_changes": [{"asset_id": "63663607698611343388207744938600220154867453281359628417526856226738689175044", "price": "0.01", "size": "62.84", "side": "BUY", "hash": "9aa76b75989c26070017fa98695d266094a74e67", "best_bid": "0.21", "best_ask": "0.38"}, {"asset_id": "73573287068391812686471094771441383466850243630081110194417981856407280167510", "price": "0.99", "size": "62.84", "side": "SELL", "hash": "be3fb6710c7bb2b6165b55b9d79f3cc8202f1b52", "best_bid": "0.62", "best_ask": "0.79"}], "timestamp": "1769384528584", "event_type": "price_change"}}
{"_local_timestamp": "2026-01-25T23:42:08.660750+00:00", "data": {"market": "0xf7cfc969d32088ef4cf88095ee5b73b66e9acf35370f42565bf2b6cde5c0ffea", "price_changes": [{"asset_id": "73573287068391812686471094771441383466850243630081110194417981856407280167510", "price": "0.02", "size": "96.05", "side": "BUY", "hash": "d42c819ea1c27943ded2ab257c183470588a71c6", "best_bid": "0.62", "best_ask": "0.79"}, {"asset_id": "63663607698611343388207744938600220154867453281359628417526856226738689175044", "price": "0.98", "size": "96.05", "side": "SELL", "hash": "3739560a76e96572150c23bd75c0e7b6c12b3422", "best_bid": "0.21", "best_ask": "0.38"}], "timestamp": "1769384528587", "event_type": "price_change"}}
{"_local_timestamp": "2026-01-25T23:42:08.669778+00:00", "data": {"market": "0xf7cfc969d32088ef4cf88095ee5b73b66e9acf35370f42565bf2b6cde5c0ffea", "price_changes": [{"asset_id": "73573287068391812686471094771441383466850243630081110194417981856407280167510", "price": "0.01", "size": "225.88", "side": "BUY", "hash": "cdc74860b05023abfc13a7b2c9aeae62d733406f", "best_bid": "0.62", "best_ask": "0.79"}, {"asset_id": "63663607698611343388207744938600220154867453281359628417526856226738689175044", "price": "0.99", "size": "225.88", "side": "SELL", "hash": "58f84488c1cfda7ceb45b2176d6883bf72437781", "best_bid": "0.21", "best_ask": "0.38"}], "timestamp": "1769384528589", "event_type": "price_change"}}
