{"_local_timestamp": "2026-01-25T23:40:39.266055+00:00", "data": [{"market": "0xd6feda3bd3eac3615e84cefa485c03095e8ae619c6975d19ae3dfc98134bf50f", "asset_id": "10998807192791068324720545518700776251976174229236975173657382903559951252603", "timestamp": "1769384402168", "hash": "079259ab83ee862c9c6e288a0c976e987d14f78c", "bids": [{"price": "0.01", "size": "108"}, {"price": "0.05", "size": "20"}, {"price": "0.06", "size": "16.66"}, {"price": "0.6", "size": "5000"}, {"price": "0.7", "size": "5"}, {"price": "0.75", "size": "1719.04"}], "asks": [{"price": "0.99", "size": "34.21"}, {"price": "0.98", "size": "1309.84"}, {"price": "0.97", "size": "5.47"}], "event_type": "book", "last_trade_price": "0.750"}, {"market": "0xd17c55b54f40a7413b5d10aba85d792c1623a04cfe2005de75b1481faa2982c4", "asset_id": "113641490060277380111585206336329109210288860745639514872348014181708783632086", "timestamp": "1769384239562", "hash": "6c1d249508ea8d0ea501396cf46bd628150774c3", "bids": [{"price": "0.01", "size": "208"}, {"price": "0.33", "size": "17427.71"}, {"price": "0.34", "size": "1295.76"}], "asks": [{"price": "0.99", "size": "13"}, {"price": "0.48", "size": "1897.69"}], "event_type": "book", "last_trade_price": "0.520"}, {"market": "0xd17c55b54f40a7413b5d10aba85d792c1623a04cfe2005de75b1481faa2982c4", "asset_id": "10685702158946805423079927870995921018790898885236236036217735570882320493904", "timestamp": "1769384239562", "hash": "97273edbf3b27dfb59fd347c987714011a1156ed", "bids": [{"price": "0.01", "size": "13"}, {"price": "0.52", "size": "1897.69"}], "asks": [{"price": "0.99", "size": "208"}, {"price": "0.67", "size": "17427.71"}, {"price": "0.66", "size": "1295.76"}], "event_type": "book", "last_trade_price": "0.520"}, {"market": "0xb4ce61d7d8582721c40b45e8c93175819a46234928f155bbfec60ef3401d751b", "asset_id": "24561068340324421609352279195521769649222445827986315965925364639066268803194", "timestamp": "1769384248011", "hash": "8773cc3478e3951d43f1f1f738dfffc3fd0b5ba3", "bids": [{"price": "0.01", "size": "101.71"}, {"price": "0.16", "size": "6.64"}, {"price": "0.6", "size": "4000"}], "asks": [{"price": "0.99", "size": "8"}, {"price": "0.98", "size": "5.47"}, {"price": "0.88", "size": "2198.85"}], "event_type": "book", "last_trade_price": ""}, {"market": "0xd6feda3bd3eac3615e84cefa485c03095e8ae619c6975d19ae3dfc98134bf50f", "asset_id": "24423621514440828058045338957564179922752340314212926178599115566433822597568", "timestamp": "1769384402168", "hash": "6a96a672716ec8b4551461d30b2d81c1c0faa680", "bids": [{"price": "0.01", "size": "34.21"}, {"price": "0.02", "size": "1309.84"}, {"price": "0.03", "size": "5.47"}], "asks": [{"price": "0.99", "size": "108"}, {"price": "0.95", "size": "20"}, {"price": "0.94", "size": "16.66"}, {"price": "0.4", "size": "5000"}, {"price": "0.3", "size": "5"}, {"price": "0.25", "size": "1719.04"}], "event_type": "book", "last_trade_price": "0.750"}, {"market": "0xb4ce61d7d8582721c40b45e8c93175819a46234928f155bbfec60ef3401d751b", "asset_id": "82644218495137605578137139040103834638683369616008265630042259225381983756216", "timestamp": "1769384248011", "hash": "52b1fc2a87ec3fa37ded885d90364c2ef8c86304", "bids": [{"price": "0.01", "size": "8"}, {"price": "0.02", "size": "5.47"}, {"price": "0.12", "size": "2198.85"}], "asks": [{"price": "0.99", "size": "101.71"}, {"price": "0.84", "size": "6.64"}, {"price": "0.4", "size": "4000"}], "event_type": "book", "last_trade_price": ""}]}
{"_local_timestamp": "2026-01-25T23:42:05.980366+00:00", "data": {"market": "0xd6feda3bd3eac3615e84cefa485c03095e8ae619c6975d19ae3dfc98134bf50f", "price_changes": [{"asset_id": "10998807192791068324720545518700776251976174229236975173657382903559951252603", "price": "0.7", "size": "0", "side": "BUY", "hash": "300370f021c943d55d5d458fc6224226629d9de7", "best_bid": "0.75", "best_ask": "0.97"}, {"asset_id": "24423621514440828058045338957564179922752340314212926178599115566433822597568", "price": "0.3", "size": "0", "side": "SELL", "hash": "710516d4c13a378bfd99cb5f217ea4fd13b4f21a", "best_bid": "0.03", "best_ask": "0.25"}], "timestamp": "1769384525911", "event_type": "price_change"}}
{"_local_timestamp": "2026-01-25T23:42:05.981420+00:00", "data": {"market": "0xd6feda3bd3eac3615e84cefa485c03095e8ae619c6975d19ae3dfc98134bf50f", "price_changes": [{"asset_id": "24423621514440828058045338957564179922752340314212926178599115566433822597568", "price": "0.01", "size": "12.97", "side": "BUY", "hash": "6f0c478e36fc5535ca0816a7d03d5e53ec00a774", "best_bid": "0.03", "best_ask": "0.25"}, {"asset_id": "10998807192791068324720545518700776251976174229236975173657382903559951252603", "price": "0.99", "size": "12.97", "side": "SELL", "hash": "45e9b97644457289c774c005b1a67d7ec9328e98", "best_bid": "0.75", "best_ask": "0.97"}], "timestamp": "1769384525911", "event_type": "price_change"}}
{"_local_timestamp": "2026-01-25T23:42:05.981683+00:00", "data": {"market": "0xd6feda3bd3eac3615e84cefa485c03095e8ae619c6975d19ae3dfc98134bf50f", "price_changes": [{"asset_id": "24423621514440828058045338957564179922752340314212926178599115566433822597568", "price": "0.02", "size": "1300", "side": "BUY", "hash": "6f0c478e36fc5535ca0816a7d03d5e53ec00a774", "best_bid": "0.03", "best_ask": "0.25"}, {"asset_id": "10998807192791068324720545518700776251976174229236975173657382903559951252603", "price": "0.98", "size": "1300", "side": "SELL", "hash": "45e9b97644457289c774c005b1a67d7ec9328e98", "best_bid": "0.75", "best_ask": "0.97"}], "timestamp": "1769384525911", "event_type": "price_change"}}
{"_local_timestamp": "2026-01-25T23:42:08.660022+00:00", "data": {"market": "0xd6feda3bd3eac3615e84cefa485c03095e8ae619c6975d19ae3dfc98134bf50f", "price_changes": [{"asset_id": "24423621514440828058045338957564179922752340314212926178599115566433822597568", "price": "0.02", "size": "1309.84", "side": "BUY", "hash": "d4a785cc92836af872a3bc64fb15853d4ad16f9c", "best_bid": "0.03", "best_ask": "0.25"}, {"asset_id": "10998807192791068324720545518700776251976174229236975173657382903559951252603", "price": "0.98", "size": "1309.84", "side": "SELL", "hash": "0d61f6716766b118fc7bb72da1d11b36b3162a80", "best_bid": "0.75", "best_ask": "0.97"}], "timestamp": "1769384528584", "event_type": "price_change"}}
{"_local_timestamp": "2026-01-25T23:42:08.660414+00:00", "data": {"market": "0xd6feda3bd3eac3615e84cefa485c03095e8ae619c6975d19ae3dfc98134bf50f", "price_changes": [{"asset_id": "24423621514440828058045338957564179922752340314212926178599115566433822597568", "price": "0.01", "size": "34.21", "side": "BUY", "hash": "d0a6424fcfb976e258adca8f3afa3f4d830d02da", "best_bid": "0.03", "best_ask": "0.25"}, {"asset_id": "10998807192791068324720545518700776251976174229236975173657382903559951252603", "price": "0.99", "size": "34.21", "side": "SELL", "hash": "a6198300f3247961b999623886856457740587c9", "best_bid": "0.75", "best_ask": "0.97"}], "timestamp": "1769384528586", "event_type": "price_change"}}
{"_local_timestamp": "2026-01-25T23:42:08.660723+00:00", "data": {"market": "0xd6feda3bd3eac3615e84cefa485c03095e8ae619c6975d19ae3dfc98134bf50f", "price_changes": [{"asset_id": "10998807192791068324720545518700776251976174229236975173657382903559951252603", "price": "0.7", "size": "5", "side": "BUY", "hash": "6c096cb7e7ce04f9f7c8857904c20882119cb6a0", "best_bid": "0.75", "best_ask": "0.97"}, {"asset_id": "24423621514440828058045338957564179922752340314212926178599115566433822597568", "price": "0.3", "size": "5", "side": "SELL", "hash": "5633d9db800a033dc805012de4da883d1dbf91b7", "best_bid": "0.03", "best_ask": "0.25"}], "timestamp": "1769384528588", "event_type": "price_change"}}
