{"_local_timestamp": "2026-01-25T23:33:28.754340+00:00", "data": [{"market": "0x4253bde4ce24e57d398c3cfc12852d84db651a8d60f82dc36e1ea94d78dfcab8", "asset_id": "80665848149847852604051677590703548634310713052404232643836387062447286080941", "timestamp": "1769383147000", "hash": "2bb5a78f4802ee8735ff989fda7a13c4a7d34fc5", "bids": [{"price": "0.01", "size": "59.96"}, {"price": "0.15", "size": "7.14"}, {"price": "0.51", "size": "2222"}, {"price": "0.52", "size": "1000"}], "asks": [{"price": "0.99", "size": "8"}, {"price": "0.98", "size": "5.47"}, {"price": "0.85", "size": "2222"}, {"price": "0.84", "size": "5"}, {"price": "0.83", "size": "10"}], "event_type": "book", "last_trade_price": ""}, {"market": "0x45ca580374135c250c8c6308ecc493de628052a0b1145565fc7534ccd68601dc", "asset_id": "89972641785293053608765531865906054128887334011231262789799089621563275408775", "timestamp": "1769383147002", "hash": "a7ddef8fc16881696b2299ffbc0811d74a0368fd", "bids": [{"price": "0.01", "size": "500008"}, {"price": "0.1", "size": "50000"}, {"price": "0.44", "size": "315"}, {"price": "0.45", "size": "8.57"}], "asks": [{"price": "0.99", "size": "8"}, {"price": "0.72", "size": "1000"}, {"price": "0.71", "size": "1000"}, {"price": "0.7", "size": "1000"}, {"price": "0.69", "size": "1000"}, {"price": "0.68", "size": "1000"}, {"price": "0.67", "size": "1000"}, {"price": "0.66", "size": "1000"}, {"price": "0.65", "size": "1291"}, {"price": "0.59", "size": "10"}], "event_type": "book", "last_trade_price": ""}, {"market": "0x4253bde4ce24e57d398c3cfc12852d84db651a8d60f82dc36e1ea94d78dfcab8", "asset_id": "19329887115025258704471830682180087658741208111262916394053119365690167445446", "timestamp": "1769383147000", "hash": "e121937423f2d6165e363d66357c0e25a7f4d398", "bids": [{"price": "0.01", "size": "8"}, {"price": "0.02", "size": "5.47"}, {"price": "0.15", "size": "2222"}, {"price": "0.16", "size": "5"}, {"price": "0.17", "size": "10"}], "asks": [{"price": "0.99", "size": "59.96"}, {"price": "0.85", "size": "7.14"}, {"price": "0.49", "size": "2222"}, {"price": "0.48", "size": "1000"}], "event_type": "book", "last_trade_price": ""}, {"market": "0x45ca580374135c250c8c6308ecc493de628052a0b1145565fc7534ccd68601dc", "asset_id": "18778372215430457105550589151740217269726041850622026619819602810356247248866", "timestamp": "1769383147002", "hash": "ad022b3823ce8fd5c06c55bcf30a381682d81351", "bids": [{"price": "0.01", "size": "8"}, {"price": "0.28", "size": "1000"}, {"price": "0.29", "size": "1000"}, {"price": "0.3", "size": "1000"}, {"price": "0.31", "size": "1000"}, {"price": "0.32", "size": "1000"}, {"price": "0.33", "size": "1000"}, {"price": "0.34", "size": "1000"}, {"price": "0.35", "size": "1291"}, {"price": "0.41", "size": "10"}], "asks": [{"price": "0.99", "size": "500008"}, {"price": "0.9", "size": "50000"}, {"price": "0.56", "size": "315"}, {"price": "0.55", "size": "8.57"}], "event_type": "book", "last_trade_price": ""}, {"market": "0xe8bd21dde66109146dcd35482b95c4fd4cc0ae3e4373ad31cb8c6f95b5c46cdb", "asset_id": "21372614947283171185577755519143608839113025274858941195890820205360986955636", "timestamp": "1769383147001", "hash": "07966b4d6d36c1f808fd2f238f0c4b33d25b8056", "bids": [{"price": "0.01", "size": "8"}, {"price": "0.22", "size": "1480.74"}, {"price": "0.23", "size": "50"}, {"price": "0.26", "size": "2.29"}, {"price": "0.27", "size": "10"}], "asks": [{"price": "0.99", "size": "43.97"}, {"price": "0.93", "size": "7.25"}, {"price": "0.85", "size": "5.99"}, {"price": "0.65", "size": "2995.02"}], "event_type": "book", "last_trade_price": "0.260"}, {"market": "0xe8bd21dde66109146dcd35482b95c4fd4cc0ae3e4373ad31cb8c6f95b5c46cdb", "asset_id": "73936990715699103034675125468368502279084628868178611633333947514978246599442", "timestamp": "1769383147001", "hash": "312cd33c4427fefba79d840a6fb53c77f22b863d", "bids": [{"price": "0.01", "size": "43.97"}, {"price": "0.07", "size": "7.25"}, {"price": "0.15", "size": "5.99"}, {"price": "0.35", "size": "2995.02"}], "asks": [{"price": "0.99", "size": "8"}, {"price": "0.78", "size": "1480.74"}, {"price": "0.77", "size": "50"}, {"price": "0.74", "size": "2.29"}, {"price": "0.73", "size": "10"}], "event_type": "book", "last_trade_price": "0.260"}]}
