{"_local_timestamp": "2026-01-25T23:34:27.122623+00:00", "data": [{"market": "0x439d59bced079cc08cff44e124e0eab6f84ad613fc8f325a559f0df8437e2d5c", "asset_id": "27377644603765264218730882326986047473035503269437344482139642015356216090130", "timestamp": "1769382944350", "hash": "f4a1ed398e8db04980dd6a16211f588792134548", "bids": [{"price": "0.01", "size": "618.81"}, {"price": "0.02", "size": "25.56"}, {"price": "0.03", "size": "94"}, {"price": "0.04", "size": "62"}, {"price": "0.05", "size": "46.01"}], "asks": [{"price": "0.99", "size": "614.79"}, {"price": "0.98", "size": "26.16"}, {"price": "0.96", "size": "50"}, {"price": "0.95", "size": "113"}, {"price": "0.94", "size": "43.95"}], "event_type": "book", "last_trade_price": ""}, {"market": "0xcf90c92d05c0e91f96caa0569b0be0c47745d7b48535c9aaeb13fafa24c3d42d", "asset_id": "82061383172959939088580609747500140624399671739220623471634309216904400761337", "timestamp": "1769382484886", "hash": "f7bb20196a684cba55ba2b09002915cddaa6cdd3", "bids": [{"price": "0.01", "size": "476.9"}, {"price": "0.02", "size": "254.79"}, {"price": "0.03", "size": "15.83"}], "asks": [{"price": "0.99", "size": "476.9"}, {"price": "0.98", "size": "250.79"}, {"price": "0.97", "size": "21.3"}], "event_type": "book", "last_trade_price": ""}, {"market": "0x3d9074ffa62852137daf1267845287d19de5bcf0c549c847a6a149efc0db9462", "asset_id": "50399586312433559907195898893788202488875404074978038290160985074292696403770", "timestamp": "1769382483709", "hash": "ffede5b1073b674c3849f884b064930701510451", "bids": [{"price": "0.01", "size": "476.9"}, {"price": "0.02", "size": "250.79"}, {"price": "0.03", "size": "21.3"}], "asks": [{"price": "0.99", "size": "476.9"}, {"price": "0.98", "size": "254.79"}, {"price": "0.97", "size": "15.83"}], "event_type": "book", "last_trade_price": ""}, {"market": "0xc814a89251b6b4ae71362929a9e63477731dac274de11256f7f1d137fa6d33a1", "asset_id": "91032382017038601799034492903356128383294571134915342021281679897191924537969", "timestamp": "1769382484886", "hash": "d45179228be03df0cea2300838b8923ebcfd6af5", "bids": [{"price": "0.01", "size": "476.9"}, {"price": "0.02", "size": "254.79"}, {"price": "0.03", "size": "15.83"}], "asks": [{"price": "0.99", "size": "476.9"}, {"price": "0.98", "size": "137.79"}, {"price": "0.97", "size": "21.3"}], "event_type": "book", "last_trade_price": ""}, {"market": "0x1be69a0f741bd6d7ce2c7c86edbba2ab561897a60242d4c14b25bc1cbf1dd833", "asset_id": "14218928925896963832012820735686984922756260485117898828500630727613954893140", "timestamp": "1769382484890", "hash": "e0db645572004477d2d7ef995e86423ab7373ec3", "bids": [{"price": "0.01", "size": "476.9"}, {"price": "0.02", "size": "254.79"}, {"price": "0.03", "size": "15.83"}], "asks": [{"price": "0.99", "size": "476.9"}, {"price": "0.98", "size": "250.79"}, {"price": "0.97", "size": "21.3"}], "event_type": "book", "last_trade_price": ""}, {"market": "0x3d9074ffa62852137daf1267845287d19de5bcf0c549c847a6a149efc0db9462", "asset_id": "16351045548703620953199442439167305152924211213915502228275000277925411249457", "timestamp": "1769382483709", "hash": "d34e46f297654e2ae7fbe0c246fcfc559aaa3670", "bids": [{"price": "0.01", "size": "476.9"}, {"price": "0.02", "size": "254.79"}, {"price": "0.03", "size": "15.83"}], "asks": [{"price": "0.99", "size": "476.9"}, {"price": "0.98", "size": "250.79"}, {"price": "0.97", "size": "21.3"}], "event_type": "book", "last_trade_price": ""}, {"market": "0xcf90c92d05c0e91f96caa0569b0be0c47745d7b48535c9aaeb13fafa24c3d42d", "asset_id": "29236937156322050317078698027690137907872050303071233432062507447917291443630", "timestamp": "1769382484886", "hash": "321661740be1062e7b910568ba735ac465345b3e", "bids": [{"price": "0.01", "size": "476.9"}, {"price": "0.02", "size": "250.79"}, {"price": "0.03", "size": "21.3"}], "asks": [{"price": "0.99", "size": "476.9"}, {"price": "0.98", "size": "254.79"}, {"price": "0.97", "size": "15.83"}], "event_type": "book", "last_trade_price": ""}, {"market": "0x439d59bced079cc08cff44e124e0eab6f84ad613fc8f325a559f0df8437e2d5c", "asset_id": "94336967177839508107429875231299716255347107948485598971211862832743264939977", "timestamp": "1769382944350", "hash": "eb96905dc90ef80620f0556cb98edc4886a5b7d7", "bids": [{"price": "0.01", "size": "614.79"}, {"price": "0.02", "size": "26.16"}, {"price": "0.04", "size": "50"}, {"price": "0.05", "size": "113"}, {"price": "0.06", "size": "43.95"}], "asks": [{"price": "0.99", "size": "618.81"}, {"price": "0.98", "size": "25.56"}, {"price": "0.97", "size": "94"}, {"price": "0.96", "size": "62"}, {"price": "0.95", "size": "46.01"}], "event_type": "book", "last_trade_price": ""}, {"market": "0x1be69a0f741bd6d7ce2c7c86edbba2ab561897a60242d4c14b25bc1cbf1dd833", "asset_id": "74550475364856157450062183154776730120903567047390117398284254702553395781800", "timestamp": "1769382484890", "hash": "24922d81ed60fc645ed8d1b251aa233862b5a0b7", "bids": [{"price": "0.01", "size": "476.9"}, {"price": "0.02", "size": "250.79"}, {"price": "0.03", "size": "21.3"}], "asks": [{"price": "0.99", "size": "476.9"}, {"price": "0.98", "size": "254.79"}, {"price": "0.97", "size": "15.83"}], "event_type": "book", "last_trade_price": ""}, {"market": "0xc814a89251b6b4ae71362929a9e63477731dac274de11256f7f1d137fa6d33a1", "asset_id": "100199237992831380917043070567824174106656417220124730999983299805193466284037", "timestamp": "1769382484886", "hash": "ce3aba1226f2ba5e058d12ac8a65df263a330743", "bids": [{"price": "0.01", "size": "476.9"}, {"price": "0.02", "size": "137.79"}, {"price": "0.03", "size": "21.3"}], "asks": [{"price": "0.99", "size": "476.9"}, {"price": "0.98", "size": "254.79"}, {"price": "0.97", "size": "15.83"}], "event_type": "book", "last_trade_price": ""}]}
