{"_local_timestamp": "2026-01-25T23:34:27.119032+00:00", "data": [{"market": "0xea6b50c3a7cf0f81e0027316cf99c4a28c71e5db36f74ec8a4fb807423766227", "asset_id": "105025701552769327136869771529358215943718138945230800611485440328408208911378", "timestamp": "1769382484897", "hash": "e959ab06a7b361dc2aaf944525a4a31ddde2f889", "bids": [{"price": "0.01", "size": "476.9"}, {"price": "0.02", "size": "137.79"}, {"price": "0.03", "size": "21.3"}], "asks": [{"price": "0.99", "size": "476.9"}, {"price": "0.98", "size": "254.79"}, {"price": "0.97", "size": "15.83"}], "event_type": "book", "last_trade_price": ""}, {"market": "0x65c09c50c68f6561e789a51213939691eaea8f499970e7459178dd48e520aa68", "asset_id": "28309614109926673629189053471757893409835891322882872581941448154105043862353", "timestamp": "1769382947472", "hash": "f1748d42e6e4baae4b7cf471536d37a320beac94", "bids": [{"price": "0.01", "size": "618.81"}, {"price": "0.02", "size": "25.56"}, {"price": "0.03", "size": "132"}, {"price": "0.04", "size": "62"}, {"price": "0.05", "size": "46.01"}], "asks": [{"price": "0.99", "size": "614.79"}, {"price": "0.98", "size": "26.16"}, {"price": "0.96", "size": "83"}, {"price": "0.95", "size": "60"}, {"price": "0.94", "size": "43.95"}], "event_type": "book", "last_trade_price": ""}, {"market": "0xea6b50c3a7cf0f81e0027316cf99c4a28c71e5db36f74ec8a4fb807423766227", "asset_id": "73335456151698669383126361302573823152638269282516013552763349546581338082101", "timestamp": "1769382484897", "hash": "d75e262ebcae21d6390ac8c9d09d64f9ab11b17a", "bids": [{"price": "0.01", "size": "476.9"}, {"price": "0.02", "size": "254.79"}, {"price": "0.03", "size": "15.83"}], "asks": [{"price": "0.99", "size": "476.9"}, {"price": "0.98", "size": "137.79"}, {"price": "0.97", "size": "21.3"}], "event_type": "book", "last_trade_price": ""}, {"market": "0x963b15988ba3132ef6717501623190c4de7c48f8f35dea5d23043560ad40585e", "asset_id": "76727358762172126797616730271770128333092431151176857193983051058569161503403", "timestamp": "1769382484884", "hash": "b57c0a3288b6b4057e15096dfde1a32e18202054", "bids": [{"price": "0.01", "size": "476.9"}, {"price": "0.02", "size": "254.79"}, {"price": "0.03", "size": "15.83"}], "asks": [{"price": "0.99", "size": "476.9"}, {"price": "0.98", "size": "137.79"}, {"price": "0.97", "size": "21.3"}], "event_type": "book", "last_trade_price": ""}, {"market": "0x65c09c50c68f6561e789a51213939691eaea8f499970e7459178dd48e520aa68", "asset_id": "83867423676014822389131661167161893797763943842148406892377763467369106525904", "timestamp": "1769382947472", "hash": "1ac40d70beef3a52a0a2c4043141a0b07bfe78e0", "bids": [{"price": "0.01", "size": "614.79"}, {"price": "0.02", "size": "26.16"}, {"price": "0.04", "size": "83"}, {"price": "0.05", "size": "60"}, {"price": "0.06", "size": "43.95"}], "asks": [{"price": "0.99", "size": "618.81"}, {"price": "0.98", "size": "25.56"}, {"price": "0.97", "size": "132"}, {"price": "0.96", "size": "62"}, {"price": "0.95", "size": "46.01"}], "event_type": "book", "last_trade_price": ""}, {"market": "0x06ec22a946614b2f347c2593fa3d768705a6435b674d890c5a5ad250de50f43d", "asset_id": "91211085969104056285064732844252060206927687686825172201681708297996515550639", "timestamp": "1769382483671", "hash": "5d91f25bded270814588a6bef47c64772925fd2e", "bids": [{"price": "0.01", "size": "576.9"}, {"price": "0.02", "size": "137.79"}, {"price": "0.03", "size": "21.3"}], "asks": [{"price": "0.99", "size": "476.9"}, {"price": "0.98", "size": "254.79"}, {"price": "0.97", "size": "15.83"}], "event_type": "book", "last_trade_price": ""}, {"market": "0x06ec22a946614b2f347c2593fa3d768705a6435b674d890c5a5ad250de50f43d", "asset_id": "23586505823806731120387884640664087029561863464026668713389395173953015382000", "timestamp": "1769382483671", "hash": "0e2265149ed6b4429570eacca49153dfa8fc2591", "bids": [{"price": "0.01", "size": "476.9"}, {"price": "0.02", "size": "254.79"}, {"price": "0.03", "size": "15.83"}], "asks": [{"price": "0.99", "size": "576.9"}, {"price": "0.98", "size": "137.79"}, {"price": "0.97", "size": "21.3"}], "event_type": "book", "last_trade_price": ""}, {"market": "0x32fa6a262acbc3d83f92d622dbe9584a8fb386007a900d5227ebe44acd0c869f", "asset_id": "55984703701592234822939620183388056463249227007611192358292050502642764590278", "timestamp": "1769382483687", "hash": "b572ff925ee9a9e12413ae16cd0cad79b2b029df", "bids": [{"price": "0.01", "size": "476.9"}, {"price": "0.02", "size": "254.79"}, {"price": "0.03", "size": "15.83"}], "asks": [{"price": "0.99", "size": "472.04"}, {"price": "0.98", "size": "135.48"}, {"price": "0.97", "size": "19"}, {"price": "0.96", "size": "5.47"}], "event_type": "book", "last_trade_price": ""}, {"market": "0x963b15988ba3132ef6717501623190c4de7c48f8f35dea5d23043560ad40585e", "asset_id": "52238207459758004757856468954337120403093332929778289985873448500637572448759", "timestamp": "1769382484884", "hash": "9ad178951f64a1f5cba68e68c580b5f416d740b6", "bids": [{"price": "0.01", "size": "476.9"}, {"price": "0.02", "size": "137.79"}, {"price": "0.03", "size": "21.3"}], "asks": [{"price": "0.99", "size": "476.9"}, {"price": "0.98", "size": "254.79"}, {"price": "0.97", "size": "15.83"}], "event_type": "book", "last_trade_price": ""}, {"market": "0x32fa6a262acbc3d83f92d622dbe9584a8fb386007a900d5227ebe44acd0c869f", "asset_id": "20394100408197038030726549748247482518856188486015287035341781461778720065590", "timestamp": "1769382483687", "hash": "775ce01d4a8e9b8c8f4176e8bf98246d14d9f1be", "bids": [{"price": "0.01", "size": "472.04"}, {"price": "0.02", "size": "135.48"}, {"price": "0.03", "size": "19"}, {"price": "0.04", "size": "5.47"}], "asks": [{"price": "0.99", "size": "476.9"}, {"price": "0.98", "size": "254.79"}, {"price": "0.97", "size": "15.83"}], "event_type": "book", "last_trade_price": ""}]}
