{"_local_timestamp": "2026-01-25T23:34:27.603482+00:00", "data": [{"market": "0x4d25e07fbd9d8e1e506077ad582e7271694a0294b36f80acffac3310e135f42d", "asset_id": "108067165074724150240353719028330868650611463701149002196647098606702441688218", "timestamp": "1769382484884", "hash": "b07605105e81b3933991185708b486b4cd85bb53", "bids": [{"price": "0.01", "size": "476.9"}, {"price": "0.02", "size": "254.79"}, {"price": "0.03", "size": "15.83"}], "asks": [{"price": "0.99", "size": "476.9"}, {"price": "0.98", "size": "137.79"}, {"price": "0.97", "size": "21.3"}], "event_type": "book", "last_trade_price": ""}, {"market": "0x101d4fc728061b8232fe7dbe382e1212a204acfdc00718fb0b79e9bbbc07e7d1", "asset_id": "59435047276168190758743987216232290965566683499662695358052943254916110870597", "timestamp": "1769382483686", "hash": "2abda1d192e3359db3c1dbed72398c63d8dd9452", "bids": [{"price": "0.01", "size": "476.9"}, {"price": "0.02", "size": "137.79"}, {"price": "0.03", "size": "21.3"}], "asks": [{"price": "0.99", "size": "476.9"}, {"price": "0.98", "size": "254.79"}, {"price": "0.97", "size": "15.83"}], "event_type": "book", "last_trade_price": ""}, {"market": "0x101d4fc728061b8232fe7dbe382e1212a204acfdc00718fb0b79e9bbbc07e7d1", "asset_id": "44544324004045268428375315610549752032428123956867988461727339955494013945627", "timestamp": "1769382483686", "hash": "532a5a8682baa70b02ca4ba4c058179cbffb3cef", "bids": [{"price": "0.01", "size": "476.9"}, {"price": "0.02", "size": "254.79"}, {"price": "0.03", "size": "15.83"}], "asks": [{"price": "0.99", "size": "476.9"}, {"price": "0.98", "size": "137.79"}, {"price": "0.97", "size": "21.3"}], "event_type": "book", "last_trade_price": ""}, {"market": "0x4d25e07fbd9d8e1e506077ad582e7271694a0294b36f80acffac3310e135f42d", "asset_id": "85440480122142058921871363047593309090086396896123892881093113113151752062114", "timestamp": "1769382484884", "hash": "a329b8dc0307d861b4c8b1b7869e0039aa449041", "bids": [{"price": "0.01", "size": "476.9"}, {"price": "0.02", "size": "137.79"}, {"price": "0.03", "size": "21.3"}], "asks": [{"price": "0.99", "size": "476.9"}, {"price": "0.98", "size": "254.79"}, {"price": "0.97", "size": "15.83"}], "event_type": "book", "last_trade_price": ""}, {"market": "0xda9adbd587579e8a860b5de9e173b5cc6ebcd41e6b94fec9d62c967a3fbc87ff", "asset_id": "87857758628012473585871289792719766189179744577274209567801777613688308184644", "timestamp": "1769382483677", "hash": "cea1d77a8164b472647dadf2d197e08df1499937", "bids": [{"price": "0.01", "size": "614.79"}, {"price": "0.02", "size": "26.16"}, {"price": "0.04", "size": "50"}, {"price": "0.05", "size": "110"}, {"price": "0.06", "size": "43.95"}], "asks": [{"price": "0.99", "size": "614.79"}, {"price": "0.98", "size": "13.72"}, {"price": "0.97", "size": "132"}, {"price": "0.96", "size": "31.21"}, {"price": "0.95", "size": "30"}, {"price": "0.94", "size": "38.48"}], "event_type": "book", "last_trade_price": ""}, {"market": "0xaeb62f13d245c10ba7cf759eda8573513fe69dac9ce02c5716452bfd39cbff77", "asset_id": "56070589551050191913243340060938213568982388508768365838509485935989435439159", "timestamp": "1769382484884", "hash": "51166d2107702b4d9d0870409b6ea0671962887c", "bids": [{"price": "0.01", "size": "476.9"}, {"price": "0.02", "size": "254.79"}, {"price": "0.03", "size": "15.83"}], "asks": [{"price": "0.99", "size": "476.9"}, {"price": "0.98", "size": "137.79"}, {"price": "0.97", "size": "21.3"}], "event_type": "book", "last_trade_price": ""}, {"market": "0x51d4b65d72f987f149da4d9c580d58192f271ddd78aa7f76f111f01b36ae3314", "asset_id": "65475298026538736112410848080360653812538020336913248212888330875681433847564", "timestamp": "1769382484879", "hash": "fa3b46cb436e08a929170cd2032c922f64cd2b17", "bids": [{"price": "0.01", "size": "476.9"}, {"price": "0.02", "size": "254.79"}, {"price": "0.03", "size": "15.83"}], "asks": [{"price": "0.99", "size": "476.9"}, {"price": "0.98", "size": "137.79"}, {"price": "0.97", "size": "21.3"}], "event_type": "book", "last_trade_price": ""}, {"market": "0xaeb62f13d245c10ba7cf759eda8573513fe69dac9ce02c5716452bfd39cbff77", "asset_id": "53004184813514417434422878107764763652854689564365969838045885980247648713071", "timestamp": "1769382484884", "hash": "31eb31cbb17c5d601c3042d567292790bd9f9fcc", "bids": [{"price": "0.01", "size": "476.9"}, {"price": "0.02", "size": "137.79"}, {"price": "0.03", "size": "21.3"}], "asks": [{"price": "0.99", "size": "476.9"}, {"price": "0.98", "size": "254.79"}, {"price": "0.97", "size": "15.83"}], "event_type": "book", "last_trade_price": ""}, {"market": "0x51d4b65d72f987f149da4d9c580d58192f271ddd78aa7f76f111f01b36ae3314", "asset_id": "20376718761478063073639130834879591218909551049387860531614868677967921201843", "timestamp": "1769382484879", "hash": "2b3d6fce12e3c72b6a6f2add3e6f10cf1b0aacd4", "bids": [{"price": "0.01", "size": "476.9"}, {"price": "0.02", "size": "137.79"}, {"price": "0.03", "size": "21.3"}], "asks": [{"price": "0.99", "size": "476.9"}, {"price": "0.98", "size": "254.79"}, {"price": "0.97", "size": "15.83"}], "event_type": "book", "last_trade_price": ""}, {"market": "0xda9adbd587579e8a860b5de9e173b5cc6ebcd41e6b94fec9d62c967a3fbc87ff", "asset_id": "83691200563187730301719547722163985991724437201358941572985843740871697891397", "timestamp": "1769382483677", "hash": "aa9be185d28020f7359a8db0351af129c5707719", "bids": [{"price": "0.01", "size": "614.79"}, {"price": "0.02", "size": "13.72"}, {"price": "0.03", "size": "132"}, {"price": "0.04", "size": "31.21"}, {"price": "0.05", "size": "30"}, {"price": "0.06", "size": "38.48"}], "asks": [{"price": "0.99", "size": "614.79"}, {"price": "0.98", "size": "26.16"}, {"price": "0.96", "size": "50"}, {"price": "0.95", "size": "110"}, {"price": "0.94", "size": "43.95"}], "event_type": "book", "last_trade_price": ""}]}
