{"_local_timestamp": "2026-01-25T23:33:24.476738+00:00", "data": [{"market": "0x834e15e91223a68f72eccff7863b47790b6e91d0972d85b8d674d56eb12399ad", "asset_id": "61890084520759036894438758504548111420314122549363709085843348009145689546739", "timestamp": "1769383646503", "hash": "8251d4b6c8ee60b4429839c7f95debde2d2de958", "bids": [{"price": "0.01", "size": "64.72"}, {"price": "0.02", "size": "9.97"}, {"price": "0.33", "size": "11.79"}, {"price": "0.34", "size": "2222"}, {"price": "0.35", "size": "1012.65"}], "asks": [{"price": "0.99", "size": "200"}, {"price": "0.98", "size": "8.99"}, {"price": "0.58", "size": "4000.32"}, {"price": "0.56", "size": "5000"}, {"price": "0.54", "size": "5000"}, {"price": "0.52", "size": "5000"}, {"price": "0.5", "size": "5000"}, {"price": "0.48", "size": "4778.85"}, {"price": "0.47", "size": "2183.61"}, {"price": "0.44", "size": "33.63"}], "event_type": "book", "last_trade_price": "0.440"}, {"market": "0xdbfead102a60c1e6bce4b0ec8d21a9b3bc4bf5974e0cce679ef2734d7b423dd2", "asset_id": "56833371837777959602414571911133435196348959796849146873170868991986655114527", "timestamp": "1769383647327", "hash": "7dcc93b15751ae8e2604a67136707934e16c3aa1", "bids": [{"price": "0.01", "size": "26.8"}, {"price": "0.02", "size": "28.93"}, {"price": "0.13", "size": "2.88"}, {"price": "0.2", "size": "2222"}, {"price": "0.21", "size": "1000"}, {"price": "0.22", "size": "48.33"}], "asks": [{"price": "0.99", "size": "26.59"}, {"price": "0.98", "size": "7.76"}, {"price": "0.97", "size": "66"}, {"price": "0.96", "size": "43.96"}, {"price": "0.52", "size": "465.93"}, {"price": "0.51", "size": "246.68"}, {"price": "0.44", "size": "2161"}], "event_type": "book", "last_trade_price": "0.780"}, {"market": "0xdbfead102a60c1e6bce4b0ec8d21a9b3bc4bf5974e0cce679ef2734d7b423dd2", "asset_id": "16191060184425018163046935738947477530687760770234622827971183878549911240633", "timestamp": "1769383647327", "hash": "adb4ee0a86b2431af4bfd604452cd52c07d94df0", "bids": [{"price": "0.01", "size": "26.59"}, {"price": "0.02", "size": "7.76"}, {"price": "0.03", "size": "66"}, {"price": "0.04", "size": "43.96"}, {"price": "0.48", "size": "465.93"}, {"price": "0.49", "size": "246.68"}, {"price": "0.56", "size": "2161"}], "asks": [{"price": "0.99", "size": "26.8"}, {"price": "0.98", "size": "28.93"}, {"price": "0.87", "size": "2.88"}, {"price": "0.8", "size": "2222"}, {"price": "0.79", "size": "1000"}, {"price": "0.78", "size": "48.33"}], "event_type": "book", "last_trade_price": "0.780"}, {"market": "0x834e15e91223a68f72eccff7863b47790b6e91d0972d85b8d674d56eb12399ad", "asset_id": "65279681685432694291364639678245717862403901160839463622500059121571969042854", "timestamp": "1769383646503", "hash": "aa3293f8df86af6d924e9551f05412ec7d684933", "bids": [{"price": "0.01", "size": "200"}, {"price": "0.02", "size": "8.99"}, {"price": "0.42", "size": "4000.32"}, {"price": "0.44", "size": "5000"}, {"price": "0.46", "size": "5000"}, {"price": "0.48", "size": "5000"}, {"price": "0.5", "size": "5000"}, {"price": "0.52", "size": "4778.85"}, {"price": "0.53", "size": "2183.61"}, {"price": "0.56", "size": "33.63"}], "asks": [{"price": "0.99", "size": "64.72"}, {"price": "0.98", "size": "9.97"}, {"price": "0.67", "size": "11.79"}, {"price": "0.66", "size": "2222"}, {"price": "0.65", "size": "1012.65"}], "event_type": "book", "last_trade_price": "0.440"}, {"market": "0x7cb924a9ca0c310f23ab852246aac1c385e67be347951fd0ab043b91f4a3042f", "asset_id": "95119817070352747513926354377014701637289388544104781754487875860427015237995", "timestamp": "1769383613933", "hash": "0405746e1c683575be50e7a9b07c5287c061780a", "bids": [{"price": "0.01", "size": "226.05"}, {"price": "0.02", "size": "95.97"}, {"price": "0.51", "size": "2214.44"}, {"price": "0.53", "size": "1532"}, {"price": "0.54", "size": "287.44"}, {"price": "0.55", "size": "455.81"}, {"price": "0.56", "size": "300"}, {"price": "0.57", "size": "30"}], "asks": [{"price": "0.99", "size": "27.14"}, {"price": "0.98", "size": "28.76"}, {"price": "0.79", "size": "2222"}, {"price": "0.78", "size": "1000"}], "event_type": "book", "last_trade_price": ""}, {"market": "0x7cb924a9ca0c310f23ab852246aac1c385e67be347951fd0ab043b91f4a3042f", "asset_id": "63595680291798940456656232472962575091578727482520226192809614229978977012152", "timestamp": "1769383613933", "hash": "290c2e7af811a19d20a5a421f192027bd6070458", "bids": [{"price": "0.01", "size": "27.14"}, {"price": "0.02", "size": "28.76"}, {"price": "0.21", "size": "2222"}, {"price": "0.22", "size": "1000"}], "asks": [{"price": "0.99", "size": "226.05"}, {"price": "0.98", "size": "95.97"}, {"price": "0.49", "size": "2214.44"}, {"price": "0.47", "size": "1532"}, {"price": "0.46", "size": "287.44"}, {"price": "0.45", "size": "455.81"}, {"price": "0.44", "size": "300"}, {"price": "0.43", "size": "30"}], "event_type": "book", "last_trade_price": ""}]}
