{"_local_timestamp": "2026-01-25T23:34:27.607413+00:00", "data": [{"market": "0xbee495d6875f95ec18d37ca21b41803aba800e7283b22c8e3da2f7b26e641bf9", "asset_id": "82558946757641490552886850799293320894644068300243656827003246514542078896222", "timestamp": "1769382484882", "hash": "7b6bbbe0c7b848168a6f6c372d1b3030cca54f7b", "bids": [{"price": "0.01", "size": "470.76"}, {"price": "0.02", "size": "137.79"}, {"price": "0.03", "size": "17.88"}, {"price": "0.04", "size": "5.47"}], "asks": [{"price": "0.99", "size": "576.9"}, {"price": "0.98", "size": "254.79"}, {"price": "0.97", "size": "15.83"}], "event_type": "book", "last_trade_price": ""}, {"market": "0x443a1c987428135b920a68605cce36c92ca278d5bc00d231dd098b1131d830df", "asset_id": "97583870797493391884804760237180220775675647450190848609304393958504553515460", "timestamp": "1769382483676", "hash": "40e47fdcc5a234402bdf7ff81b91e87cc2ee8a19", "bids": [{"price": "0.01", "size": "614.79"}, {"price": "0.02", "size": "26.16"}, {"price": "0.04", "size": "50"}, {"price": "0.05", "size": "110"}, {"price": "0.06", "size": "43.95"}], "asks": [{"price": "0.99", "size": "614.79"}, {"price": "0.98", "size": "13.72"}, {"price": "0.97", "size": "132"}, {"price": "0.96", "size": "31.21"}, {"price": "0.95", "size": "30"}, {"price": "0.94", "size": "38.48"}], "event_type": "book", "last_trade_price": ""}, {"market": "0x4b44cab385467c1555b84520c171688fdce2861915cbe00f2af1482e230ace4b", "asset_id": "36442058650000591274379293789072939302381079079485972052192059164165681949083", "timestamp": "1769382483684", "hash": "92002a1bad62aa9e1d2bf89ad220406b0c1398eb", "bids": [{"price": "0.01", "size": "470.76"}, {"price": "0.02", "size": "137.79"}, {"price": "0.03", "size": "17.88"}, {"price": "0.04", "size": "5.47"}], "asks": [{"price": "0.99", "size": "476.9"}, {"price": "0.98", "size": "254.79"}, {"price": "0.97", "size": "15.83"}], "event_type": "book", "last_trade_price": ""}, {"market": "0xa070ccd20d991dc0aeb9b570d6e2fec594e7850376b1de3ceb0994089dc55c13", "asset_id": "88150684957487209637409327959103550499432231027618972289915129923862351658299", "timestamp": "1769382483673", "hash": "50dba8252258b2786b835576d1fbe47bcf4b04b3", "bids": [{"price": "0.01", "size": "470.76"}, {"price": "0.02", "size": "237.79"}, {"price": "0.03", "size": "17.88"}, {"price": "0.04", "size": "5.47"}], "asks": [{"price": "0.99", "size": "476.9"}, {"price": "0.98", "size": "254.79"}, {"price": "0.97", "size": "15.83"}], "event_type": "book", "last_trade_price": ""}, {"market": "0x443a1c987428135b920a68605cce36c92ca278d5bc00d231dd098b1131d830df", "asset_id": "32731280133222649593599003087619418367720218453939086052588953311801054719682", "timestamp": "1769382483676", "hash": "dec13c0e32d482363a9dec3946b60aed09d004c6", "bids": [{"price": "0.01", "size": "614.79"}, {"price": "0.02", "size": "13.72"}, {"price": "0.03", "size": "132"}, {"price": "0.04", "size": "31.21"}, {"price": "0.05", "size": "30"}, {"price": "0.06", "size": "38.48"}], "asks": [{"price": "0.99", "size": "614.79"}, {"price": "0.98", "size": "26.16"}, {"price": "0.96", "size": "50"}, {"price": "0.95", "size": "110"}, {"price": "0.94", "size": "43.95"}], "event_type": "book", "last_trade_price": ""}, {"market": "0xc5f4eac9823ac59db2b87fb67652fb8ca65b2488a660595639275df120a46240", "asset_id": "111908634100428628868126412668139706599983511307154936015224563303027681925628", "timestamp": "1769382483683", "hash": "08e042339c027d92e47c884a3ac5eb2a457fcf21", "bids": [{"price": "0.01", "size": "476.9"}, {"price": "0.02", "size": "254.79"}, {"price": "0.03", "size": "15.83"}], "asks": [{"price": "0.99", "size": "470.76"}, {"price": "0.98", "size": "137.79"}, {"price": "0.97", "size": "17.88"}, {"price": "0.96", "size": "5.47"}], "event_type": "book", "last_trade_price": ""}, {"market": "0xbee495d6875f95ec18d37ca21b41803aba800e7283b22c8e3da2f7b26e641bf9", "asset_id": "69602372540853523246992090229367874746408513842151202361299739580391564663155", "timestamp": "1769382484892", "hash": "da72ce88969aed00384ff6f52b4ba720a981e669", "bids": [{"price": "0.01", "size": "476.9"}, {"price": "0.02", "size": "254.79"}, {"price": "0.03", "size": "15.83"}], "asks": [{"price": "0.99", "size": "470.76"}, {"price": "0.98", "size": "137.79"}, {"price": "0.97", "size": "17.88"}, {"price": "0.96", "size": "5.47"}], "event_type": "book", "last_trade_price": ""}, {"market": "0xc5f4eac9823ac59db2b87fb67652fb8ca65b2488a660595639275df120a46240", "asset_id": "47425386432077024739938478937458320223879044181198316218533878860258761803314", "timestamp": "1769382483683", "hash": "887d6a1cfec301a6dc31da04956c466830457471", "bids": [{"price": "0.01", "size": "470.76"}, {"price": "0.02", "size": "137.79"}, {"price": "0.03", "size": "17.88"}, {"price": "0.04", "size": "5.47"}], "asks": [{"price": "0.99", "size": "476.9"}, {"price": "0.98", "size": "254.79"}, {"price": "0.97", "size": "15.83"}], "event_type": "book", "last_trade_price": ""}, {"market": "0xa070ccd20d991dc0aeb9b570d6e2fec594e7850376b1de3ceb0994089dc55c13", "asset_id": "72845251581898850195201371164367964960054822053038400509404039117723472944204", "timestamp": "1769382483673", "hash": "44734960e86941e81eea34d010f2f989a411a7c5", "bids": [{"price": "0.01", "size": "476.9"}, {"price": "0.02", "size": "254.79"}, {"price": "0.03", "size": "15.83"}], "asks": [{"price": "0.99", "size": "470.76"}, {"price": "0.98", "size": "237.79"}, {"price": "0.97", "size": "17.88"}, {"price": "0.96", "size": "5.47"}], "event_type": "book", "last_trade_price": ""}, {"market": "0x4b44cab385467c1555b84520c171688fdce2861915cbe00f2af1482e230ace4b", "asset_id": "56275484502062458971067884047282089863702865225726682700018943100877086322661", "timestamp": "1769382483684", "hash": "a0dcda97373139c73cf4997f3b5820ec63c290f3", "bids": [{"price": "0.01", "size": "476.9"}, {"price": "0.02", "size": "254.79"}, {"price": "0.03", "size": "15.83"}], "asks": [{"price": "0.99", "size": "470.76"}, {"price": "0.98", "size": "137.79"}, {"price": "0.97", "size": "17.88"}, {"price": "0.96", "size": "5.47"}], "event_type": "book", "last_trade_price": ""}]}
