{"_local_timestamp": "2026-01-25T23:41:32.596429+00:00", "data": [{"market": "0x719067a07d2257b35ec7b056dbf3c5b6838a233fd7d69655b61b57e999b99691", "asset_id": "30897867301029918371306588362383057049879679228413607142923286817360152570341", "timestamp": "1769382483683", "hash": "642c6465bdd5c09eaf846fcca8ebb5d6b1abc2d0", "bids": [{"price": "0.01", "size": "476.9"}, {"price": "0.02", "size": "137.8"}, {"price": "0.03", "size": "21.3"}], "asks": [{"price": "0.99", "size": "476.9"}, {"price": "0.98", "size": "254.79"}, {"price": "0.97", "size": "15.83"}], "event_type": "book", "last_trade_price": ""}, {"market": "0x78f0476737da6734df5be6405874fb927760776ea2bcd77f483c15c58ef04b08", "asset_id": "54656177395467399006238174925120487311035077812181976073013342524473605581038", "timestamp": "1769382484886", "hash": "3d7cc58cb001a264f581fb6e45fbc4e4f4b13be1", "bids": [{"price": "0.01", "size": "614.79"}, {"price": "0.02", "size": "26.16"}, {"price": "0.04", "size": "50"}, {"price": "0.05", "size": "110"}, {"price": "0.06", "size": "43.95"}], "asks": [{"price": "0.99", "size": "614.79"}, {"price": "0.98", "size": "13.72"}, {"price": "0.97", "size": "132"}, {"price": "0.96", "size": "31.21"}, {"price": "0.95", "size": "30"}, {"price": "0.94", "size": "38.48"}], "event_type": "book", "last_trade_price": ""}, {"market": "0xb3d177c8d3bc8e320417858a45f26b31d645353d6c9919d889d429eee2f3b1a3", "asset_id": "55184615236277712904887924561384866739619210595800633393024282575494484967209", "timestamp": "1769382484881", "hash": "cf86f731478f50dd245418c725b12f5bfa16f246", "bids": [{"price": "0.01", "size": "185.01"}, {"price": "0.02", "size": "32.49"}], "asks": [{"price": "0.99", "size": "476.9"}, {"price": "0.98", "size": "137.79"}, {"price": "0.97", "size": "21.3"}], "event_type": "book", "last_trade_price": ""}, {"market": "0x039120fdf74df371668316fc4686653d6bcdf4c370dacad8d64cba6ad309f2fc", "asset_id": "45172023320647913610245454121775801044401035659010804090522286332429504016755", "timestamp": "1769382483697", "hash": "4c52c72d26e1e60b1a74afcfa162d49d04fec5f4", "bids": [{"price": "0.01", "size": "476.9"}, {"price": "0.02", "size": "254.79"}, {"price": "0.03", "size": "15.83"}], "asks": [{"price": "0.99", "size": "476.9"}, {"price": "0.98", "size": "137.79"}, {"price": "0.97", "size": "21.3"}], "event_type": "book", "last_trade_price": ""}, {"market": "0x719067a07d2257b35ec7b056dbf3c5b6838a233fd7d69655b61b57e999b99691", "asset_id": "88217919877050097014536067168422529319618102703954632030233784338341379311129", "timestamp": "1769382483683", "hash": "f29f9f835963d533a6aa759daccf72bdb89289c4", "bids": [{"price": "0.01", "size": "476.9"}, {"price": "0.02", "size": "254.79"}, {"price": "0.03", "size": "15.83"}], "asks": [{"price": "0.99", "size": "476.9"}, {"price": "0.98", "size": "137.8"}, {"price": "0.97", "size": "21.3"}], "event_type": "book", "last_trade_price": ""}, {"market": "0xa8729a25e976a0117d716e3989a6f3b4f7a1e599a239ed93e6726b5005788a95", "asset_id": "86803828594503647574246610480810414840846856406666473096912740636714564296217", "timestamp": "1769382484885", "hash": "5b57d48209a18e85a9b59644aa1246204c511a26", "bids": [{"price": "0.01", "size": "476.9"}, {"price": "0.02", "size": "254.79"}, {"price": "0.03", "size": "15.83"}], "asks": [{"price": "0.99", "size": "476.9"}, {"price": "0.98", "size": "137.79"}, {"price": "0.97", "size": "21.3"}], "event_type": "book", "last_trade_price": ""}, {"market": "0x039120fdf74df371668316fc4686653d6bcdf4c370dacad8d64cba6ad309f2fc", "asset_id": "13187467725775795463806732981219567342240974630229050873883754127953823946103", "timestamp": "1769382483697", "hash": "271f1ce6432c1155044754c2c80e2d838f2d634d", "bids": [{"price": "0.01", "size": "476.9"}, {"price": "0.02", "size": "137.79"}, {"price": "0.03", "size": "21.3"}], "asks": [{"price": "0.99", "size": "476.9"}, {"price": "0.98", "size": "254.79"}, {"price": "0.97", "size": "15.83"}], "event_type": "book", "last_trade_price": ""}, {"market": "0x78f0476737da6734df5be6405874fb927760776ea2bcd77f483c15c58ef04b08", "asset_id": "14023873069216012347570445774886978597886830860375241168766641181027903782282", "timestamp": "1769382484886", "hash": "36e73aaa89ab8efac908297bbda7bbf1fd8b06c6", "bids": [{"price": "0.01", "size": "614.79"}, {"price": "0.02", "size": "13.72"}, {"price": "0.03", "size": "132"}, {"price": "0.04", "size": "31.21"}, {"price": "0.05", "size": "30"}, {"price": "0.06", "size": "38.48"}], "asks": [{"price": "0.99", "size": "614.79"}, {"price": "0.98", "size": "26.16"}, {"price": "0.96", "size": "50"}, {"price": "0.95", "size": "110"}, {"price": "0.94", "size": "43.95"}], "event_type": "book", "last_trade_price": ""}, {"market": "0xa8729a25e976a0117d716e3989a6f3b4f7a1e599a239ed93e6726b5005788a95", "asset_id": "75903190173674968885407311014024326826637473136201285028281719139943945514665", "timestamp": "1769382484885", "hash": "0f80ff2dfe43a312996ec34ad309f07815cba53d", "bids": [{"price": "0.01", "size": "476.9"}, {"price": "0.02", "size": "137.79"}, {"price": "0.03", "size": "21.3"}], "asks": [{"price": "0.99", "size": "476.9"}, {"price": "0.98", "size": "254.79"}, {"price": "0.97", "size": "15.83"}], "event_type": "book", "last_trade_price": ""}, {"market": "0xb3d177c8d3bc8e320417858a45f26b31d645353d6c9919d889d429eee2f3b1a3", "asset_id": "7558088806292563565401737553847735077103912796815303288587841333553005325217", "timestamp": "1769382484881", "hash": "b9740c6b2e6fb47c42819c5b26829f39ad2f5a68", "bids": [{"price": "0.01", "size": "476.9"}, {"price": "0.02", "size": "137.79"}, {"price": "0.03", "size": "21.3"}], "asks": [{"price": "0.99", "size": "185.01"}, {"price": "0.98", "size": "32.49"}], "event_type": "book", "last_trade_price": ""}]}
