{"_local_timestamp": "2026-01-25T23:34:27.178562+00:00", "data": [{"market": "0xe5d439c37cffecc75b85c3f6e5ab8816ab3505041b4dc36fb3d6a59acf91c27a", "asset_id": "18454688166792357130058246121399173653912723464570158985741652423338064454580", "timestamp": "1769382484880", "hash": "d321b949c021d24cbf7d187a7485f0bbb9da11e8", "bids": [{"price": "0.01", "size": "476.9"}, {"price": "0.02", "size": "254.79"}, {"price": "0.03", "size": "15.83"}], "asks": [{"price": "0.99", "size": "476.9"}, {"price": "0.98", "size": "137.79"}, {"price": "0.97", "size": "21.3"}], "event_type": "book", "last_trade_price": ""}, {"market": "0x0693d897cb0e6fe7a7e98f1930b0cfe3711b88aac29c76ccfb58cbf4b7671862", "asset_id": "100934536367609506348632843596350813646512096275888572954046176452137617583224", "timestamp": "1769382484881", "hash": "44efb719b905f64b0111710a4a49552eff3de773", "bids": [{"price": "0.01", "size": "476.9"}, {"price": "0.02", "size": "137.79"}, {"price": "0.03", "size": "21.3"}], "asks": [{"price": "0.99", "size": "476.9"}, {"price": "0.98", "size": "254.79"}, {"price": "0.97", "size": "15.83"}], "event_type": "book", "last_trade_price": ""}, {"market": "0x3d5b7a384a30267a08203054022173090ebb69e3cba160074f54bdcae395998a", "asset_id": "103897704270578462423522029492064487605111712517280685723728296457561750872716", "timestamp": "1769382484883", "hash": "19e50fce1f92d90a5ea0d2babea087c88d8ada1b", "bids": [{"price": "0.01", "size": "476.9"}, {"price": "0.02", "size": "254.79"}, {"price": "0.03", "size": "15.83"}], "asks": [{"price": "0.99", "size": "476.9"}, {"price": "0.98", "size": "137.79"}, {"price": "0.97", "size": "21.3"}], "event_type": "book", "last_trade_price": ""}, {"market": "0xe5d439c37cffecc75b85c3f6e5ab8816ab3505041b4dc36fb3d6a59acf91c27a", "asset_id": "75626013997433705967187125152776733108748980996678307256848475526134053141471", "timestamp": "1769382484880", "hash": "318c80c5a41f717d18d70705c98150e90c88a9cb", "bids": [{"price": "0.01", "size": "476.9"}, {"price": "0.02", "size": "137.79"}, {"price": "0.03", "size": "21.3"}], "asks": [{"price": "0.99", "size": "476.9"}, {"price": "0.98", "size": "254.79"}, {"price": "0.97", "size": "15.83"}], "event_type": "book", "last_trade_price": ""}, {"market": "0x8f5c17af83aaeaaccfce84f8a6d6c9887dd2f7d884d00421bec1e6c66627298e", "asset_id": "68688596003347255526449790919456073608136566665738773296540119877605796772572", "timestamp": "1769382483706", "hash": "7244aeb3a7de8720db697cecb85df41f3340c352", "bids": [{"price": "0.01", "size": "476.9"}, {"price": "0.02", "size": "137.79"}, {"price": "0.03", "size": "21.3"}], "asks": [{"price": "0.99", "size": "476.9"}, {"price": "0.98", "size": "254.79"}, {"price": "0.97", "size": "15.83"}], "event_type": "book", "last_trade_price": ""}, {"market": "0x9d47c4b2dbb09f9b41b727dd7ed88eb3c052df2e9d551307befb93708aa2caaa", "asset_id": "11001766774414124693270742061287528692780529410578306968613982450808581779387", "timestamp": "1769382483681", "hash": "18b5bd2c905bd9f8c82e99504be1eb14b2dc66bc", "bids": [{"price": "0.01", "size": "614.79"}, {"price": "0.02", "size": "13.72"}, {"price": "0.03", "size": "132"}, {"price": "0.04", "size": "31.21"}, {"price": "0.05", "size": "30"}, {"price": "0.06", "size": "38.48"}], "asks": [{"price": "0.99", "size": "614.79"}, {"price": "0.98", "size": "26.16"}, {"price": "0.96", "size": "50"}, {"price": "0.95", "size": "110"}, {"price": "0.94", "size": "43.95"}], "event_type": "book", "last_trade_price": ""}, {"market": "0x3d5b7a384a30267a08203054022173090ebb69e3cba160074f54bdcae395998a", "asset_id": "7403495354807042614008760506965227283119443680889649757884136315804170066948", "timestamp": "1769382484883", "hash": "e8e89171d7e8b7ca736cef18d1e8a32b43b0c323", "bids": [{"price": "0.01", "size": "476.9"}, {"price": "0.02", "size": "137.79"}, {"price": "0.03", "size": "21.3"}], "asks": [{"price": "0.99", "size": "476.9"}, {"price": "0.98", "size": "254.79"}, {"price": "0.97", "size": "15.83"}], "event_type": "book", "last_trade_price": ""}, {"market": "0x0693d897cb0e6fe7a7e98f1930b0cfe3711b88aac29c76ccfb58cbf4b7671862", "asset_id": "110202411471541730891459784942088516287997655402886978983713108729379273192452", "timestamp": "1769382484881", "hash": "c7305f8747bd26151eb22ed536716a001492c5e4", "bids": [{"price": "0.01", "size": "476.9"}, {"price": "0.02", "size": "254.79"}, {"price": "0.03", "size": "15.83"}], "asks": [{"price": "0.99", "size": "476.9"}, {"price": "0.98", "size": "137.79"}, {"price": "0.97", "size": "21.3"}], "event_type": "book", "last_trade_price": ""}, {"market": "0x8f5c17af83aaeaaccfce84f8a6d6c9887dd2f7d884d00421bec1e6c66627298e", "asset_id": "40934272994387605896356816678347444100721209472615641234713658167856245862315", "timestamp": "1769382483706", "hash": "c332b25e3fed955c5cc4bf2996a70aaea4defa1b", "bids": [{"price": "0.01", "size": "476.9"}, {"price": "0.02", "size": "254.79"}, {"price": "0.03", "size": "15.83"}], "asks": [{"price": "0.99", "size": "476.9"}, {"price": "0.98", "size": "137.79"}, {"price": "0.97", "size": "21.3"}], "event_type": "book", "last_trade_price": ""}, {"market": "0x9d47c4b2dbb09f9b41b727dd7ed88eb3c052df2e9d551307befb93708aa2caaa", "asset_id": "72497566369526066326364121844834739249805837907889660810122865211775359115245", "timestamp": "1769382483681", "hash": "9f76ee2976a345c0a8670f2e6763a0e80942d0fe", "bids": [{"price": "0.01", "size": "614.79"}, {"price": "0.02", "size": "26.16"}, {"price": "0.04", "size": "50"}, {"price": "0.05", "size": "110"}, {"price": "0.06", "size": "43.95"}], "asks": [{"price": "0.99", "size": "614.79"}, {"price": "0.98", "size": "13.72"}, {"price": "0.97", "size": "132"}, {"price": "0.96", "size": "31.21"}, {"price": "0.95", "size": "30"}, {"price": "0.94", "size": "38.48"}], "event_type": "book", "last_trade_price": ""}]}
