{"_local_timestamp": "2026-01-25T23:40:35.863271+00:00", "data": [{"market": "0xdbfead102a60c1e6bce4b0ec8d21a9b3bc4bf5974e0cce679ef2734d7b423dd2", "asset_id": "16191060184425018163046935738947477530687760770234622827971183878549911240633", "timestamp": "1769383647327", "hash": "adb4ee0a86b2431af4bfd604452cd52c07d94df0", "bids": [{"price": "0.01", "size": "26.59"}, {"price": "0.02", "size": "7.76"}, {"price": "0.03", "size": "66"}, {"price": "0.04", "size": "43.96"}, {"price": "0.48", "size": "465.93"}, {"price": "0.49", "size": "246.68"}, {"price": "0.56", "size": "2161"}], "asks": [{"price": "0.99", "size": "26.8"}, {"price": "0.98", "size": "28.93"}, {"price": "0.87", "size": "2.88"}, {"price": "0.8", "size": "2222"}, {"price": "0.79", "size": "1000"}, {"price": "0.78", "size": "48.33"}], "event_type": "book", "last_trade_price": "0.780"}, {"market": "0x7cb924a9ca0c310f23ab852246aac1c385e67be347951fd0ab043b91f4a3042f", "asset_id": "95119817070352747513926354377014701637289388544104781754487875860427015237995", "timestamp": "1769384409000", "hash": "73ba03cb3d41c79dc465c0c8cd07e76e763815fb", "bids": [{"price": "0.01", "size": "218"}, {"price": "0.51", "size": "2214.44"}, {"price": "0.53", "size": "1532"}, {"price": "0.54", "size": "287.44"}, {"price": "0.55", "size": "455.81"}, {"price": "0.56", "size": "300"}, {"price": "0.57", "size": "30"}], "asks": [{"price": "0.99", "size": "27.14"}, {"price": "0.98", "size": "28.76"}, {"price": "0.79", "size": "2222"}, {"price": "0.78", "size": "1000"}], "event_type": "book", "last_trade_price": ""}, {"market": "0xdbfead102a60c1e6bce4b0ec8d21a9b3bc4bf5974e0cce679ef2734d7b423dd2", "asset_id": "56833371837777959602414571911133435196348959796849146873170868991986655114527", "timestamp": "1769383647327", "hash": "7dcc93b15751ae8e2604a67136707934e16c3aa1", "bids": [{"price": "0.01", "size": "26.8"}, {"price": "0.02", "size": "28.93"}, {"price": "0.13", "size": "2.88"}, {"price": "0.2", "size": "2222"}, {"price": "0.21", "size": "1000"}, {"price": "0.22", "size": "48.33"}], "asks": [{"price": "0.99", "size": "26.59"}, {"price": "0.98", "size": "7.76"}, {"price": "0.97", "size": "66"}, {"price": "0.96", "size": "43.96"}, {"price": "0.52", "size": "465.93"}, {"price": "0.51", "size": "246.68"}, {"price": "0.44", "size": "2161"}], "event_type": "book", "last_trade_price": "0.780"}, {"market": "0x834e15e91223a68f72eccff7863b47790b6e91d0972d85b8d674d56eb12399ad", "asset_id": "65279681685432694291364639678245717862403901160839463622500059121571969042854", "timestamp": "1769383646503", "hash": "aa3293f8df86af6d924e9551f05412ec7d684933", "bids": [{"price": "0.01", "size": "200"}, {"price": "0.02", "size": "8.99"}, {"price": "0.42", "size": "4000.32"}, {"price": "0.44", "size": "5000"}, {"price": "0.46", "size": "5000"}, {"price": "0.48", "size": "5000"}, {"price": "0.5", "size": "5000"}, {"price": "0.52", "size": "4778.85"}, {"price": "0.53", "size": "2183.61"}, {"price": "0.56", "size": "33.63"}], "asks": [{"price": "0.99", "size": "64.72"}, {"price": "0.98", "size": "9.97"}, {"price": "0.67", "size": "11.79"}, {"price": "0.66", "size": "2222"}, {"price": "0.65", "size": "1012.65"}], "event_type": "book", "last_trade_price": "0.440"}, {"market": "0x7cb924a9ca0c310f23ab852246aac1c385e67be347951fd0ab043b91f4a3042f", "asset_id": "63595680291798940456656232472962575091578727482520226192809614229978977012152", "timestamp": "1769384409000", "hash": "b1e769e4df46db4c89cfce639e8a494d61e590e1", "bids": [{"price": "0.01", "size": "27.14"}, {"price": "0.02", "size": "28.76"}, {"price": "0.21", "size": "2222"}, {"price": "0.22", "size": "1000"}], "asks": [{"price": "0.99", "size": "218"}, {"price": "0.49", "size": "2214.44"}, {"price": "0.47", "size": "1532"}, {"price": "0.46", "size": "287.44"}, {"price": "0.45", "size": "455.81"}, {"price": "0.44", "size": "300"}, {"price": "0.43", "size": "30"}], "event_type": "book", "last_trade_price": ""}, {"market": "0x834e15e91223a68f72eccff7863b47790b6e91d0972d85b8d674d56eb12399ad", "asset_id": "61890084520759036894438758504548111420314122549363709085843348009145689546739", "timestamp": "1769383646503", "hash": "8251d4b6c8ee60b4429839c7f95debde2d2de958", "bids": [{"price": "0.01", "size": "64.72"}, {"price": "0.02", "size": "9.97"}, {"price": "0.33", "size": "11.79"}, {"price": "0.34", "size": "2222"}, {"price": "0.35", "size": "1012.65"}], "asks": [{"price": "0.99", "size": "200"}, {"price": "0.98", "size": "8.99"}, {"price": "0.58", "size": "4000.32"}, {"price": "0.56", "size": "5000"}, {"price": "0.54", "size": "5000"}, {"price": "0.52", "size": "5000"}, {"price": "0.5", "size": "5000"}, {"price": "0.48", "size": "4778.85"}, {"price": "0.47", "size": "2183.61"}, {"price": "0.44", "size": "33.63"}], "event_type": "book", "last_trade_price": "0.440"}]}
{"_local_timestamp": "2026-01-25T23:40:52.074073+00:00", "data": {"market": "0x834e15e91223a68f72eccff7863b47790b6e91d0972d85b8d674d56eb12399ad", "price_changes": [{"asset_id": "65279681685432694291364639678245717862403901160839463622500059121571969042854", "price": "0.01", "size": "18", "side": "BUY", "hash": "f0fbe9929e40e5b797d218585ff8d8d739736f21", "best_bid": "0.56", "best_ask": "0.65"}, {"asset_id": "61890084520759036894438758504548111420314122549363709085843348009145689546739", "price": "0.99", "size": "18", "side": "SELL", "hash": "50ed7f9f82c022014ee903605572739decb1df5d", "best_bid": "0.35", "best_ask": "0.44"}], "timestamp": "1769384452000", "event_type": "price_change"}}
{"_local_timestamp": "2026-01-25T23:40:52.081942+00:00", "data": {"market": "0x834e15e91223a68f72eccff7863b47790b6e91d0972d85b8d674d56eb12399ad", "price_changes": [{"asset_id": "65279681685432694291364639678245717862403901160839463622500059121571969042854", "price": "0.02", "size": "0", "side": "BUY", "hash": "24b3cb0156aa29edd76c611264d7d22836637b38", "best_bid": "0.56", "best_ask": "0.65"}, {"asset_id": "61890084520759036894438758504548111420314122549363709085843348009145689546739", "price": "0.98", "size": "0", "side": "SELL", "hash": "fc006d48f68c5123cd0cf60ff340d3ac65c78613", "best_bid": "0.35", "best_ask": "0.44"}], "timestamp": "1769384452004", "event_type": "price_change"}}
{"_local_timestamp": "2026-01-25T23:40:56.129303+00:00", "data": {"market": "0xdbfead102a60c1e6bce4b0ec8d21a9b3bc4bf5974e0cce679ef2734d7b423dd2", "price_changes": [{"asset_id": "16191060184425018163046935738947477530687760770234622827971183878549911240633", "price": "0.01", "size": "18", "side": "BUY", "hash": "7f356360fdee0e2f087d8a0f40e070e57cffbb36", "best_bid": "0.56", "best_ask": "0.78"}, {"asset_id": "56833371837777959602414571911133435196348959796849146873170868991986655114527", "price": "0.99", "size": "18", "side": "SELL", "hash": "08b1d19f1187dfb605d2a19dcb44cc47969931f8", "best_bid": "0.22", "best_ask": "0.44"}], "timestamp": "1769384456002", "event_type": "price_change"}}
{"_local_timestamp": "2026-01-25T23:42:05.836377+00:00", "data": {"market": "0x7cb924a9ca0c310f23ab852246aac1c385e67be347951fd0ab043b91f4a3042f", "price_changes": [{"asset_id": "95119817070352747513926354377014701637289388544104781754487875860427015237995", "price": "0.01", "size": "226.05", "side": "BUY", "hash": "28f2fd93c1370cd5b88af71e3fc9f32663756039", "best_bid": "0.57", "best_ask": "0.78"}, {"asset_id": "63595680291798940456656232472962575091578727482520226192809614229978977012152", "price": "0.99", "size": "226.05", "side": "SELL", "hash": "5aa5f73966022f390608ce3a5bcd00701323c85e", "best_bid": "0.22", "best_ask": "0.43"}], "timestamp": "1769384525750", "event_type": "price_change"}}
{"_local_timestamp": "2026-01-25T23:42:05.848597+00:00", "data": {"market": "0x7cb924a9ca0c310f23ab852246aac1c385e67be347951fd0ab043b91f4a3042f", "price_changes": [{"asset_id": "95119817070352747513926354377014701637289388544104781754487875860427015237995", "price": "0.02", "size": "95.97", "side": "BUY", "hash": "ce2cf66f8a9c456eb4fcb88e5e6adf7dd6991d18", "best_bid": "0.57", "best_ask": "0.78"}, {"asset_id": "63595680291798940456656232472962575091578727482520226192809614229978977012152", "price": "0.98", "size": "95.97", "side": "SELL", "hash": "6447e02d398f4786e23e1bc2d1f31cb67b5caa3a", "best_bid": "0.22", "best_ask": "0.43"}], "timestamp": "1769384525768", "event_type": "price_change"}}
{"_local_timestamp": "2026-01-25T23:42:05.979774+00:00", "data": {"market": "0x7cb924a9ca0c310f23ab852246aac1c385e67be347951fd0ab043b91f4a3042f", "price_changes": [{"asset_id": "63595680291798940456656232472962575091578727482520226192809614229978977012152", "price": "0.02", "size": "10.2", "side": "BUY", "hash": "09f8d7d7766b7ec76da1c66a60cac335994021c3", "best_bid": "0.22", "best_ask": "0.43"}, {"asset_id": "95119817070352747513926354377014701637289388544104781754487875860427015237995", "price": "0.98", "size": "10.2", "side": "SELL", "hash": "79a426393733544a246018a3eb174a984438a8ca", "best_bid": "0.57", "best_ask": "0.78"}], "timestamp": "1769384525911", "event_type": "price_change"}}
{"_local_timestamp": "2026-01-25T23:42:08.660238+00:00", "data": {"market": "0x7cb924a9ca0c310f23ab852246aac1c385e67be347951fd0ab043b91f4a3042f", "price_changes": [{"asset_id": "63595680291798940456656232472962575091578727482520226192809614229978977012152", "price": "0.01", "size": "64.26", "side": "BUY", "hash": "87fadc7404734920be514dd6ded383f9216fa32f", "best_bid": "0.22", "best_ask": "0.43"}, {"asset_id": "95119817070352747513926354377014701637289388544104781754487875860427015237995", "price": "0.99", "size": "64.26", "side": "SELL", "hash": "cd89c76ef3870de5d2e3e712cbdc8537d509c3bc", "best_bid": "0.57", "best_ask": "0.78"}], "timestamp": "1769384528584", "event_type": "price_change"}}
{"_local_timestamp": "2026-01-25T23:42:45.874617+00:00", "data": {"market": "0x834e15e91223a68f72eccff7863b47790b6e91d0972d85b8d674d56eb12399ad", "price_changes": [{"asset_id": "65279681685432694291364639678245717862403901160839463622500059121571969042854", "price": "0.01", "size": "200", "side": "BUY", "hash": "b504d9cdd642c2184f5f6cd84a5a95069b4de4dc", "best_bid": "0.56", "best_ask": "0.65"}, {"asset_id": "61890084520759036894438758504548111420314122549363709085843348009145689546739", "price": "0.99", "size": "200", "side": "SELL", "hash": "c98f7b4c6fcbeadb86aae1a1c63a33bf40e6c18b", "best_bid": "0.35", "best_ask": "0.44"}], "timestamp": "1769384565747", "event_type": "price_change"}}
{"_local_timestamp": "2026-01-25T23:42:45.882144+00:00", "data": {"market": "0x834e15e91223a68f72eccff7863b47790b6e91d0972d85b8d674d56eb12399ad", "price_changes": [{"asset_id": "65279681685432694291364639678245717862403901160839463622500059121571969042854", "price": "0.02", "size": "8.99", "side": "BUY", "hash": "134a9470ba550b3ad9cf96c601b333de56fa31ca", "best_bid": "0.56", "best_ask": "0.65"}, {"asset_id": "61890084520759036894438758504548111420314122549363709085843348009145689546739", "price": "0.98", "size": "8.99", "side": "SELL", "hash": "0aad389cba9d986555fbe3cac9915204bd70dc95", "best_bid": "0.35", "best_ask": "0.44"}], "timestamp": "1769384565749", "event_type": "price_change"}}
{"_local_timestamp": "2026-01-25T23:42:46.006021+00:00", "data": {"market": "0xdbfead102a60c1e6bce4b0ec8d21a9b3bc4bf5974e0cce679ef2734d7b423dd2", "price_changes": [{"asset_id": "56833371837777959602414571911133435196348959796849146873170868991986655114527", "price": "0.02", "size": "10.01", "side": "BUY", "hash": "ace19a328d952d2613240939b1dbbeb6e01d9ef1", "best_bid": "0.22", "best_ask": "0.44"}, {"asset_id": "16191060184425018163046935738947477530687760770234622827971183878549911240633", "price": "0.98", "size": "10.01", "side": "SELL", "hash": "c9bddfc16f72f0c5daea37a38f9693342f689287", "best_bid": "0.56", "best_ask": "0.78"}], "timestamp": "1769384565880", "event_type": "price_change"}}
{"_local_timestamp": "2026-01-25T23:42:46.006489+00:00", "data": {"market": "0x834e15e91223a68f72eccff7863b47790b6e91d0972d85b8d674d56eb12399ad", "price_changes": [{"asset_id": "61890084520759036894438758504548111420314122549363709085843348009145689546739", "price": "0.01", "size": "24.93", "side": "BUY", "hash": "8a447da0feb286686f9bd02a8528a5d959e73c37", "best_bid": "0.35", "best_ask": "0.44"}, {"asset_id": "65279681685432694291364639678245717862403901160839463622500059121571969042854", "price": "0.99", "size": "24.93", "side": "SELL", "hash": "e51683781866c96ffdbb7f0f5186463eb53ea119", "best_bid": "0.56", "best_ask": "0.65"}], "timestamp": "1769384565880", "event_type": "price_change"}}
{"_local_timestamp": "2026-01-25T23:42:46.021697+00:00", "data": {"market": "0xdbfead102a60c1e6bce4b0ec8d21a9b3bc4bf5974e0cce679ef2734d7b423dd2", "price_changes": [{"asset_id": "16191060184425018163046935738947477530687760770234622827971183878549911240633", "price": "0.01", "size": "26.64", "side": "BUY", "hash": "22ad09cc7a5a786c28e865ccb5814d475f68b822", "best_bid": "0.56", "best_ask": "0.78"}, {"asset_id": "56833371837777959602414571911133435196348959796849146873170868991986655114527", "price": "0.99", "size": "26.64", "side": "SELL", "hash": "cd1163db08761260e2b850bf7b2bd42439fa7f0e", "best_bid": "0.22", "best_ask": "0.44"}], "timestamp": "1769384565903", "event_type": "price_change"}}
{"_local_timestamp": "2026-01-25T23:42:48.085936+00:00", "data": {"market": "0x834e15e91223a68f72eccff7863b47790b6e91d0972d85b8d674d56eb12399ad", "price_changes": [{"asset_id": "61890084520759036894438758504548111420314122549363709085843348009145689546739", "price": "0.01", "size": "64.72", "side": "BUY", "hash": "07acb221bb22c1de3c4da1ab35c95e822cb51278", "best_bid": "0.35", "best_ask": "0.44"}, {"asset_id": "65279681685432694291364639678245717862403901160839463622500059121571969042854", "price": "0.99", "size": "64.72", "side": "SELL", "hash": "71fa99c1601b175301f9dcb93905e41a1c65e8fa", "best_bid": "0.56", "best_ask": "0.65"}], "timestamp": "1769384567969", "event_type": "price_change"}}
{"_local_timestamp": "2026-01-25T23:42:48.086344+00:00", "data": {"market": "0xdbfead102a60c1e6bce4b0ec8d21a9b3bc4bf5974e0cce679ef2734d7b423dd2", "price_changes": [{"asset_id": "56833371837777959602414571911133435196348959796849146873170868991986655114527", "price": "0.01", "size": "64.64", "side": "BUY", "hash": "6948a4d0923ce5a9e1f9e85df5c6624c4682e7b0", "best_bid": "0.22", "best_ask": "0.44"}, {"asset_id": "16191060184425018163046935738947477530687760770234622827971183878549911240633", "price": "0.99", "size": "64.64", "side": "SELL", "hash": "38c24c6b82f4b35991119400abbec1e6150fcf33", "best_bid": "0.56", "best_ask": "0.78"}], "timestamp": "1769384567969", "event_type": "price_change"}}
