{"_local_timestamp": "2026-01-25T23:40:53.707530+00:00", "data": [{"market": "0x58fdb5857cb625502a1eca7f53fc4dbc706f75aa776815c0b2b7fec0e08a2d90", "asset_id": "45769269506997864830029653922087862420539502034134136899495737139445619248364", "timestamp": "1769384133049", "hash": "c9e96fb04bc0bbac101fec4303233a6b7725faea", "bids": [{"price": "0.01", "size": "1202.55"}, {"price": "0.02", "size": "230.96"}, {"price": "0.03", "size": "14.05"}, {"price": "0.04", "size": "168.17"}, {"price": "0.06", "size": "13.25"}], "asks": [{"price": "0.99", "size": "124.29"}, {"price": "0.98", "size": "180.12"}, {"price": "0.97", "size": "18.03"}, {"price": "0.96", "size": "300"}, {"price": "0.95", "size": "345"}, {"price": "0.94", "size": "108"}, {"price": "0.93", "size": "7.65"}, {"price": "0.9", "size": "130"}, {"price": "0.89", "size": "204"}, {"price": "0.88", "size": "5.65"}, {"price": "0.79", "size": "10"}], "event_type": "book", "last_trade_price": ""}, {"market": "0xc6df15aa7aba714aabe87421724fe404d9bec74b13427453efa463f3c4bddc4e", "asset_id": "42082552488771594169724450948374396326931016211786365071329098554082743400245", "timestamp": "1769384016664", "hash": "4dcd136fa5a97022499c4b633e43c817d62156c4", "bids": [{"price": "0.01", "size": "124.84"}, {"price": "0.02", "size": "182.15"}, {"price": "0.03", "size": "17.51"}, {"price": "0.04", "size": "300"}, {"price": "0.05", "size": "345"}, {"price": "0.06", "size": "108"}, {"price": "0.07", "size": "6.47"}, {"price": "0.08", "size": "162.5"}, {"price": "0.09", "size": "62"}, {"price": "0.1", "size": "110"}, {"price": "0.11", "size": "6.64"}, {"price": "0.2", "size": "10"}], "asks": [{"price": "0.99", "size": "1202.55"}, {"price": "0.98", "size": "230.96"}, {"price": "0.97", "size": "14.05"}, {"price": "0.96", "size": "168.17"}, {"price": "0.94", "size": "13.25"}], "event_type": "book", "last_trade_price": ""}, {"market": "0x58fdb5857cb625502a1eca7f53fc4dbc706f75aa776815c0b2b7fec0e08a2d90", "asset_id": "109145920236362047941918987888530050409781020559677698904239857086322516222217", "timestamp": "1769384133049", "hash": "532e2689a8c7d97bde55592a18abe745580245bc", "bids": [{"price": "0.01", "size": "124.29"}, {"price": "0.02", "size": "180.12"}, {"price": "0.03", "size": "18.03"}, {"price": "0.04", "size": "300"}, {"price": "0.05", "size": "345"}, {"price": "0.06", "size": "108"}, {"price": "0.07", "size": "7.65"}, {"price": "0.1", "size": "130"}, {"price": "0.11", "size": "204"}, {"price": "0.12", "size": "5.65"}, {"price": "0.21", "size": "10"}], "asks": [{"price": "0.99", "size": "1202.55"}, {"price": "0.98", "size": "230.96"}, {"price": "0.97", "size": "14.05"}, {"price": "0.96", "size": "168.17"}, {"price": "0.94", "size": "13.25"}], "event_type": "book", "last_trade_price": ""}, {"market": "0xc6df15aa7aba714aabe87421724fe404d9bec74b13427453efa463f3c4bddc4e", "asset_id": "35514827074795263338664749918112380170625558212192989466770463219767384318698", "timestamp": "1769384016664", "hash": "760a45492de016c87dcdacfca63dadb168f23cac", "bids": [{"price": "0.01", "size": "1202.55"}, {"price": "0.02", "size": "230.96"}, {"price": "0.03", "size": "14.05"}, {"price": "0.04", "size": "168.17"}, {"price": "0.06", "size": "13.25"}], "asks": [{"price": "0.99", "size": "124.84"}, {"price": "0.98", "size": "182.15"}, {"price": "0.97", "size": "17.51"}, {"price": "0.96", "size": "300"}, {"price": "0.95", "size": "345"}, {"price": "0.94", "size": "108"}, {"price": "0.93", "size": "6.47"}, {"price": "0.92", "size": "162.5"}, {"price": "0.91", "size": "62"}, {"price": "0.9", "size": "110"}, {"price": "0.89", "size": "6.64"}, {"price": "0.8", "size": "10"}], "event_type": "book", "last_trade_price": ""}, {"market": "0x0148cc491f24cc565f451a9c2f9a82fc32479c4664556f5864e1b3b6747d95bf", "asset_id": "32872677380574342885637970698256951162037532211739589625226958866330896238875", "timestamp": "1769384053022", "hash": "de8adcccdcfaf1e29a408456fddc329bed623226", "bids": [{"price": "0.01", "size": "124.28"}, {"price": "0.02", "size": "181.13"}, {"price": "0.03", "size": "14.96"}, {"price": "0.04", "size": "300"}, {"price": "0.05", "size": "345"}, {"price": "0.06", "size": "108"}, {"price": "0.07", "size": "6.28"}, {"price": "0.1", "size": "130"}, {"price": "0.11", "size": "165"}, {"price": "0.12", "size": "7.05"}, {"price": "0.21", "size": "10"}], "asks": [{"price": "0.99", "size": "1202.55"}, {"price": "0.98", "size": "230.96"}, {"price": "0.97", "size": "14.05"}, {"price": "0.96", "size": "162"}, {"price": "0.94", "size": "13.25"}], "event_type": "book", "last_trade_price": ""}, {"market": "0x0148cc491f24cc565f451a9c2f9a82fc32479c4664556f5864e1b3b6747d95bf", "asset_id": "41975681805383118618184929706391605819753162581496472379900064957872361317332", "timestamp": "1769384053022", "hash": "1892f31565d6f7cd649558907765b1b8176694f0", "bids": [{"price": "0.01", "size": "1202.55"}, {"price": "0.02", "size": "230.96"}, {"price": "0.03", "size": "14.05"}, {"price": "0.04", "size": "162"}, {"price": "0.06", "size": "13.25"}], "asks": [{"price": "0.99", "size": "124.28"}, {"price": "0.98", "size": "181.13"}, {"price": "0.97", "size": "14.96"}, {"price": "0.96", "size": "300"}, {"price": "0.95", "size": "345"}, {"price": "0.94", "size": "108"}, {"price": "0.93", "size": "6.28"}, {"price": "0.9", "size": "130"}, {"price": "0.89", "size": "165"}, {"price": "0.88", "size": "7.05"}, {"price": "0.79", "size": "10"}], "event_type": "book", "last_trade_price": ""}]}
{"_local_timestamp": "2026-01-25T23:41:27.210220+00:00", "data": {"market": "0xc6df15aa7aba714aabe87421724fe404d9bec74b13427453efa463f3c4bddc4e", "price_changes": [{"asset_id": "35514827074795263338664749918112380170625558212192989466770463219767384318698", "price": "0.02", "size": "80.96", "side": "BUY", "hash": "001d38972935aabedcbed5c4b7eeaf84676e5544", "best_bid": "0.06", "best_ask": "0.8"}, {"asset_id": "42082552488771594169724450948374396326931016211786365071329098554082743400245", "price": "0.98", "size": "80.96", "side": "SELL", "hash": "59351979b3b8723c0b2c9e76c2d541318302f651", "best_bid": "0.2", "best_ask": "0.94"}], "timestamp": "1769384487001", "event_type": "price_change"}}
