{"_local_timestamp": "2026-01-25T23:33:44.647469+00:00", "data": [{"market": "0x9cc60917aeabba619088ed181606924be60999cc3de4e63c6df1e1f7a8d2e832", "asset_id": "33781213775296140377318879910126090036534233159881689526999119042953133682125", "timestamp": "1769383819381", "hash": "8211e23eb5e6ab2cfb69aee13827f1943dff83cc", "bids": [{"price": "0.01", "size": "123.78"}, {"price": "0.02", "size": "181.64"}, {"price": "0.03", "size": "10.91"}, {"price": "0.05", "size": "20"}, {"price": "0.06", "size": "533"}, {"price": "0.07", "size": "207.38"}, {"price": "0.1", "size": "130"}, {"price": "0.11", "size": "107"}, {"price": "0.12", "size": "91.66"}, {"price": "0.13", "size": "6.81"}, {"price": "0.22", "size": "10"}], "asks": [{"price": "0.99", "size": "577.55"}, {"price": "0.98", "size": "855.97"}, {"price": "0.97", "size": "14.05"}, {"price": "0.96", "size": "162"}, {"price": "0.94", "size": "47.52"}], "event_type": "book", "last_trade_price": ""}, {"market": "0xd06932d54d053360bb53dfff7ed0300612fcd5adf7cefd28d32e0a72dd146159", "asset_id": "61753903405392157738297971269351937508314291943235904612562151117517277155231", "timestamp": "1769383817426", "hash": "5637f14032994a2b0a78677184db01160430a824", "bids": [{"price": "0.01", "size": "123.77"}, {"price": "0.02", "size": "181.64"}, {"price": "0.03", "size": "16.2"}, {"price": "0.05", "size": "20"}, {"price": "0.06", "size": "533"}, {"price": "0.07", "size": "207.38"}, {"price": "0.1", "size": "130"}, {"price": "0.11", "size": "107"}, {"price": "0.12", "size": "91.66"}, {"price": "0.13", "size": "5.59"}, {"price": "0.22", "size": "10"}], "asks": [{"price": "0.99", "size": "577.55"}, {"price": "0.98", "size": "855.96"}, {"price": "0.97", "size": "14.05"}, {"price": "0.96", "size": "162"}, {"price": "0.94", "size": "47.52"}], "event_type": "book", "last_trade_price": ""}, {"market": "0x5f3543c0b7dfbf335df44843d856e143c6325494c016a3cdd781f384c2e80744", "asset_id": "93004483567949464428289319830229231629516999189058522000070375487646153884766", "timestamp": "1769383815279", "hash": "cd77b8e1704af9c7e170ca43f3255e96c8284b57", "bids": [{"price": "0.01", "size": "577.55"}, {"price": "0.02", "size": "661.64"}, {"price": "0.03", "size": "200"}, {"price": "0.04", "size": "57.7"}, {"price": "0.05", "size": "20"}, {"price": "0.06", "size": "47.52"}], "asks": [{"price": "0.99", "size": "123.78"}, {"price": "0.98", "size": "181.64"}, {"price": "0.97", "size": "16.21"}, {"price": "0.95", "size": "320"}, {"price": "0.94", "size": "358"}, {"price": "0.93", "size": "82.38"}, {"price": "0.91", "size": "144.44"}, {"price": "0.9", "size": "72"}, {"price": "0.89", "size": "100"}, {"price": "0.88", "size": "6.04"}, {"price": "0.78", "size": "10"}], "event_type": "book", "last_trade_price": ""}, {"market": "0xd06932d54d053360bb53dfff7ed0300612fcd5adf7cefd28d32e0a72dd146159", "asset_id": "100964794003212089145257836228133675199111441183702078866910863578826557003414", "timestamp": "1769383817426", "hash": "6ff3dd8213ad66b85ce6737bb624243a9a4b49bb", "bids": [{"price": "0.01", "size": "577.55"}, {"price": "0.02", "size": "855.96"}, {"price": "0.03", "size": "14.05"}, {"price": "0.04", "size": "162"}, {"price": "0.06", "size": "47.52"}], "asks": [{"price": "0.99", "size": "123.77"}, {"price": "0.98", "size": "181.64"}, {"price": "0.97", "size": "16.2"}, {"price": "0.95", "size": "20"}, {"price": "0.94", "size": "533"}, {"price": "0.93", "size": "207.38"}, {"price": "0.9", "size": "130"}, {"price": "0.89", "size": "107"}, {"price": "0.88", "size": "91.66"}, {"price": "0.87", "size": "5.59"}, {"price": "0.78", "size": "10"}], "event_type": "book", "last_trade_price": ""}, {"market": "0x5f3543c0b7dfbf335df44843d856e143c6325494c016a3cdd781f384c2e80744", "asset_id": "26146514377428367253638469552208666602327845225820634961848070298570372009965", "timestamp": "1769383815279", "hash": "edb1df8e4e02e258a02805731b58bbe45f550ce1", "bids": [{"price": "0.01", "size": "123.78"}, {"price": "0.02", "size": "181.64"}, {"price": "0.03", "size": "16.21"}, {"price": "0.05", "size": "320"}, {"price": "0.06", "size": "358"}, {"price": "0.07", "size": "82.38"}, {"price": "0.09", "size": "144.44"}, {"price": "0.1", "size": "72"}, {"price": "0.11", "size": "100"}, {"price": "0.12", "size": "6.04"}, {"price": "0.22", "size": "10"}], "asks": [{"price": "0.99", "size": "577.55"}, {"price": "0.98", "size": "661.64"}, {"price": "0.97", "size": "200"}, {"price": "0.96", "size": "57.7"}, {"price": "0.95", "size": "20"}, {"price": "0.94", "size": "47.52"}], "event_type": "book", "last_trade_price": ""}, {"market": "0x9cc60917aeabba619088ed181606924be60999cc3de4e63c6df1e1f7a8d2e832", "asset_id": "47366611839415206974583857067564773874581977013479851511712998595309671321929", "timestamp": "1769383819381", "hash": "1ca1526908c899b0504385393788ec06029be359", "bids": [{"price": "0.01", "size": "577.55"}, {"price": "0.02", "size": "855.97"}, {"price": "0.03", "size": "14.05"}, {"price": "0.04", "size": "162"}, {"price": "0.06", "size": "47.52"}], "asks": [{"price": "0.99", "size": "123.78"}, {"price": "0.98", "size": "181.64"}, {"price": "0.97", "size": "10.91"}, {"price": "0.95", "size": "20"}, {"price": "0.94", "size": "533"}, {"price": "0.93", "size": "207.38"}, {"price": "0.9", "size": "130"}, {"price": "0.89", "size": "107"}, {"price": "0.88", "size": "91.66"}, {"price": "0.87", "size": "6.81"}, {"price": "0.78", "size": "10"}], "event_type": "book", "last_trade_price": ""}]}
{"_local_timestamp": "2026-01-25T23:34:55.186809+00:00", "data": {"market": "0x9cc60917aeabba619088ed181606924be60999cc3de4e63c6df1e1f7a8d2e832", "price_changes": [{"asset_id": "33781213775296140377318879910126090036534233159881689526999119042953133682125", "price": "0.07", "size": "200", "side": "BUY", "hash": "1277ad37a5173f56e87e937d1a911479b8ce1bbf", "best_bid": "0.22", "best_ask": "0.94"}, {"asset_id": "47366611839415206974583857067564773874581977013479851511712998595309671321929", "price": "0.93", "size": "200", "side": "SELL", "hash": "3c846735737e793e59a2f3f9fd79e30e101203ac", "best_bid": "0.06", "best_ask": "0.78"}], "timestamp": "1769384095114", "event_type": "price_change"}}
{"_local_timestamp": "2026-01-25T23:34:55.187680+00:00", "data": {"market": "0x9cc60917aeabba619088ed181606924be60999cc3de4e63c6df1e1f7a8d2e832", "price_changes": [{"asset_id": "33781213775296140377318879910126090036534233159881689526999119042953133682125", "price": "0.13", "size": "0", "side": "BUY", "hash": "1277ad37a5173f56e87e937d1a911479b8ce1bbf", "best_bid": "0.22", "best_ask": "0.94"}, {"asset_id": "47366611839415206974583857067564773874581977013479851511712998595309671321929", "price": "0.87", "size": "0", "side": "SELL", "hash": "3c846735737e793e59a2f3f9fd79e30e101203ac", "best_bid": "0.06", "best_ask": "0.78"}], "timestamp": "1769384095114", "event_type": "price_change"}}
{"_local_timestamp": "2026-01-25T23:34:56.240851+00:00", "data": {"market": "0x9cc60917aeabba619088ed181606924be60999cc3de4e63c6df1e1f7a8d2e832", "price_changes": [{"asset_id": "33781213775296140377318879910126090036534233159881689526999119042953133682125", "price": "0.08", "size": "5.59", "side": "BUY", "hash": "73c312a9f0eee666c40b5172967d4338ec005ec8", "best_bid": "0.22", "best_ask": "0.94"}, {"asset_id": "47366611839415206974583857067564773874581977013479851511712998595309671321929", "price": "0.92", "size": "5.59", "side": "SELL", "hash": "baf471f22c89c1c130931b418ff78d1eebf54c57", "best_bid": "0.06", "best_ask": "0.78"}], "timestamp": "1769384096081", "event_type": "price_change"}}
{"_local_timestamp": "2026-01-25T23:34:56.241296+00:00", "data": {"market": "0x9cc60917aeabba619088ed181606924be60999cc3de4e63c6df1e1f7a8d2e832", "price_changes": [{"asset_id": "33781213775296140377318879910126090036534233159881689526999119042953133682125", "price": "0.03", "size": "18.08", "side": "BUY", "hash": "6b4e41dbaa1194cf50aace6a2dceced798d635db", "best_bid": "0.22", "best_ask": "0.94"}, {"asset_id": "47366611839415206974583857067564773874581977013479851511712998595309671321929", "price": "0.97", "size": "18.08", "side": "SELL", "hash": "dd724bb279a0ec61dff943ad19d6cc7814d7593b", "best_bid": "0.06", "best_ask": "0.78"}], "timestamp": "1769384096102", "event_type": "price_change"}}
{"_local_timestamp": "2026-01-25T23:34:56.252704+00:00", "data": {"market": "0x9cc60917aeabba619088ed181606924be60999cc3de4e63c6df1e1f7a8d2e832", "price_changes": [{"asset_id": "33781213775296140377318879910126090036534233159881689526999119042953133682125", "price": "0.13", "size": "5.68", "side": "BUY", "hash": "58fe144c052d42f45f6db64fdcd9103a21b933eb", "best_bid": "0.22", "best_ask": "0.94"}, {"asset_id": "47366611839415206974583857067564773874581977013479851511712998595309671321929", "price": "0.87", "size": "5.68", "side": "SELL", "hash": "c03397d157cafacac8e96b279e006a9be4374dbd", "best_bid": "0.06", "best_ask": "0.78"}], "timestamp": "1769384096112", "event_type": "price_change"}}
{"_local_timestamp": "2026-01-25T23:34:56.264385+00:00", "data": {"market": "0xd06932d54d053360bb53dfff7ed0300612fcd5adf7cefd28d32e0a72dd146159", "price_changes": [{"asset_id": "61753903405392157738297971269351937508314291943235904612562151117517277155231", "price": "0.07", "size": "200", "side": "BUY", "hash": "c25ffc66e4524d1747fd05a05de4e7e4906ac043", "best_bid": "0.22", "best_ask": "0.94"}, {"asset_id": "100964794003212089145257836228133675199111441183702078866910863578826557003414", "price": "0.93", "size": "200", "side": "SELL", "hash": "303f26e24d2eeefc5c8e825f9582ea072b988f48", "best_bid": "0.06", "best_ask": "0.78"}], "timestamp": "1769384096156", "event_type": "price_change"}}
{"_local_timestamp": "2026-01-25T23:34:57.858793+00:00", "data": {"market": "0xd06932d54d053360bb53dfff7ed0300612fcd5adf7cefd28d32e0a72dd146159", "price_changes": [{"asset_id": "61753903405392157738297971269351937508314291943235904612562151117517277155231", "price": "0.08", "size": "6.45", "side": "BUY", "hash": "47b27055eea4c06248f9674f5b313d683bf64940", "best_bid": "0.22", "best_ask": "0.94"}, {"asset_id": "100964794003212089145257836228133675199111441183702078866910863578826557003414", "price": "0.92", "size": "6.45", "side": "SELL", "hash": "0b7d0c951c0ccc9dc14faa1c0b700da147b98059", "best_bid": "0.06", "best_ask": "0.78"}], "timestamp": "1769384097785", "event_type": "price_change"}}
