{"_local_timestamp": "2026-01-25T23:34:27.578587+00:00", "data": [{"market": "0xcb0a1019ba5904952e3a0cba0874dfbfb6a9613dae1b01a87eba616e8e3df217", "asset_id": "63161562463818784412467682208457506325910277698014068574426684601779001866417", "timestamp": "1769382484884", "hash": "80fa9b87202c409eb527e95ea76244b662f5f8cf", "bids": [{"price": "0.01", "size": "476.9"}, {"price": "0.02", "size": "137.79"}, {"price": "0.03", "size": "21.3"}], "asks": [{"price": "0.99", "size": "476.9"}, {"price": "0.98", "size": "254.79"}, {"price": "0.97", "size": "15.83"}], "event_type": "book", "last_trade_price": ""}, {"market": "0x07a6c9a371d416d521bf16bfae89d4eb865a793f79bec413c5f9425004383b04", "asset_id": "77051919967230260553160004843670282696233922447401769845492327914364170512568", "timestamp": "1769382483703", "hash": "a6a2f1e4142942ae53b84c5cbb2d472b8f84bec0", "bids": [{"price": "0.01", "size": "476.9"}, {"price": "0.02", "size": "254.79"}, {"price": "0.03", "size": "15.83"}], "asks": [{"price": "0.99", "size": "476.9"}, {"price": "0.98", "size": "137.79"}, {"price": "0.97", "size": "21.3"}], "event_type": "book", "last_trade_price": ""}, {"market": "0xcb0a1019ba5904952e3a0cba0874dfbfb6a9613dae1b01a87eba616e8e3df217", "asset_id": "40474270003287819972150608931638473632971304796436430450379322655552977921776", "timestamp": "1769382484884", "hash": "2bd357648ccff4c34e1561cd8295dc7bc8bfb444", "bids": [{"price": "0.01", "size": "476.9"}, {"price": "0.02", "size": "254.79"}, {"price": "0.03", "size": "15.83"}], "asks": [{"price": "0.99", "size": "476.9"}, {"price": "0.98", "size": "137.79"}, {"price": "0.97", "size": "21.3"}], "event_type": "book", "last_trade_price": ""}, {"market": "0xde4d3f79456e18b4020b664a76f6defaaf95a24503d1c1c62e0b956c1f17e1ab", "asset_id": "66449951465832524250788638578360936508836484586160982833244173695639448905184", "timestamp": "1769382942490", "hash": "4fbe6606590bc9ae4ea9abe584f08bacd5b8d71c", "bids": [{"price": "0.01", "size": "618.81"}, {"price": "0.02", "size": "25.56"}, {"price": "0.03", "size": "132"}, {"price": "0.04", "size": "62"}, {"price": "0.05", "size": "46.01"}], "asks": [{"price": "0.99", "size": "614.79"}, {"price": "0.98", "size": "26.16"}, {"price": "0.96", "size": "50"}, {"price": "0.95", "size": "110"}, {"price": "0.94", "size": "43.95"}], "event_type": "book", "last_trade_price": ""}, {"market": "0xeeb31f797b94cc9da0643256cfe049a6cc65eab3d34ee71ef099ce09c280910c", "asset_id": "8618071926892396155363740430265332008642117099973166416252751434841061450100", "timestamp": "1769382484880", "hash": "b581a02d6bd3eef854583c9b900537674f6f418e", "bids": [{"price": "0.01", "size": "476.9"}, {"price": "0.02", "size": "137.79"}, {"price": "0.03", "size": "21.3"}], "asks": [{"price": "0.99", "size": "476.9"}, {"price": "0.98", "size": "254.79"}, {"price": "0.97", "size": "15.83"}], "event_type": "book", "last_trade_price": ""}, {"market": "0xeeb31f797b94cc9da0643256cfe049a6cc65eab3d34ee71ef099ce09c280910c", "asset_id": "65746824616219877925105745310758517621652446407062368813593972418738489466400", "timestamp": "1769382484880", "hash": "503ae8d8a99069a48c6d0b52e80f61a381bba632", "bids": [{"price": "0.01", "size": "476.9"}, {"price": "0.02", "size": "254.79"}, {"price": "0.03", "size": "15.83"}], "asks": [{"price": "0.99", "size": "476.9"}, {"price": "0.98", "size": "137.79"}, {"price": "0.97", "size": "21.3"}], "event_type": "book", "last_trade_price": ""}, {"market": "0x0de5004965b9b9759fed9947aa0abc94743286ffebfe634e5d996e1fe953074e", "asset_id": "49160150523234560401596339388859689960662416745468516018508558641798068412706", "timestamp": "1769382484886", "hash": "bb4addd44b337c018696d1d14195a3de6fc1af0b", "bids": [{"price": "0.01", "size": "576.9"}, {"price": "0.02", "size": "137.79"}, {"price": "0.03", "size": "21.3"}], "asks": [{"price": "0.99", "size": "476.9"}, {"price": "0.98", "size": "254.79"}, {"price": "0.97", "size": "15.83"}], "event_type": "book", "last_trade_price": ""}, {"market": "0x07a6c9a371d416d521bf16bfae89d4eb865a793f79bec413c5f9425004383b04", "asset_id": "5503557603519099576179335325013607917605166392480389183659581406362597572820", "timestamp": "1769382483703", "hash": "b6924f12ebe1ca3d43ac0115a837643222c149db", "bids": [{"price": "0.01", "size": "476.9"}, {"price": "0.02", "size": "137.79"}, {"price": "0.03", "size": "21.3"}], "asks": [{"price": "0.99", "size": "476.9"}, {"price": "0.98", "size": "254.79"}, {"price": "0.97", "size": "15.83"}], "event_type": "book", "last_trade_price": ""}, {"market": "0x0de5004965b9b9759fed9947aa0abc94743286ffebfe634e5d996e1fe953074e", "asset_id": "96412915447676394316482033789376023058596448865813056012719039555236835697864", "timestamp": "1769382484886", "hash": "f74db957b12dd928f6b951c18662e558b3ff4578", "bids": [{"price": "0.01", "size": "476.9"}, {"price": "0.02", "size": "254.79"}, {"price": "0.03", "size": "15.83"}], "asks": [{"price": "0.99", "size": "576.9"}, {"price": "0.98", "size": "137.79"}, {"price": "0.97", "size": "21.3"}], "event_type": "book", "last_trade_price": ""}, {"market": "0xde4d3f79456e18b4020b664a76f6defaaf95a24503d1c1c62e0b956c1f17e1ab", "asset_id": "47175798693454394019780179506885443620763590177228695196065859727496838460693", "timestamp": "1769382942490", "hash": "191a512c028e5283c5fda65ca6accc3972c7c6af", "bids": [{"price": "0.01", "size": "614.79"}, {"price": "0.02", "size": "26.16"}, {"price": "0.04", "size": "50"}, {"price": "0.05", "size": "110"}, {"price": "0.06", "size": "43.95"}], "asks": [{"price": "0.99", "size": "618.81"}, {"price": "0.98", "size": "25.56"}, {"price": "0.97", "size": "132"}, {"price": "0.96", "size": "62"}, {"price": "0.95", "size": "46.01"}], "event_type": "book", "last_trade_price": ""}]}
