{"_local_timestamp": "2026-01-25T23:40:39.064008+00:00", "data": [{"market": "0x0f3ae5d23882fb840762fd35de11fc31b0fbdc9e41e8666cdfae9d627f93f517", "asset_id": "94515481374808157569050494497609656759614074907275956934536589215029723063622", "timestamp": "1769384395112", "hash": "90fab3de4b7f542f39b7fd92794e7e108ca5d5f5", "bids": [{"price": "0.01", "size": "116581.39"}, {"price": "0.02", "size": "2355.1"}, {"price": "0.03", "size": "250"}, {"price": "0.04", "size": "7.14"}, {"price": "0.05", "size": "1420"}, {"price": "0.07", "size": "485.71"}, {"price": "0.09", "size": "3308.45"}, {"price": "0.1", "size": "277"}, {"price": "0.11", "size": "1459.08"}, {"price": "0.12", "size": "233.33"}, {"price": "0.14", "size": "1185.71"}, {"price": "0.15", "size": "3123"}, {"price": "0.16", "size": "150"}, {"price": "0.17", "size": "3653"}, {"price": "0.18", "size": "261.11"}, {"price": "0.3", "size": "80"}, {"price": "0.31", "size": "60"}, {"price": "0.32", "size": "40"}, {"price": "0.33", "size": "20"}, {"price": "0.34", "size": "5"}, {"price": "0.37", "size": "263.17"}, {"price": "0.38", "size": "34.21"}, {"price": "0.39", "size": "80"}, {"price": "0.4", "size": "32.5"}, {"price": "0.41", "size": "16076.03"}, {"price": "0.42", "size": "805"}, {"price": "0.43", "size": "1394.92"}, {"price": "0.44", "size": "1081"}, {"price": "0.45", "size": "1828.92"}, {"price": "0.46", "size": "769.49"}], "asks": [{"price": "0.99", "size": "135315.28"}, {"price": "0.98", "size": "32000"}, {"price": "0.97", "size": "10000"}, {"price": "0.96", "size": "1256.1"}, {"price": "0.95", "size": "1270"}, {"price": "0.94", "size": "55"}, {"price": "0.92", "size": "425"}, {"price": "0.91", "size": "1300"}, {"price": "0.9", "size": "6.02"}, {"price": "0.89", "size": "290.9"}, {"price": "0.87", "size": "1555"}, {"price": "0.86", "size": "200"}, {"price": "0.84", "size": "57"}, {"price": "0.83", "size": "12872.94"}, {"price": "0.82", "size": "1875"}, {"price": "0.81", "size": "126.31"}, {"price": "0.8", "size": "142.85"}, {"price": "0.79", "size": "3812"}, {"price": "0.78", "size": "90.9"}, {"price": "0.77", "size": "6.32"}, {"price": "0.75", "size": "267.66"}, {"price": "0.7", "size": "140"}, {"price": "0.61", "size": "40"}, {"price": "0.58", "size": "5"}, {"price": "0.56", "size": "74.54"}, {"price": "0.55", "size": "2246.66"}, {"price": "0.54", "size": "15"}, {"price": "0.53", "size": "455.11"}, {"price": "0.52", "size": "45"}, {"price": "0.5", "size": "14306.15"}, {"price": "0.49", "size": "2454.08"}, {"price": "0.48", "size": "4791.03"}], "event_type": "book", "last_trade_price": "0.520"}, {"market": "0x0f3ae5d23882fb840762fd35de11fc31b0fbdc9e41e8666cdfae9d627f93f517", "asset_id": "32431890167345181985795456212069136470689842825539004695200064630822423107335", "timestamp": "1769384395112", "hash": "7ba3e37fd5c042e8fcfc4e743b3607a381fb4713", "bids": [{"price": "0.01", "size": "135315.28"}, {"price": "0.02", "size": "32000"}, {"price": "0.03", "size": "10000"}, {"price": "0.04", "size": "1256.1"}, {"price": "0.05", "size": "1270"}, {"price": "0.06", "size": "55"}, {"price": "0.08", "size": "425"}, {"price": "0.09", "size": "1300"}, {"price": "0.1", "size": "6.02"}, {"price": "0.11", "size": "290.9"}, {"price": "0.13", "size": "1555"}, {"price": "0.14", "size": "200"}, {"price": "0.16", "size": "57"}, {"price": "0.17", "size": "12872.94"}, {"price": "0.18", "size": "1875"}, {"price": "0.19", "size": "126.31"}, {"price": "0.2", "size": "142.85"}, {"price": "0.21", "size": "3812"}, {"price": "0.22", "size": "90.9"}, {"price": "0.23", "size": "6.32"}, {"price": "0.25", "size": "267.66"}, {"price": "0.3", "size": "140"}, {"price": "0.39", "size": "40"}, {"price": "0.42", "size": "5"}, {"price": "0.44", "size": "74.54"}, {"price": "0.45", "size": "2246.66"}, {"price": "0.46", "size": "15"}, {"price": "0.47", "size": "455.11"}, {"price": "0.48", "size": "45"}, {"price": "0.5", "size": "14306.15"}, {"price": "0.51", "size": "2454.08"}, {"price": "0.52", "size": "4791.03"}], "asks": [{"price": "0.99", "size": "116581.39"}, {"price": "0.98", "size": "2355.1"}, {"price": "0.97", "size": "250"}, {"price": "0.96", "size": "7.14"}, {"price": "0.95", "size": "1420"}, {"price": "0.93", "size": "485.71"}, {"price": "0.91", "size": "3308.45"}, {"price": "0.9", "size": "277"}, {"price": "0.89", "size": "1459.08"}, {"price": "0.88", "size": "233.33"}, {"price": "0.86", "size": "1185.71"}, {"price": "0.85", "size": "3123"}, {"price": "0.84", "size": "150"}, {"price": "0.83", "size": "3653"}, {"price": "0.82", "size": "261.11"}, {"price": "0.7", "size": "80"}, {"price": "0.69", "size": "60"}, {"price": "0.68", "size": "40"}, {"price": "0.67", "size": "20"}, {"price": "0.66", "size": "5"}, {"price": "0.63", "size": "263.17"}, {"price": "0.62", "size": "34.21"}, {"price": "0.61", "size": "80"}, {"price": "0.6", "size": "32.5"}, {"price": "0.59", "size": "16076.03"}, {"price": "0.58", "size": "805"}, {"price": "0.57", "size": "1394.92"}, {"price": "0.56", "size": "1081"}, {"price": "0.55", "size": "1828.92"}, {"price": "0.54", "size": "769.49"}], "event_type": "book", "last_trade_price": "0.520"}]}
{"_local_timestamp": "2026-01-25T23:40:40.484514+00:00", "data": {"market": "0x0f3ae5d23882fb840762fd35de11fc31b0fbdc9e41e8666cdfae9d627f93f517", "price_changes": [{"asset_id": "32431890167345181985795456212069136470689842825539004695200064630822423107335", "price": "0.13", "size": "1430", "side": "BUY", "hash": "f59825b45b490a8f66bb6570296738ac6f565911", "best_bid": "0.52", "best_ask": "0.54"}, {"asset_id": "94515481374808157569050494497609656759614074907275956934536589215029723063622", "price": "0.87", "size": "1430", "side": "SELL", "hash": "a5375d24665577bf4737caa05f511f229891b689", "best_bid": "0.46", "best_ask": "0.48"}], "timestamp": "1769384440269", "event_type": "price_change"}}
{"_local_timestamp": "2026-01-25T23:40:40.801612+00:00", "data": {"market": "0x0f3ae5d23882fb840762fd35de11fc31b0fbdc9e41e8666cdfae9d627f93f517", "price_changes": [{"asset_id": "32431890167345181985795456212069136470689842825539004695200064630822423107335", "price": "0.15", "size": "125", "side": "BUY", "hash": "56d586fbc5d7377c0a35076571a2fef7af372f40", "best_bid": "0.52", "best_ask": "0.54"}, {"asset_id": "94515481374808157569050494497609656759614074907275956934536589215029723063622", "price": "0.85", "size": "125", "side": "SELL", "hash": "6d21efab476eedd1fb8304956cc3a603bbf20c6a", "best_bid": "0.46", "best_ask": "0.48"}], "timestamp": "1769384440613", "event_type": "price_change"}}
{"_local_timestamp": "2026-01-25T23:41:14.688554+00:00", "data": {"market": "0x0f3ae5d23882fb840762fd35de11fc31b0fbdc9e41e8666cdfae9d627f93f517", "price_changes": [{"asset_id": "32431890167345181985795456212069136470689842825539004695200064630822423107335", "price": "0.17", "size": "10402.94", "side": "BUY", "hash": "11b228d7e0777860194107e8e0c7b0d2f5031792", "best_bid": "0.52", "best_ask": "0.54"}, {"asset_id": "94515481374808157569050494497609656759614074907275956934536589215029723063622", "price": "0.83", "size": "10402.94", "side": "SELL", "hash": "8b9ac13d83e506aa269ba3bfb368f378626ede55", "best_bid": "0.46", "best_ask": "0.48"}], "timestamp": "1769384474531", "event_type": "price_change"}}
{"_local_timestamp": "2026-01-25T23:41:52.177024+00:00", "data": {"market": "0x0f3ae5d23882fb840762fd35de11fc31b0fbdc9e41e8666cdfae9d627f93f517", "price_changes": [{"asset_id": "32431890167345181985795456212069136470689842825539004695200064630822423107335", "price": "0.15", "size": "2923", "side": "BUY", "hash": "a641b885e52ab4c13927f50d487f8f679d657e3c", "best_bid": "0.52", "best_ask": "0.54"}, {"asset_id": "94515481374808157569050494497609656759614074907275956934536589215029723063622", "price": "0.85", "size": "2923", "side": "SELL", "hash": "45336c408f5f807ec8e7b30ba3fc05a0fc165c8e", "best_bid": "0.46", "best_ask": "0.48"}], "timestamp": "1769384512097", "event_type": "price_change"}}
