{"_local_timestamp": "2026-01-25T23:33:33.355073+00:00", "data": [{"market": "0x502ce28ca011a3b56c2a8fa419ce23a0faabcaf1a9ea706b2bccf2f300f67967", "asset_id": "98657110267654922180833595866252506122301418506398451823946069229510470045042", "timestamp": "1769383956670", "hash": "a5b3916778cc0eb4a8a2c4b18a06afe79740781f", "bids": [{"price": "0.001", "size": "5000"}, {"price": "0.002", "size": "542.66"}, {"price": "0.003", "size": "178.34"}, {"price": "0.005", "size": "1426.45"}, {"price": "0.006", "size": "112.31"}, {"price": "0.007", "size": "11.82"}], "asks": [{"price": "0.999", "size": "7709.08"}, {"price": "0.998", "size": "1255.05"}, {"price": "0.997", "size": "1000"}, {"price": "0.996", "size": "21.62"}, {"price": "0.99", "size": "3000"}, {"price": "0.98", "size": "1400"}, {"price": "0.979", "size": "250"}, {"price": "0.978", "size": "13.61"}, {"price": "0.95", "size": "30"}, {"price": "0.949", "size": "39"}, {"price": "0.9", "size": "1110"}, {"price": "0.899", "size": "5.92"}, {"price": "0.85", "size": "776.66"}, {"price": "0.8", "size": "560"}, {"price": "0.78", "size": "2800"}, {"price": "0.75", "size": "112"}, {"price": "0.7", "size": "186.66"}, {"price": "0.65", "size": "68.57"}, {"price": "0.6", "size": "175"}, {"price": "0.39", "size": "535.5"}, {"price": "0.389", "size": "3110"}, {"price": "0.388", "size": "5"}, {"price": "0.24", "size": "555"}, {"price": "0.232", "size": "9.22"}, {"price": "0.17", "size": "555"}, {"price": "0.08", "size": "200"}, {"price": "0.07", "size": "300"}, {"price": "0.06", "size": "200"}, {"price": "0.05", "size": "200"}, {"price": "0.049", "size": "1300"}, {"price": "0.04", "size": "2000"}, {"price": "0.038", "size": "50"}, {"price": "0.036", "size": "50"}, {"price": "0.032", "size": "50"}, {"price": "0.031", "size": "50"}, {"price": "0.029", "size": "50"}, {"price": "0.021", "size": "500"}, {"price": "0.02", "size": "750"}, {"price": "0.019", "size": "46.48"}, {"price": "0.012", "size": "260.9"}, {"price": "0.011", "size": "900"}, {"price": "0.01", "size": "733.75"}], "event_type": "book", "last_trade_price": "0.993"}, {"market": "0x502ce28ca011a3b56c2a8fa419ce23a0faabcaf1a9ea706b2bccf2f300f67967", "asset_id": "46500108870003501372387001197750543557959260907304377904220987603955283597244", "timestamp": "1769383956670", "hash": "258156ec356cd3e09d97cb73e4c8d423d94b0e0b", "bids": [{"price": "0.001", "size": "7709.08"}, {"price": "0.002", "size": "1255.05"}, {"price": "0.003", "size": "1000"}, {"price": "0.004", "size": "21.62"}, {"price": "0.01", "size": "3000"}, {"price": "0.02", "size": "1400"}, {"price": "0.021", "size": "250"}, {"price": "0.022", "size": "13.61"}, {"price": "0.05", "size": "30"}, {"price": "0.051", "size": "39"}, {"price": "0.1", "size": "1110"}, {"price": "0.101", "size": "5.92"}, {"price": "0.15", "size": "776.66"}, {"price": "0.2", "size": "560"}, {"price": "0.22", "size": "2800"}, {"price": "0.25", "size": "112"}, {"price": "0.3", "size": "186.66"}, {"price": "0.35", "size": "68.57"}, {"price": "0.4", "size": "175"}, {"price": "0.61", "size": "535.5"}, {"price": "0.611", "size": "3110"}, {"price": "0.612", "size": "5"}, {"price": "0.76", "size": "555"}, {"price": "0.768", "size": "9.22"}, {"price": "0.83", "size": "555"}, {"price": "0.92", "size": "200"}, {"price": "0.93", "size": "300"}, {"price": "0.94", "size": "200"}, {"price": "0.95", "size": "200"}, {"price": "0.951", "size": "1300"}, {"price": "0.96", "size": "2000"}, {"price": "0.962", "size": "50"}, {"price": "0.964", "size": "50"}, {"price": "0.968", "size": "50"}, {"price": "0.969", "size": "50"}, {"price": "0.971", "size": "50"}, {"price": "0.979", "size": "500"}, {"price": "0.98", "size": "750"}, {"price": "0.981", "size": "46.48"}, {"price": "0.988", "size": "260.9"}, {"price": "0.989", "size": "900"}, {"price": "0.99", "size": "733.75"}], "asks": [{"price": "0.999", "size": "5000"}, {"price": "0.998", "size": "542.66"}, {"price": "0.997", "size": "178.34"}, {"price": "0.995", "size": "1426.45"}, {"price": "0.994", "size": "112.31"}, {"price": "0.993", "size": "11.82"}], "event_type": "book", "last_trade_price": "0.993"}]}
{"_local_timestamp": "2026-01-25T23:34:07.377066+00:00", "data": {"market": "0x502ce28ca011a3b56c2a8fa419ce23a0faabcaf1a9ea706b2bccf2f300f67967", "price_changes": [{"asset_id": "98657110267654922180833595866252506122301418506398451823946069229510470045042", "price": "0.002", "size": "505.94", "side": "BUY", "hash": "a896b300777e3918125a7f61da0bd7c84db6212e", "best_bid": "0.007", "best_ask": "0.01"}, {"asset_id": "46500108870003501372387001197750543557959260907304377904220987603955283597244", "price": "0.998", "size": "505.94", "side": "SELL", "hash": "a44c46a6d23695568dc4a9b6d858d73c8e6f3970", "best_bid": "0.99", "best_ask": "0.993"}], "timestamp": "1769384047307", "event_type": "price_change"}}
{"_local_timestamp": "2026-01-25T23:34:07.379015+00:00", "data": {"market": "0x502ce28ca011a3b56c2a8fa419ce23a0faabcaf1a9ea706b2bccf2f300f67967", "price_changes": [{"asset_id": "98657110267654922180833595866252506122301418506398451823946069229510470045042", "price": "0.003", "size": "123.27", "side": "BUY", "hash": "a896b300777e3918125a7f61da0bd7c84db6212e", "best_bid": "0.007", "best_ask": "0.01"}, {"asset_id": "46500108870003501372387001197750543557959260907304377904220987603955283597244", "price": "0.997", "size": "123.27", "side": "SELL", "hash": "a44c46a6d23695568dc4a9b6d858d73c8e6f3970", "best_bid": "0.99", "best_ask": "0.993"}], "timestamp": "1769384047307", "event_type": "price_change"}}
{"_local_timestamp": "2026-01-25T23:34:08.776341+00:00", "data": {"market": "0x502ce28ca011a3b56c2a8fa419ce23a0faabcaf1a9ea706b2bccf2f300f67967", "price_changes": [{"asset_id": "98657110267654922180833595866252506122301418506398451823946069229510470045042", "price": "0.004", "size": "41.92", "side": "BUY", "hash": "45f6d7f33589da4cafe618390db7a6c6e67f485f", "best_bid": "0.007", "best_ask": "0.01"}, {"asset_id": "46500108870003501372387001197750543557959260907304377904220987603955283597244", "price": "0.996", "size": "41.92", "side": "SELL", "hash": "7ad35e0f3f812f0cf85f1461ee6172b892ea0f66", "best_bid": "0.99", "best_ask": "0.993"}], "timestamp": "1769384048703", "event_type": "price_change"}}
{"_local_timestamp": "2026-01-25T23:34:08.776862+00:00", "data": {"market": "0x502ce28ca011a3b56c2a8fa419ce23a0faabcaf1a9ea706b2bccf2f300f67967", "price_changes": [{"asset_id": "98657110267654922180833595866252506122301418506398451823946069229510470045042", "price": "0.002", "size": "541.43", "side": "BUY", "hash": "525ec1c3d23bfcb5c00b336c8080c28d865e60dd", "best_bid": "0.007", "best_ask": "0.01"}, {"asset_id": "46500108870003501372387001197750543557959260907304377904220987603955283597244", "price": "0.998", "size": "541.43", "side": "SELL", "hash": "11b4bc88a288333479e3c3050fe79649641b8ac0", "best_bid": "0.99", "best_ask": "0.993"}], "timestamp": "1769384048704", "event_type": "price_change"}}
{"_local_timestamp": "2026-01-25T23:34:08.805118+00:00", "data": {"market": "0x502ce28ca011a3b56c2a8fa419ce23a0faabcaf1a9ea706b2bccf2f300f67967", "price_changes": [{"asset_id": "98657110267654922180833595866252506122301418506398451823946069229510470045042", "price": "0.003", "size": "25.27", "side": "BUY", "hash": "c084465923957b11814901832d1d2504d131ae73", "best_bid": "0.007", "best_ask": "0.01"}, {"asset_id": "46500108870003501372387001197750543557959260907304377904220987603955283597244", "price": "0.997", "size": "25.27", "side": "SELL", "hash": "7dff37755e3a28d2f6687e2bd0670c6a0fd050dd", "best_bid": "0.99", "best_ask": "0.993"}], "timestamp": "1769384048735", "event_type": "price_change"}}
{"_local_timestamp": "2026-01-25T23:34:09.010226+00:00", "data": {"market": "0x502ce28ca011a3b56c2a8fa419ce23a0faabcaf1a9ea706b2bccf2f300f67967", "price_changes": [{"asset_id": "98657110267654922180833595866252506122301418506398451823946069229510470045042", "price": "0.002", "size": "505.94", "side": "BUY", "hash": "0ea92d892c483fd4a0e6ba19daa6fd4f891bf461", "best_bid": "0.007", "best_ask": "0.01"}, {"asset_id": "46500108870003501372387001197750543557959260907304377904220987603955283597244", "price": "0.998", "size": "505.94", "side": "SELL", "hash": "2aae797dbec51ceb93c7017341278a26315e5f5e", "best_bid": "0.99", "best_ask": "0.993"}], "timestamp": "1769384048937", "event_type": "price_change"}}
{"_local_timestamp": "2026-01-25T23:34:09.010943+00:00", "data": {"market": "0x502ce28ca011a3b56c2a8fa419ce23a0faabcaf1a9ea706b2bccf2f300f67967", "price_changes": [{"asset_id": "98657110267654922180833595866252506122301418506398451823946069229510470045042", "price": "0.004", "size": "0", "side": "BUY", "hash": "0ea92d892c483fd4a0e6ba19daa6fd4f891bf461", "best_bid": "0.007", "best_ask": "0.01"}, {"asset_id": "46500108870003501372387001197750543557959260907304377904220987603955283597244", "price": "0.996", "size": "0", "side": "SELL", "hash": "2aae797dbec51ceb93c7017341278a26315e5f5e", "best_bid": "0.99", "best_ask": "0.993"}], "timestamp": "1769384048937", "event_type": "price_change"}}
{"_local_timestamp": "2026-01-25T23:34:09.037371+00:00", "data": {"market": "0x502ce28ca011a3b56c2a8fa419ce23a0faabcaf1a9ea706b2bccf2f300f67967", "price_changes": [{"asset_id": "98657110267654922180833595866252506122301418506398451823946069229510470045042", "price": "0.003", "size": "91.27", "side": "BUY", "hash": "97bd4bdef62197a604ce1cdf14793388633e1bf5", "best_bid": "0.007", "best_ask": "0.01"}, {"asset_id": "46500108870003501372387001197750543557959260907304377904220987603955283597244", "price": "0.997", "size": "91.27", "side": "SELL", "hash": "f3f22c33af24b96142d1b3a3e399032e839d357e", "best_bid": "0.99", "best_ask": "0.993"}], "timestamp": "1769384048964", "event_type": "price_change"}}
{"_local_timestamp": "2026-01-25T23:34:10.771049+00:00", "data": {"market": "0x502ce28ca011a3b56c2a8fa419ce23a0faabcaf1a9ea706b2bccf2f300f67967", "price_changes": [{"asset_id": "98657110267654922180833595866252506122301418506398451823946069229510470045042", "price": "0.002", "size": "541.43", "side": "BUY", "hash": "34e044ee76572dcbf501a7c0435578dadb9d258d", "best_bid": "0.007", "best_ask": "0.01"}, {"asset_id": "46500108870003501372387001197750543557959260907304377904220987603955283597244", "price": "0.998", "size": "541.43", "side": "SELL", "hash": "a11d9816a6b8d5ddbb54adc25cc511a3159b6ec2", "best_bid": "0.99", "best_ask": "0.993"}], "timestamp": "1769384050692", "event_type": "price_change"}}
{"_local_timestamp": "2026-01-25T23:34:10.771428+00:00", "data": {"market": "0x502ce28ca011a3b56c2a8fa419ce23a0faabcaf1a9ea706b2bccf2f300f67967", "price_changes": [{"asset_id": "98657110267654922180833595866252506122301418506398451823946069229510470045042", "price": "0.004", "size": "41.92", "side": "BUY", "hash": "0d4991f6e5d45f9242f52d9d0da3fe5930e2cf19", "best_bid": "0.007", "best_ask": "0.01"}, {"asset_id": "46500108870003501372387001197750543557959260907304377904220987603955283597244", "price": "0.996", "size": "41.92", "side": "SELL", "hash": "2a5a50e2656b117f3f053d08fb0ecf21962cb920", "best_bid": "0.99", "best_ask": "0.993"}], "timestamp": "1769384050694", "event_type": "price_change"}}
{"_local_timestamp": "2026-01-25T23:34:10.784839+00:00", "data": {"market": "0x502ce28ca011a3b56c2a8fa419ce23a0faabcaf1a9ea706b2bccf2f300f67967", "price_changes": [{"asset_id": "98657110267654922180833595866252506122301418506398451823946069229510470045042", "price": "0.003", "size": "25.27", "side": "BUY", "hash": "676c59c62574f08d993a30c748c92b2e01b8f2be", "best_bid": "0.007", "best_ask": "0.01"}, {"asset_id": "46500108870003501372387001197750543557959260907304377904220987603955283597244", "price": "0.997", "size": "25.27", "side": "SELL", "hash": "3bf6315f7dc5d18568e5d66eb005be6cbdd890b8", "best_bid": "0.99", "best_ask": "0.993"}], "timestamp": "1769384050720", "event_type": "price_change"}}
