{"_local_timestamp": "2026-01-25T23:34:25.001804+00:00", "data": [{"market": "0x804e4b8b3230cf1aeff3fa248d08d5aefb998aeb941313a449be556dd44dd461", "asset_id": "73576339743503562334950021195057596720147228441323785215128078282186003899630", "timestamp": "1769383978004", "hash": "33db83f4f123a235bbac5effa441df15d597b970", "bids": [{"price": "0.01", "size": "355.06"}, {"price": "0.02", "size": "5.57"}, {"price": "0.05", "size": "119"}, {"price": "0.06", "size": "19.43"}], "asks": [{"price": "0.99", "size": "170.25"}, {"price": "0.98", "size": "280.29"}, {"price": "0.97", "size": "442.62"}, {"price": "0.96", "size": "231"}, {"price": "0.95", "size": "8.26"}, {"price": "0.93", "size": "5.47"}], "event_type": "book", "last_trade_price": ""}, {"market": "0xd2384bbc795440b6d832f98f76e8c32a334c4ffe44afede1ae67772b479ae469", "asset_id": "6625627380552421975843339227747247098901058116331651331342873084660544337768", "timestamp": "1769383955551", "hash": "dadf3310d5177cb78ad744b0a2cc4de1f2e8b2f1", "bids": [{"price": "0.01", "size": "714.79"}, {"price": "0.02", "size": "13.72"}, {"price": "0.03", "size": "16"}, {"price": "0.04", "size": "56.21"}, {"price": "0.05", "size": "100"}, {"price": "0.06", "size": "5.48"}, {"price": "0.07", "size": "5.47"}], "asks": [{"price": "0.99", "size": "505.55"}, {"price": "0.98", "size": "7.03"}, {"price": "0.96", "size": "49"}, {"price": "0.95", "size": "124"}, {"price": "0.94", "size": "91.66"}, {"price": "0.93", "size": "16.95"}, {"price": "0.53", "size": "50"}], "event_type": "book", "last_trade_price": ""}, {"market": "0x12f438cbca996cf56cb7acb717a96751e94b9729ee32ee9e6bcd4acacd9a6d19", "asset_id": "11508566472465586050959256465800623155168536364889723570927050853516108078980", "timestamp": "1769381899993", "hash": "81b10b16edaf63b0066c50b7733746345c522b3d", "bids": [{"price": "0.01", "size": "159.73"}, {"price": "0.02", "size": "700"}, {"price": "0.03", "size": "5.65"}, {"price": "0.06", "size": "125"}, {"price": "0.07", "size": "10.47"}, {"price": "0.13", "size": "200"}, {"price": "0.14", "size": "78.57"}, {"price": "0.32", "size": "100"}], "asks": [{"price": "0.99", "size": "959.94"}, {"price": "0.98", "size": "700"}, {"price": "0.97", "size": "8.16"}, {"price": "0.95", "size": "500"}, {"price": "0.92", "size": "300"}, {"price": "0.91", "size": "7.28"}, {"price": "0.83", "size": "76.47"}, {"price": "0.82", "size": "99.11"}, {"price": "0.42", "size": "100"}], "event_type": "book", "last_trade_price": ""}, {"market": "0x7c0c3c5c4608e505dc1666c9a9dc1a283973afaf0bc24b22ff54eb78197cde24", "asset_id": "72354322538276198260202749051044573360984661499528087943182891344067374131993", "timestamp": "1769383955551", "hash": "ed635402093eadf6ff45666afc74236ad1f7b71d", "bids": [{"price": "0.01", "size": "160.62"}, {"price": "0.02", "size": "700"}, {"price": "0.03", "size": "8.83"}, {"price": "0.07", "size": "500"}, {"price": "0.08", "size": "300"}, {"price": "0.09", "size": "6.98"}, {"price": "0.17", "size": "76.47"}, {"price": "0.18", "size": "99.11"}, {"price": "0.53", "size": "100"}], "asks": [{"price": "0.99", "size": "160.55"}, {"price": "0.98", "size": "700"}, {"price": "0.97", "size": "9.25"}, {"price": "0.93", "size": "500"}, {"price": "0.92", "size": "7.71"}, {"price": "0.89", "size": "400"}, {"price": "0.83", "size": "76.47"}, {"price": "0.82", "size": "61.11"}, {"price": "0.63", "size": "100"}], "event_type": "book", "last_trade_price": ""}, {"market": "0x24a9adc9b81efec5cf51eda403a2bb46233c523b6183de47613f0735f6bacc40", "asset_id": "13274037992230199631858095478762842839712821915049736339725905199061486261818", "timestamp": "1769382484887", "hash": "00896106dfd3263088267090378a5cc9683eedc2", "bids": [{"price": "0.01", "size": "572.05"}, {"price": "0.02", "size": "135.48"}, {"price": "0.03", "size": "18.99"}, {"price": "0.04", "size": "5.47"}], "asks": [{"price": "0.99", "size": "385.01"}, {"price": "0.98", "size": "32.49"}], "event_type": "book", "last_trade_price": ""}, {"market": "0x12f438cbca996cf56cb7acb717a96751e94b9729ee32ee9e6bcd4acacd9a6d19", "asset_id": "16045760964381157086078978553190053169396460544544246471148121146283355460367", "timestamp": "1769381899993", "hash": "d59609cac482090b5c5dcd8db43d282f6fc4f3ac", "bids": [{"price": "0.01", "size": "959.94"}, {"price": "0.02", "size": "700"}, {"price": "0.03", "size": "8.16"}, {"price": "0.05", "size": "500"}, {"price": "0.08", "size": "300"}, {"price": "0.09", "size": "7.28"}, {"price": "0.17", "size": "76.47"}, {"price": "0.18", "size": "99.11"}, {"price": "0.58", "size": "100"}], "asks": [{"price": "0.99", "size": "159.73"}, {"price": "0.98", "size": "700"}, {"price": "0.97", "size": "5.65"}, {"price": "0.94", "size": "125"}, {"price": "0.93", "size": "10.47"}, {"price": "0.87", "size": "200"}, {"price": "0.86", "size": "78.57"}, {"price": "0.68", "size": "100"}], "event_type": "book", "last_trade_price": ""}, {"market": "0xd2384bbc795440b6d832f98f76e8c32a334c4ffe44afede1ae67772b479ae469", "asset_id": "41228842209926127209821923591085569152292940837441450266388297645479447944357", "timestamp": "1769383955551", "hash": "b032e8f3bf26226faf3c8adc0e8b230fc086f9b2", "bids": [{"price": "0.01", "size": "505.55"}, {"price": "0.02", "size": "7.03"}, {"price": "0.04", "size": "49"}, {"price": "0.05", "size": "124"}, {"price": "0.06", "size": "91.66"}, {"price": "0.07", "size": "16.95"}, {"price": "0.47", "size": "50"}], "asks": [{"price": "0.99", "size": "714.79"}, {"price": "0.98", "size": "13.72"}, {"price": "0.97", "size": "16"}, {"price": "0.96", "size": "56.21"}, {"price": "0.95", "size": "100"}, {"price": "0.94", "size": "5.48"}, {"price": "0.93", "size": "5.47"}], "event_type": "book", "last_trade_price": ""}, {"market": "0x804e4b8b3230cf1aeff3fa248d08d5aefb998aeb941313a449be556dd44dd461", "asset_id": "79595425609285573760871402895967747863121187502757377870537544211409944272214", "timestamp": "1769383978004", "hash": "8148050ec1bfff88cdf5471364b3ef8a71aea603", "bids": [{"price": "0.01", "size": "170.25"}, {"price": "0.02", "size": "280.29"}, {"price": "0.03", "size": "442.62"}, {"price": "0.04", "size": "231"}, {"price": "0.05", "size": "8.26"}, {"price": "0.07", "size": "5.47"}], "asks": [{"price": "0.99", "size": "355.06"}, {"price": "0.98", "size": "5.57"}, {"price": "0.95", "size": "119"}, {"price": "0.94", "size": "19.43"}], "event_type": "book", "last_trade_price": ""}, {"market": "0x7c0c3c5c4608e505dc1666c9a9dc1a283973afaf0bc24b22ff54eb78197cde24", "asset_id": "73261201771032573328439140728037651270599714793868372227868783640289322953439", "timestamp": "1769383955551", "hash": "6feab07ee9b365b114122edee104734ee42cf57f", "bids": [{"price": "0.01", "size": "160.55"}, {"price": "0.02", "size": "700"}, {"price": "0.03", "size": "9.25"}, {"price": "0.07", "size": "500"}, {"price": "0.08", "size": "7.71"}, {"price": "0.11", "size": "400"}, {"price": "0.17", "size": "76.47"}, {"price": "0.18", "size": "61.11"}, {"price": "0.37", "size": "100"}], "asks": [{"price": "0.99", "size": "160.62"}, {"price": "0.98", "size": "700"}, {"price": "0.97", "size": "8.83"}, {"price": "0.93", "size": "500"}, {"price": "0.92", "size": "300"}, {"price": "0.91", "size": "6.98"}, {"price": "0.83", "size": "76.47"}, {"price": "0.82", "size": "99.11"}, {"price": "0.47", "size": "100"}], "event_type": "book", "last_trade_price": ""}, {"market": "0x24a9adc9b81efec5cf51eda403a2bb46233c523b6183de47613f0735f6bacc40", "asset_id": "5067635651356945891367771428682998597114270316181903909976105815891926409195", "timestamp": "1769382484887", "hash": "08ee299e1930105372630b0745798492f4d27008", "bids": [{"price": "0.01", "size": "385.01"}, {"price": "0.02", "size": "32.49"}], "asks": [{"price": "0.99", "size": "572.05"}, {"price": "0.98", "size": "135.48"}, {"price": "0.97", "size": "18.99"}, {"price": "0.96", "size": "5.47"}], "event_type": "book", "last_trade_price": ""}]}
{"_local_timestamp": "2026-01-25T23:34:33.248499+00:00", "data": {"market": "0xd2384bbc795440b6d832f98f76e8c32a334c4ffe44afede1ae67772b479ae469", "price_changes": [{"asset_id": "41228842209926127209821923591085569152292940837441450266388297645479447944357", "price": "0.47", "size": "0", "side": "BUY", "hash": "0a12c814097817a47d73569bd06a08ea265b6df3", "best_bid": "0.07", "best_ask": "0.93"}, {"asset_id": "6625627380552421975843339227747247098901058116331651331342873084660544337768", "price": "0.53", "size": "0", "side": "SELL", "hash": "364b0a08d99b7a88c4a89c0e7c2ef3873785b7c1", "best_bid": "0.07", "best_ask": "0.93"}], "timestamp": "1769384073004", "event_type": "price_change"}}
