{"_local_timestamp": "2026-01-25T23:40:30.257768+00:00", "data": [{"market": "0x14501df0ca5ec395792b0614b18133b72e702a9a2615dd0a4b3f0c6e097de081", "asset_id": "36584990740430575779853916178487409250519468755041580140068769472851047579138", "timestamp": "1769384426829", "hash": "692e753629bba0b9561fa81f8ec8bad327a87a13", "bids": [{"price": "0.01", "size": "7720.81"}, {"price": "0.02", "size": "3000"}, {"price": "0.03", "size": "383.33"}, {"price": "0.04", "size": "6.48"}, {"price": "0.05", "size": "30"}, {"price": "0.06", "size": "99.66"}, {"price": "0.09", "size": "1400"}, {"price": "0.1", "size": "40"}, {"price": "0.11", "size": "5.44"}, {"price": "0.14", "size": "270.62"}, {"price": "0.15", "size": "650"}, {"price": "0.16", "size": "25"}, {"price": "0.18", "size": "177.77"}, {"price": "0.2", "size": "400"}, {"price": "0.21", "size": "19.04"}, {"price": "0.23", "size": "965.73"}, {"price": "0.24", "size": "166.66"}, {"price": "0.26", "size": "1614"}, {"price": "0.28", "size": "192.85"}, {"price": "0.29", "size": "27.77"}, {"price": "0.32", "size": "75"}, {"price": "0.34", "size": "50"}, {"price": "0.35", "size": "11.42"}, {"price": "0.37", "size": "54.05"}, {"price": "0.38", "size": "10.52"}, {"price": "0.41", "size": "1462"}, {"price": "0.5", "size": "660"}, {"price": "0.64", "size": "5.26"}, {"price": "0.65", "size": "6.15"}, {"price": "0.7", "size": "500"}, {"price": "0.73", "size": "8.94"}, {"price": "0.75", "size": "400"}, {"price": "0.78", "size": "29"}, {"price": "0.79", "size": "54"}, {"price": "0.8", "size": "56.47"}, {"price": "0.82", "size": "554"}, {"price": "0.85", "size": "68.1"}, {"price": "0.87", "size": "400"}, {"price": "0.88", "size": "2454"}, {"price": "0.89", "size": "460"}, {"price": "0.9", "size": "103271.24"}, {"price": "0.91", "size": "3735.59"}], "asks": [{"price": "0.99", "size": "310080.7"}, {"price": "0.98", "size": "25544.97"}, {"price": "0.97", "size": "12180.31"}, {"price": "0.96", "size": "155"}, {"price": "0.95", "size": "4707.4"}, {"price": "0.94", "size": "4730"}, {"price": "0.93", "size": "2807.62"}, {"price": "0.92", "size": "1427.51"}], "event_type": "book", "last_trade_price": "0.090"}, {"market": "0x14501df0ca5ec395792b0614b18133b72e702a9a2615dd0a4b3f0c6e097de081", "asset_id": "60482166031720291380868655057144166386114272673178755337360544583400474201659", "timestamp": "1769384426829", "hash": "ea7e8eb8ae38a20631d657a934c2bb329ca106f4", "bids": [{"price": "0.01", "size": "310080.7"}, {"price": "0.02", "size": "25544.97"}, {"price": "0.03", "size": "12180.31"}, {"price": "0.04", "size": "155"}, {"price": "0.05", "size": "4707.4"}, {"price": "0.06", "size": "4730"}, {"price": "0.07", "size": "2807.62"}, {"price": "0.08", "size": "1427.51"}], "asks": [{"price": "0.99", "size": "7720.81"}, {"price": "0.98", "size": "3000"}, {"price": "0.97", "size": "383.33"}, {"price": "0.96", "size": "6.48"}, {"price": "0.95", "size": "30"}, {"price": "0.94", "size": "99.66"}, {"price": "0.91", "size": "1400"}, {"price": "0.9", "size": "40"}, {"price": "0.89", "size": "5.44"}, {"price": "0.86", "size": "270.62"}, {"price": "0.85", "size": "650"}, {"price": "0.84", "size": "25"}, {"price": "0.82", "size": "177.77"}, {"price": "0.8", "size": "400"}, {"price": "0.79", "size": "19.04"}, {"price": "0.77", "size": "965.73"}, {"price": "0.76", "size": "166.66"}, {"price": "0.74", "size": "1614"}, {"price": "0.72", "size": "192.85"}, {"price": "0.71", "size": "27.77"}, {"price": "0.68", "size": "75"}, {"price": "0.66", "size": "50"}, {"price": "0.65", "size": "11.42"}, {"price": "0.63", "size": "54.05"}, {"price": "0.62", "size": "10.52"}, {"price": "0.59", "size": "1462"}, {"price": "0.5", "size": "660"}, {"price": "0.36", "size": "5.26"}, {"price": "0.35", "size": "6.15"}, {"price": "0.3", "size": "500"}, {"price": "0.27", "size": "8.94"}, {"price": "0.25", "size": "400"}, {"price": "0.22", "size": "29"}, {"price": "0.21", "size": "54"}, {"price": "0.2", "size": "56.47"}, {"price": "0.18", "size": "554"}, {"price": "0.15", "size": "68.1"}, {"price": "0.13", "size": "400"}, {"price": "0.12", "size": "2454"}, {"price": "0.11", "size": "460"}, {"price": "0.1", "size": "103271.24"}, {"price": "0.09", "size": "3735.59"}], "event_type": "book", "last_trade_price": "0.090"}]}
{"_local_timestamp": "2026-01-25T23:40:40.467683+00:00", "data": {"market": "0x14501df0ca5ec395792b0614b18133b72e702a9a2615dd0a4b3f0c6e097de081", "price_changes": [{"asset_id": "36584990740430575779853916178487409250519468755041580140068769472851047579138", "price": "0.24", "size": "116.66", "side": "BUY", "hash": "cfda64295654f5b1f540080c6bfde337617fecaf", "best_bid": "0.91", "best_ask": "0.92"}, {"asset_id": "60482166031720291380868655057144166386114272673178755337360544583400474201659", "price": "0.76", "size": "116.66", "side": "SELL", "hash": "e88efff0bd3e6ac9a7047cd7dd011575638e396c", "best_bid": "0.08", "best_ask": "0.09"}], "timestamp": "1769384440262", "event_type": "price_change"}}
{"_local_timestamp": "2026-01-25T23:40:40.748335+00:00", "data": {"market": "0x14501df0ca5ec395792b0614b18133b72e702a9a2615dd0a4b3f0c6e097de081", "price_changes": [{"asset_id": "36584990740430575779853916178487409250519468755041580140068769472851047579138", "price": "0.29", "size": "77.77", "side": "BUY", "hash": "634e675d067832add4abda7831d27e20ef557ac7", "best_bid": "0.91", "best_ask": "0.92"}, {"asset_id": "60482166031720291380868655057144166386114272673178755337360544583400474201659", "price": "0.71", "size": "77.77", "side": "SELL", "hash": "34fba55f564410a8e7d87926256e921242524ddb", "best_bid": "0.08", "best_ask": "0.09"}], "timestamp": "1769384440578", "event_type": "price_change"}}
{"_local_timestamp": "2026-01-25T23:41:09.613521+00:00", "data": {"market": "0x14501df0ca5ec395792b0614b18133b72e702a9a2615dd0a4b3f0c6e097de081", "price_changes": [{"asset_id": "36584990740430575779853916178487409250519468755041580140068769472851047579138", "price": "0.28", "size": "142.85", "side": "BUY", "hash": "834b662439b9dd605f179cc12c1e200d00238b8c", "best_bid": "0.91", "best_ask": "0.92"}, {"asset_id": "60482166031720291380868655057144166386114272673178755337360544583400474201659", "price": "0.72", "size": "142.85", "side": "SELL", "hash": "856b31ee13a0abc38a088fe74cddc0c7c5bb05a8", "best_bid": "0.08", "best_ask": "0.09"}], "timestamp": "1769384469533", "event_type": "price_change"}}
{"_local_timestamp": "2026-01-25T23:41:09.911354+00:00", "data": {"market": "0x14501df0ca5ec395792b0614b18133b72e702a9a2615dd0a4b3f0c6e097de081", "price_changes": [{"asset_id": "36584990740430575779853916178487409250519468755041580140068769472851047579138", "price": "0.26", "size": "1664", "side": "BUY", "hash": "46af855226cb3c14457f4e44a0e40dfb97e31b8f", "best_bid": "0.91", "best_ask": "0.92"}, {"asset_id": "60482166031720291380868655057144166386114272673178755337360544583400474201659", "price": "0.74", "size": "1664", "side": "SELL", "hash": "668d55229db0dfde7897c8c5706a630043a185b5", "best_bid": "0.08", "best_ask": "0.09"}], "timestamp": "1769384469804", "event_type": "price_change"}}
{"_local_timestamp": "2026-01-25T23:41:14.633804+00:00", "data": {"market": "0x14501df0ca5ec395792b0614b18133b72e702a9a2615dd0a4b3f0c6e097de081", "price_changes": [{"asset_id": "36584990740430575779853916178487409250519468755041580140068769472851047579138", "price": "0.26", "size": "50", "side": "BUY", "hash": "5a6ce4b4d3cac4f818170ca0e6048e551954f143", "best_bid": "0.91", "best_ask": "0.92"}, {"asset_id": "60482166031720291380868655057144166386114272673178755337360544583400474201659", "price": "0.74", "size": "50", "side": "SELL", "hash": "69ffb19424929695e4df66eaf8fb42ce69cce55f", "best_bid": "0.08", "best_ask": "0.09"}], "timestamp": "1769384474531", "event_type": "price_change"}}
{"_local_timestamp": "2026-01-25T23:41:49.456613+00:00", "data": {"market": "0x14501df0ca5ec395792b0614b18133b72e702a9a2615dd0a4b3f0c6e097de081", "price_changes": [{"asset_id": "36584990740430575779853916178487409250519468755041580140068769472851047579138", "price": "0.26", "size": "0", "side": "BUY", "hash": "1816910feeb50f9bdba96fb09257cb71e5232b8b", "best_bid": "0.91", "best_ask": "0.92"}, {"asset_id": "60482166031720291380868655057144166386114272673178755337360544583400474201659", "price": "0.74", "size": "0", "side": "SELL", "hash": "fa20b994ca8f99c2f5a5ba6fb8bdc2b6df0095be", "best_bid": "0.08", "best_ask": "0.09"}], "timestamp": "1769384509381", "event_type": "price_change"}}
{"_local_timestamp": "2026-01-25T23:41:49.774318+00:00", "data": {"market": "0x14501df0ca5ec395792b0614b18133b72e702a9a2615dd0a4b3f0c6e097de081", "price_changes": [{"asset_id": "36584990740430575779853916178487409250519468755041580140068769472851047579138", "price": "0.28", "size": "192.85", "side": "BUY", "hash": "0f1480895be23ff0052cf606c756f1998418cec3", "best_bid": "0.91", "best_ask": "0.92"}, {"asset_id": "60482166031720291380868655057144166386114272673178755337360544583400474201659", "price": "0.72", "size": "192.85", "side": "SELL", "hash": "6be86dca21a21844a8988139881d0404afe7d551", "best_bid": "0.08", "best_ask": "0.09"}], "timestamp": "1769384509662", "event_type": "price_change"}}
{"_local_timestamp": "2026-01-25T23:41:50.967507+00:00", "data": {"market": "0x14501df0ca5ec395792b0614b18133b72e702a9a2615dd0a4b3f0c6e097de081", "price_changes": [{"asset_id": "36584990740430575779853916178487409250519468755041580140068769472851047579138", "price": "0.24", "size": "16.66", "side": "BUY", "hash": "961a634c6526adbe445e91b8ebeb90bd26929929", "best_bid": "0.91", "best_ask": "0.92"}, {"asset_id": "60482166031720291380868655057144166386114272673178755337360544583400474201659", "price": "0.76", "size": "16.66", "side": "SELL", "hash": "492456bd8024a664478aa55a42b9046609b8ab21", "best_bid": "0.08", "best_ask": "0.09"}], "timestamp": "1769384510782", "event_type": "price_change"}}
{"_local_timestamp": "2026-01-25T23:41:52.847033+00:00", "data": {"market": "0x14501df0ca5ec395792b0614b18133b72e702a9a2615dd0a4b3f0c6e097de081", "price_changes": [{"asset_id": "36584990740430575779853916178487409250519468755041580140068769472851047579138", "price": "0.23", "size": "1065.73", "side": "BUY", "hash": "5765c13352d85e8f244fc847ddb7b3a6576b88e9", "best_bid": "0.91", "best_ask": "0.92"}, {"asset_id": "60482166031720291380868655057144166386114272673178755337360544583400474201659", "price": "0.77", "size": "1065.73", "side": "SELL", "hash": "ef11f11efdda8d687af6cc6bb8c65d56beb16a62", "best_bid": "0.08", "best_ask": "0.09"}], "timestamp": "1769384511812", "event_type": "price_change"}}
{"_local_timestamp": "2026-01-25T23:41:54.371048+00:00", "data": {"market": "0x14501df0ca5ec395792b0614b18133b72e702a9a2615dd0a4b3f0c6e097de081", "price_changes": [{"asset_id": "36584990740430575779853916178487409250519468755041580140068769472851047579138", "price": "0.29", "size": "1525.77", "side": "BUY", "hash": "03cb04d7e50292b89d7f7744597dc45487d98b37", "best_bid": "0.91", "best_ask": "0.92"}, {"asset_id": "60482166031720291380868655057144166386114272673178755337360544583400474201659", "price": "0.71", "size": "1525.77", "side": "SELL", "hash": "a3d984b7830588adc3d2b87a93a5401f785aab7a", "best_bid": "0.08", "best_ask": "0.09"}], "timestamp": "1769384514302", "event_type": "price_change"}}
{"_local_timestamp": "2026-01-25T23:41:58.629437+00:00", "data": {"market": "0x14501df0ca5ec395792b0614b18133b72e702a9a2615dd0a4b3f0c6e097de081", "price_changes": [{"asset_id": "60482166031720291380868655057144166386114272673178755337360544583400474201659", "price": "0.04", "size": "6805", "side": "BUY", "hash": "8702a0f693117ce4d0e42e27524061aa860e8068", "best_bid": "0.08", "best_ask": "0.09"}, {"asset_id": "36584990740430575779853916178487409250519468755041580140068769472851047579138", "price": "0.96", "size": "6805", "side": "SELL", "hash": "04c4d2c03985d01fdc22a45b932cae7eb0d87105", "best_bid": "0.91", "best_ask": "0.92"}], "timestamp": "1769384518553", "event_type": "price_change"}}
{"_local_timestamp": "2026-01-25T23:42:24.683135+00:00", "data": {"market": "0x14501df0ca5ec395792b0614b18133b72e702a9a2615dd0a4b3f0c6e097de081", "price_changes": [{"asset_id": "36584990740430575779853916178487409250519468755041580140068769472851047579138", "price": "0.29", "size": "1475.77", "side": "BUY", "hash": "e10c550c0b1efa2f1227cfb2af4a77b2ad1ab5ee", "best_bid": "0.91", "best_ask": "0.92"}, {"asset_id": "60482166031720291380868655057144166386114272673178755337360544583400474201659", "price": "0.71", "size": "1475.77", "side": "SELL", "hash": "f7c668f0ed6a562694d55d396b77b5f59bef36f3", "best_bid": "0.08", "best_ask": "0.09"}], "timestamp": "1769384544481", "event_type": "price_change"}}
{"_local_timestamp": "2026-01-25T23:42:25.062253+00:00", "data": {"market": "0x14501df0ca5ec395792b0614b18133b72e702a9a2615dd0a4b3f0c6e097de081", "price_changes": [{"asset_id": "36584990740430575779853916178487409250519468755041580140068769472851047579138", "price": "0.28", "size": "142.85", "side": "BUY", "hash": "3318e90bc203ddf5fc837f5e0cb1427ec414846b", "best_bid": "0.91", "best_ask": "0.92"}, {"asset_id": "60482166031720291380868655057144166386114272673178755337360544583400474201659", "price": "0.72", "size": "142.85", "side": "SELL", "hash": "d98bd2ae44bbdc4b5cbcc52e04967d3d0d0068ef", "best_bid": "0.08", "best_ask": "0.09"}], "timestamp": "1769384544897", "event_type": "price_change"}}
{"_local_timestamp": "2026-01-25T23:42:25.227505+00:00", "data": {"market": "0x14501df0ca5ec395792b0614b18133b72e702a9a2615dd0a4b3f0c6e097de081", "price_changes": [{"asset_id": "36584990740430575779853916178487409250519468755041580140068769472851047579138", "price": "0.26", "size": "50", "side": "BUY", "hash": "98da6c31d38b00f1a83083f456dcf0983d8a9f8e", "best_bid": "0.91", "best_ask": "0.92"}, {"asset_id": "60482166031720291380868655057144166386114272673178755337360544583400474201659", "price": "0.74", "size": "50", "side": "SELL", "hash": "6547e93310b30dfd7ff01bb9fa8e1ceb4f6b5a41", "best_bid": "0.08", "best_ask": "0.09"}], "timestamp": "1769384545077", "event_type": "price_change"}}
{"_local_timestamp": "2026-01-25T23:42:25.351941+00:00", "data": {"market": "0x14501df0ca5ec395792b0614b18133b72e702a9a2615dd0a4b3f0c6e097de081", "price_changes": [{"asset_id": "36584990740430575779853916178487409250519468755041580140068769472851047579138", "price": "0.29", "size": "1525.77", "side": "BUY", "hash": "7d1ec903fa45615ee4cb31ce557c5e6d5cb5d2c3", "best_bid": "0.91", "best_ask": "0.92"}, {"asset_id": "60482166031720291380868655057144166386114272673178755337360544583400474201659", "price": "0.71", "size": "1525.77", "side": "SELL", "hash": "4ab1994a3440aeaa913924843907eb017f059882", "best_bid": "0.08", "best_ask": "0.09"}], "timestamp": "1769384545153", "event_type": "price_change"}}
{"_local_timestamp": "2026-01-25T23:42:45.483535+00:00", "data": {"market": "0x14501df0ca5ec395792b0614b18133b72e702a9a2615dd0a4b3f0c6e097de081", "price_changes": [{"asset_id": "36584990740430575779853916178487409250519468755041580140068769472851047579138", "price": "0.23", "size": "1015.73", "side": "BUY", "hash": "44d14be2b2989f5579b816031270daa46175cfd2", "best_bid": "0.91", "best_ask": "0.92"}, {"asset_id": "60482166031720291380868655057144166386114272673178755337360544583400474201659", "price": "0.77", "size": "1015.73", "side": "SELL", "hash": "8d4c11a9be540d8cba4c315dbe61138a41a07ce0", "best_bid": "0.08", "best_ask": "0.09"}], "timestamp": "1769384565229", "event_type": "price_change"}}
{"_local_timestamp": "2026-01-25T23:42:45.787798+00:00", "data": {"market": "0x14501df0ca5ec395792b0614b18133b72e702a9a2615dd0a4b3f0c6e097de081", "price_changes": [{"asset_id": "36584990740430575779853916178487409250519468755041580140068769472851047579138", "price": "0.26", "size": "100", "side": "BUY", "hash": "07d81f925535c21cf01d4670fa4164f872af4567", "best_bid": "0.91", "best_ask": "0.92"}, {"asset_id": "60482166031720291380868655057144166386114272673178755337360544583400474201659", "price": "0.74", "size": "100", "side": "SELL", "hash": "8d51c6e69d87768fdbd470244b1dc7d300eee098", "best_bid": "0.08", "best_ask": "0.09"}], "timestamp": "1769384565603", "event_type": "price_change"}}
{"_local_timestamp": "2026-01-25T23:42:47.211309+00:00", "data": {"market": "0x14501df0ca5ec395792b0614b18133b72e702a9a2615dd0a4b3f0c6e097de081", "price_changes": [{"asset_id": "36584990740430575779853916178487409250519468755041580140068769472851047579138", "price": "0.29", "size": "77.77", "side": "BUY", "hash": "cb04e9f8bfb783fe8d9dc5f40a31b8e4fc0ddd3c", "best_bid": "0.91", "best_ask": "0.92"}, {"asset_id": "60482166031720291380868655057144166386114272673178755337360544583400474201659", "price": "0.71", "size": "77.77", "side": "SELL", "hash": "a1a892631a5466fb66b3ecd942030a920a3ee274", "best_bid": "0.08", "best_ask": "0.09"}], "timestamp": "1769384566995", "event_type": "price_change"}}
{"_local_timestamp": "2026-01-25T23:43:07.065166+00:00", "data": {"market": "0x14501df0ca5ec395792b0614b18133b72e702a9a2615dd0a4b3f0c6e097de081", "price_changes": [{"asset_id": "60482166031720291380868655057144166386114272673178755337360544583400474201659", "price": "0.03", "size": "12166.66", "side": "BUY", "hash": "e8d114f0f46d643b9e9c6c3d171daf32886c7e38", "best_bid": "0.08", "best_ask": "0.09"}, {"asset_id": "36584990740430575779853916178487409250519468755041580140068769472851047579138", "price": "0.97", "size": "12166.66", "side": "SELL", "hash": "877406224a2ff05cb7310b8cebf7c8905ff5105f", "best_bid": "0.91", "best_ask": "0.92"}], "timestamp": "1769384586926", "event_type": "price_change"}}
{"_local_timestamp": "2026-01-25T23:43:07.504798+00:00", "data": {"market": "0x14501df0ca5ec395792b0614b18133b72e702a9a2615dd0a4b3f0c6e097de081", "price_changes": [{"asset_id": "60482166031720291380868655057144166386114272673178755337360544583400474201659", "price": "0.03", "size": "12180.31", "side": "BUY", "hash": "6e283a6ef80fae30371c55bf80dace70ed10c2c7", "best_bid": "0.08", "best_ask": "0.09"}, {"asset_id": "36584990740430575779853916178487409250519468755041580140068769472851047579138", "price": "0.97", "size": "12180.31", "side": "SELL", "hash": "bf39c4bd886251df02cbefe9d0c317568eee0983", "best_bid": "0.91", "best_ask": "0.92"}], "timestamp": "1769384587363", "event_type": "price_change"}}
{"_local_timestamp": "2026-01-25T23:43:07.764668+00:00", "data": {"market": "0x14501df0ca5ec395792b0614b18133b72e702a9a2615dd0a4b3f0c6e097de081", "price_changes": [{"asset_id": "36584990740430575779853916178487409250519468755041580140068769472851047579138", "price": "0.24", "size": "1764.66", "side": "BUY", "hash": "42580ce995320cd0b78283fcb991464716e30fe3", "best_bid": "0.91", "best_ask": "0.92"}, {"asset_id": "60482166031720291380868655057144166386114272673178755337360544583400474201659", "price": "0.76", "size": "1764.66", "side": "SELL", "hash": "29c101d343bfdb4718eb8a0e987a4672cc0fd0ef", "best_bid": "0.08", "best_ask": "0.09"}], "timestamp": "1769384587632", "event_type": "price_change"}}
{"_local_timestamp": "2026-01-25T23:43:38.532008+00:00", "data": {"market": "0x14501df0ca5ec395792b0614b18133b72e702a9a2615dd0a4b3f0c6e097de081", "price_changes": [{"asset_id": "36584990740430575779853916178487409250519468755041580140068769472851047579138", "price": "0.29", "size": "27.77", "side": "BUY", "hash": "0395b599b11ffd15edc1e7135abb34fabce1507f", "best_bid": "0.91", "best_ask": "0.92"}, {"asset_id": "60482166031720291380868655057144166386114272673178755337360544583400474201659", "price": "0.71", "size": "27.77", "side": "SELL", "hash": "4590f3ac6e10fcefa9e14ab9cae7fa8bd8841d4b", "best_bid": "0.08", "best_ask": "0.09"}], "timestamp": "1769384618450", "event_type": "price_change"}}
{"_local_timestamp": "2026-01-25T23:43:38.833154+00:00", "data": {"market": "0x14501df0ca5ec395792b0614b18133b72e702a9a2615dd0a4b3f0c6e097de081", "price_changes": [{"asset_id": "36584990740430575779853916178487409250519468755041580140068769472851047579138", "price": "0.28", "size": "192.85", "side": "BUY", "hash": "0073fb559546f2f15cee4febe46179822e5a3c6e", "best_bid": "0.91", "best_ask": "0.92"}, {"asset_id": "60482166031720291380868655057144166386114272673178755337360544583400474201659", "price": "0.72", "size": "192.85", "side": "SELL", "hash": "50f17d9b4fc4e97f41c54940ecb5a93583b3c3cb", "best_bid": "0.08", "best_ask": "0.09"}], "timestamp": "1769384618725", "event_type": "price_change"}}
{"_local_timestamp": "2026-01-25T23:44:08.546506+00:00", "data": {"market": "0x14501df0ca5ec395792b0614b18133b72e702a9a2615dd0a4b3f0c6e097de081", "price_changes": [{"asset_id": "36584990740430575779853916178487409250519468755041580140068769472851047579138", "price": "0.26", "size": "50", "side": "BUY", "hash": "73b4a02ee839173e43ad7eda0781768fe9cfa394", "best_bid": "0.91", "best_ask": "0.92"}, {"asset_id": "60482166031720291380868655057144166386114272673178755337360544583400474201659", "price": "0.74", "size": "50", "side": "SELL", "hash": "e8dba568fb3c14822e6a45f9814c25f1694c26cb", "best_bid": "0.08", "best_ask": "0.09"}], "timestamp": "1769384648346", "event_type": "price_change"}}
{"_local_timestamp": "2026-01-25T23:44:09.025814+00:00", "data": {"market": "0x14501df0ca5ec395792b0614b18133b72e702a9a2615dd0a4b3f0c6e097de081", "price_changes": [{"asset_id": "36584990740430575779853916178487409250519468755041580140068769472851047579138", "price": "0.29", "size": "77.77", "side": "BUY", "hash": "7424df963f97a04c9e3fd9c2f05ed742d788e87c", "best_bid": "0.91", "best_ask": "0.92"}, {"asset_id": "60482166031720291380868655057144166386114272673178755337360544583400474201659", "price": "0.71", "size": "77.77", "side": "SELL", "hash": "b318cf9cc33af37bcbcfb47b54564cc236cbfcea", "best_bid": "0.08", "best_ask": "0.09"}], "timestamp": "1769384648732", "event_type": "price_change"}}
{"_local_timestamp": "2026-01-25T23:44:17.882673+00:00", "data": {"market": "0x14501df0ca5ec395792b0614b18133b72e702a9a2615dd0a4b3f0c6e097de081", "price_changes": [{"asset_id": "36584990740430575779853916178487409250519468755041580140068769472851047579138", "price": "0.23", "size": "915.73", "side": "BUY", "hash": "9ff75c869e45f1edad5cccb4c7b7b5782783dab0", "best_bid": "0.91", "best_ask": "0.92"}, {"asset_id": "60482166031720291380868655057144166386114272673178755337360544583400474201659", "price": "0.77", "size": "915.73", "side": "SELL", "hash": "d4efbeda4bef45673ec74e7df28d7c22a87e2108", "best_bid": "0.08", "best_ask": "0.09"}], "timestamp": "1769384657814", "event_type": "price_change"}}
{"_local_timestamp": "2026-01-25T23:44:18.284883+00:00", "data": {"market": "0x14501df0ca5ec395792b0614b18133b72e702a9a2615dd0a4b3f0c6e097de081", "price_changes": [{"asset_id": "36584990740430575779853916178487409250519468755041580140068769472851047579138", "price": "0.24", "size": "1864.66", "side": "BUY", "hash": "50694931d8a31eb482bbcd02ab5d861e087a1613", "best_bid": "0.91", "best_ask": "0.92"}, {"asset_id": "60482166031720291380868655057144166386114272673178755337360544583400474201659", "price": "0.76", "size": "1864.66", "side": "SELL", "hash": "a88730c65b3c1f9274391a9e2e8cbf08f1b8e94d", "best_bid": "0.08", "best_ask": "0.09"}], "timestamp": "1769384658199", "event_type": "price_change"}}
{"_local_timestamp": "2026-01-25T23:44:20.755943+00:00", "data": {"market": "0x14501df0ca5ec395792b0614b18133b72e702a9a2615dd0a4b3f0c6e097de081", "price_changes": [{"asset_id": "36584990740430575779853916178487409250519468755041580140068769472851047579138", "price": "0.23", "size": "815.73", "side": "BUY", "hash": "cbd7f3d6b5d03e751245d40dcfadcfccf9cb0321", "best_bid": "0.91", "best_ask": "0.92"}, {"asset_id": "60482166031720291380868655057144166386114272673178755337360544583400474201659", "price": "0.77", "size": "815.73", "side": "SELL", "hash": "4419140d0dbc8ea7e77d179b85dc04a070cac6d7", "best_bid": "0.08", "best_ask": "0.09"}], "timestamp": "1769384660503", "event_type": "price_change"}}
{"_local_timestamp": "2026-01-25T23:44:21.421542+00:00", "data": {"market": "0x14501df0ca5ec395792b0614b18133b72e702a9a2615dd0a4b3f0c6e097de081", "price_changes": [{"asset_id": "36584990740430575779853916178487409250519468755041580140068769472851047579138", "price": "0.29", "size": "177.77", "side": "BUY", "hash": "69c3357c85c6353ff2fa919f84ba4903489ce2e2", "best_bid": "0.91", "best_ask": "0.92"}, {"asset_id": "60482166031720291380868655057144166386114272673178755337360544583400474201659", "price": "0.71", "size": "177.77", "side": "SELL", "hash": "21e39aa0608268031977bf053bcad9266954ca3c", "best_bid": "0.08", "best_ask": "0.09"}], "timestamp": "1769384660900", "event_type": "price_change"}}
{"_local_timestamp": "2026-01-25T23:44:32.456322+00:00", "data": {"market": "0x14501df0ca5ec395792b0614b18133b72e702a9a2615dd0a4b3f0c6e097de081", "price_changes": [{"asset_id": "36584990740430575779853916178487409250519468755041580140068769472851047579138", "price": "0.24", "size": "116.66", "side": "BUY", "hash": "413a1207f5da3bad35949f18e07ea474d0713e04", "best_bid": "0.91", "best_ask": "0.92"}, {"asset_id": "60482166031720291380868655057144166386114272673178755337360544583400474201659", "price": "0.76", "size": "116.66", "side": "SELL", "hash": "c91b8d7c3c8cfbb4af29a4e380dc361313de8fba", "best_bid": "0.08", "best_ask": "0.09"}], "timestamp": "1769384672296", "event_type": "price_change"}}
{"_local_timestamp": "2026-01-25T23:44:57.519234+00:00", "data": {"market": "0x14501df0ca5ec395792b0614b18133b72e702a9a2615dd0a4b3f0c6e097de081", "price_changes": [{"asset_id": "36584990740430575779853916178487409250519468755041580140068769472851047579138", "price": "0.28", "size": "142.85", "side": "BUY", "hash": "743540812dba492bc17b9e87237f650750ba2c9f", "best_bid": "0.91", "best_ask": "0.92"}, {"asset_id": "60482166031720291380868655057144166386114272673178755337360544583400474201659", "price": "0.72", "size": "142.85", "side": "SELL", "hash": "9f55fed2cc9ac1090dc5523ff014a73432f97bc6", "best_bid": "0.08", "best_ask": "0.09"}], "timestamp": "1769384697451", "event_type": "price_change"}}
{"_local_timestamp": "2026-01-25T23:44:57.804677+00:00", "data": {"market": "0x14501df0ca5ec395792b0614b18133b72e702a9a2615dd0a4b3f0c6e097de081", "price_changes": [{"asset_id": "36584990740430575779853916178487409250519468755041580140068769472851047579138", "price": "0.29", "size": "227.77", "side": "BUY", "hash": "8aaec2e51352ff7929027cc2aaf1255b1586a244", "best_bid": "0.91", "best_ask": "0.92"}, {"asset_id": "60482166031720291380868655057144166386114272673178755337360544583400474201659", "price": "0.71", "size": "227.77", "side": "SELL", "hash": "8d438f147b30e644361b742be4d7cf17222b1675", "best_bid": "0.08", "best_ask": "0.09"}], "timestamp": "1769384697724", "event_type": "price_change"}}
{"_local_timestamp": "2026-01-25T23:44:57.868083+00:00", "data": {"market": "0x14501df0ca5ec395792b0614b18133b72e702a9a2615dd0a4b3f0c6e097de081", "price_changes": [{"asset_id": "36584990740430575779853916178487409250519468755041580140068769472851047579138", "price": "0.28", "size": "92.85", "side": "BUY", "hash": "40817ee9c2bd514396b3f63f64e845e183ada095", "best_bid": "0.91", "best_ask": "0.92"}, {"asset_id": "60482166031720291380868655057144166386114272673178755337360544583400474201659", "price": "0.72", "size": "92.85", "side": "SELL", "hash": "a19b985a53c17cf4a3252faff8fb6aa8347d2d5b", "best_bid": "0.08", "best_ask": "0.09"}], "timestamp": "1769384697748", "event_type": "price_change"}}
{"_local_timestamp": "2026-01-25T23:44:57.868865+00:00", "data": {"market": "0x14501df0ca5ec395792b0614b18133b72e702a9a2615dd0a4b3f0c6e097de081", "price_changes": [{"asset_id": "36584990740430575779853916178487409250519468755041580140068769472851047579138", "price": "0.26", "size": "0", "side": "BUY", "hash": "40817ee9c2bd514396b3f63f64e845e183ada095", "best_bid": "0.91", "best_ask": "0.92"}, {"asset_id": "60482166031720291380868655057144166386114272673178755337360544583400474201659", "price": "0.74", "size": "0", "side": "SELL", "hash": "a19b985a53c17cf4a3252faff8fb6aa8347d2d5b", "best_bid": "0.08", "best_ask": "0.09"}], "timestamp": "1769384697748", "event_type": "price_change"}}
{"_local_timestamp": "2026-01-25T23:44:58.347636+00:00", "data": {"market": "0x14501df0ca5ec395792b0614b18133b72e702a9a2615dd0a4b3f0c6e097de081", "price_changes": [{"asset_id": "36584990740430575779853916178487409250519468755041580140068769472851047579138", "price": "0.23", "size": "865.73", "side": "BUY", "hash": "c12301671fb372b4b9886ef3e4ed4aad08502a5b", "best_bid": "0.91", "best_ask": "0.92"}, {"asset_id": "60482166031720291380868655057144166386114272673178755337360544583400474201659", "price": "0.77", "size": "865.73", "side": "SELL", "hash": "c305bb6d0d3b42a6924927719f86f930971cde8a", "best_bid": "0.08", "best_ask": "0.09"}], "timestamp": "1769384698223", "event_type": "price_change"}}
{"_local_timestamp": "2026-01-25T23:44:58.439761+00:00", "data": {"market": "0x14501df0ca5ec395792b0614b18133b72e702a9a2615dd0a4b3f0c6e097de081", "price_changes": [{"asset_id": "36584990740430575779853916178487409250519468755041580140068769472851047579138", "price": "0.27", "size": "50", "side": "BUY", "hash": "19f1d6820cb776e3815f24f06baab0b5f7f09b99", "best_bid": "0.91", "best_ask": "0.92"}, {"asset_id": "60482166031720291380868655057144166386114272673178755337360544583400474201659", "price": "0.73", "size": "50", "side": "SELL", "hash": "6401cfaff5d90151bb379238c3651e22008be076", "best_bid": "0.08", "best_ask": "0.09"}], "timestamp": "1769384698249", "event_type": "price_change"}}
{"_local_timestamp": "2026-01-25T23:45:19.061996+00:00", "data": {"market": "0x14501df0ca5ec395792b0614b18133b72e702a9a2615dd0a4b3f0c6e097de081", "price_changes": [{"asset_id": "36584990740430575779853916178487409250519468755041580140068769472851047579138", "price": "0.29", "size": "1675.77", "side": "BUY", "hash": "e04d7e3f85fcc7230f3c44193b4bfa927fd987d4", "best_bid": "0.91", "best_ask": "0.92"}, {"asset_id": "60482166031720291380868655057144166386114272673178755337360544583400474201659", "price": "0.71", "size": "1675.77", "side": "SELL", "hash": "7bd0c3290b332eadb577ea50b243a8bd98c159be", "best_bid": "0.08", "best_ask": "0.09"}], "timestamp": "1769384718990", "event_type": "price_change"}}
{"_local_timestamp": "2026-01-25T23:45:38.795753+00:00", "data": {"market": "0x14501df0ca5ec395792b0614b18133b72e702a9a2615dd0a4b3f0c6e097de081", "price_changes": [{"asset_id": "36584990740430575779853916178487409250519468755041580140068769472851047579138", "price": "0.24", "size": "16.66", "side": "BUY", "hash": "bde53ab81f78f328ada7a9d1e88e7fba0514c7f6", "best_bid": "0.91", "best_ask": "0.92"}, {"asset_id": "60482166031720291380868655057144166386114272673178755337360544583400474201659", "price": "0.76", "size": "16.66", "side": "SELL", "hash": "6d8d3787b1b96dff1ecbef6d27577ac2d2059f99", "best_bid": "0.08", "best_ask": "0.09"}], "timestamp": "1769384738723", "event_type": "price_change"}}
{"_local_timestamp": "2026-01-25T23:45:39.204785+00:00", "data": {"market": "0x14501df0ca5ec395792b0614b18133b72e702a9a2615dd0a4b3f0c6e097de081", "price_changes": [{"asset_id": "36584990740430575779853916178487409250519468755041580140068769472851047579138", "price": "0.23", "size": "965.73", "side": "BUY", "hash": "d3bf8c05418848af7cec4ac07ec63e48d3c2d212", "best_bid": "0.91", "best_ask": "0.92"}, {"asset_id": "60482166031720291380868655057144166386114272673178755337360544583400474201659", "price": "0.77", "size": "965.73", "side": "SELL", "hash": "6921ec3c30f9b0e0cc294c1a8623e3d662463d2a", "best_bid": "0.08", "best_ask": "0.09"}], "timestamp": "1769384739084", "event_type": "price_change"}}
{"_local_timestamp": "2026-01-25T23:45:41.319491+00:00", "data": {"market": "0x14501df0ca5ec395792b0614b18133b72e702a9a2615dd0a4b3f0c6e097de081", "price_changes": [{"asset_id": "36584990740430575779853916178487409250519468755041580140068769472851047579138", "price": "0.89", "size": "410", "side": "BUY", "hash": "87dcb763fb662e794a54d506f586354a0de22b85", "best_bid": "0.91", "best_ask": "0.92"}, {"asset_id": "60482166031720291380868655057144166386114272673178755337360544583400474201659", "price": "0.11", "size": "410", "side": "SELL", "hash": "cecf79b489978bdafd7e453a54e06ddc76bd7bb0", "best_bid": "0.08", "best_ask": "0.09"}], "timestamp": "1769384741190", "event_type": "price_change"}}
{"_local_timestamp": "2026-01-25T23:45:41.320191+00:00", "data": {"market": "0x14501df0ca5ec395792b0614b18133b72e702a9a2615dd0a4b3f0c6e097de081", "price_changes": [{"asset_id": "60482166031720291380868655057144166386114272673178755337360544583400474201659", "price": "0.06", "size": "4680", "side": "BUY", "hash": "27b3b44c8b57eeca08f3084de6989cf698d973aa", "best_bid": "0.08", "best_ask": "0.09"}, {"asset_id": "36584990740430575779853916178487409250519468755041580140068769472851047579138", "price": "0.94", "size": "4680", "side": "SELL", "hash": "123ead339da31bdc8b509e7b8a3a72b7d35de24b", "best_bid": "0.91", "best_ask": "0.92"}], "timestamp": "1769384741195", "event_type": "price_change"}}
{"_local_timestamp": "2026-01-25T23:45:53.097069+00:00", "data": {"market": "0x14501df0ca5ec395792b0614b18133b72e702a9a2615dd0a4b3f0c6e097de081", "price_changes": [{"asset_id": "36584990740430575779853916178487409250519468755041580140068769472851047579138", "price": "0.29", "size": "1625.77", "side": "BUY", "hash": "a0ce42f3673884ab1cc79f20535af0d0238c3092", "best_bid": "0.91", "best_ask": "0.92"}, {"asset_id": "60482166031720291380868655057144166386114272673178755337360544583400474201659", "price": "0.71", "size": "1625.77", "side": "SELL", "hash": "4a0967db90c8a85dd50bfda76ec045b2ba41e5e2", "best_bid": "0.08", "best_ask": "0.09"}], "timestamp": "1769384752996", "event_type": "price_change"}}
{"_local_timestamp": "2026-01-25T23:45:53.643064+00:00", "data": {"market": "0x14501df0ca5ec395792b0614b18133b72e702a9a2615dd0a4b3f0c6e097de081", "price_changes": [{"asset_id": "36584990740430575779853916178487409250519468755041580140068769472851047579138", "price": "0.24", "size": "66.66", "side": "BUY", "hash": "589fc2e6207d21768ffdd50af2b2494939de004d", "best_bid": "0.91", "best_ask": "0.92"}, {"asset_id": "60482166031720291380868655057144166386114272673178755337360544583400474201659", "price": "0.76", "size": "66.66", "side": "SELL", "hash": "5aa6f28461ce99b839a3f818af824591546700b4", "best_bid": "0.08", "best_ask": "0.09"}], "timestamp": "1769384753513", "event_type": "price_change"}}
{"_local_timestamp": "2026-01-25T23:45:56.900508+00:00", "data": {"market": "0x14501df0ca5ec395792b0614b18133b72e702a9a2615dd0a4b3f0c6e097de081", "price_changes": [{"asset_id": "36584990740430575779853916178487409250519468755041580140068769472851047579138", "price": "0.89", "size": "460", "side": "BUY", "hash": "606e9fd84e622020677f846c12ba334dc68be098", "best_bid": "0.91", "best_ask": "0.92"}, {"asset_id": "60482166031720291380868655057144166386114272673178755337360544583400474201659", "price": "0.11", "size": "460", "side": "SELL", "hash": "f6d4102bde830df812ec6dedb1a13b2c8bbd3284", "best_bid": "0.08", "best_ask": "0.09"}], "timestamp": "1769384756228", "event_type": "price_change"}}
{"_local_timestamp": "2026-01-25T23:46:01.312791+00:00", "data": {"market": "0x14501df0ca5ec395792b0614b18133b72e702a9a2615dd0a4b3f0c6e097de081", "price_changes": [{"asset_id": "60482166031720291380868655057144166386114272673178755337360544583400474201659", "price": "0.06", "size": "4730", "side": "BUY", "hash": "d04a1d7612563dfaf900c42fd19821b7b4f1a290", "best_bid": "0.08", "best_ask": "0.09"}, {"asset_id": "36584990740430575779853916178487409250519468755041580140068769472851047579138", "price": "0.94", "size": "4730", "side": "SELL", "hash": "2879d2b8e7d1426e563a81c1f6d47e172bee423e", "best_bid": "0.91", "best_ask": "0.92"}], "timestamp": "1769384761235", "event_type": "price_change"}}
{"_local_timestamp": "2026-01-25T23:46:10.537626+00:00", "data": {"market": "0x14501df0ca5ec395792b0614b18133b72e702a9a2615dd0a4b3f0c6e097de081", "price_changes": [{"asset_id": "36584990740430575779853916178487409250519468755041580140068769472851047579138", "price": "0.29", "size": "177.77", "side": "BUY", "hash": "3b199aeee5251b5a11dd3001b834c97ac01a2af9", "best_bid": "0.91", "best_ask": "0.92"}, {"asset_id": "60482166031720291380868655057144166386114272673178755337360544583400474201659", "price": "0.71", "size": "177.77", "side": "SELL", "hash": "91f7c3c67e2464cae84fc31971c83e8ee694b8b9", "best_bid": "0.08", "best_ask": "0.09"}], "timestamp": "1769384770458", "event_type": "price_change"}}
{"_local_timestamp": "2026-01-25T23:46:40.033579+00:00", "data": {"market": "0x14501df0ca5ec395792b0614b18133b72e702a9a2615dd0a4b3f0c6e097de081", "price_changes": [{"asset_id": "36584990740430575779853916178487409250519468755041580140068769472851047579138", "price": "0.24", "size": "1814.66", "side": "BUY", "hash": "dee7502c6a83970998faa6aaf5881734d78c0196", "best_bid": "0.91", "best_ask": "0.92"}, {"asset_id": "60482166031720291380868655057144166386114272673178755337360544583400474201659", "price": "0.76", "size": "1814.66", "side": "SELL", "hash": "848299f3c955eb812b54baa194294cafca0843c8", "best_bid": "0.08", "best_ask": "0.09"}], "timestamp": "1769384799955", "event_type": "price_change"}}
{"_local_timestamp": "2026-01-25T23:46:51.008697+00:00", "data": {"market": "0x14501df0ca5ec395792b0614b18133b72e702a9a2615dd0a4b3f0c6e097de081", "price_changes": [{"asset_id": "36584990740430575779853916178487409250519468755041580140068769472851047579138", "price": "0.29", "size": "77.77", "side": "BUY", "hash": "7e16ff92a8b076215dc25428d3424c1d662c0958", "best_bid": "0.91", "best_ask": "0.92"}, {"asset_id": "60482166031720291380868655057144166386114272673178755337360544583400474201659", "price": "0.71", "size": "77.77", "side": "SELL", "hash": "7dbd7668e6cc8916632e5c68a5c777133e2134c1", "best_bid": "0.08", "best_ask": "0.09"}], "timestamp": "1769384810675", "event_type": "price_change"}}
{"_local_timestamp": "2026-01-25T23:46:51.526187+00:00", "data": {"market": "0x14501df0ca5ec395792b0614b18133b72e702a9a2615dd0a4b3f0c6e097de081", "price_changes": [{"asset_id": "36584990740430575779853916178487409250519468755041580140068769472851047579138", "price": "0.24", "size": "1914.66", "side": "BUY", "hash": "8b371d8c23c959aba4e5c3c977dc25d5b6848d0c", "best_bid": "0.91", "best_ask": "0.92"}, {"asset_id": "60482166031720291380868655057144166386114272673178755337360544583400474201659", "price": "0.76", "size": "1914.66", "side": "SELL", "hash": "1790ff258fea174141435f03902bee603b341a63", "best_bid": "0.08", "best_ask": "0.09"}], "timestamp": "1769384811207", "event_type": "price_change"}}
{"_local_timestamp": "2026-01-25T23:47:04.089840+00:00", "data": {"market": "0x14501df0ca5ec395792b0614b18133b72e702a9a2615dd0a4b3f0c6e097de081", "price_changes": [{"asset_id": "60482166031720291380868655057144166386114272673178755337360544583400474201659", "price": "0.02", "size": "544.97", "side": "BUY", "hash": "316c0c67f306183f1f0adbb3194ee03f06b5ba0e", "best_bid": "0.08", "best_ask": "0.09"}, {"asset_id": "36584990740430575779853916178487409250519468755041580140068769472851047579138", "price": "0.98", "size": "544.97", "side": "SELL", "hash": "05f1e39f14dabfb5da123bfd7004bb2e9fd5115c", "best_bid": "0.91", "best_ask": "0.92"}], "timestamp": "1769384824000", "event_type": "price_change"}}
{"_local_timestamp": "2026-01-25T23:47:04.102110+00:00", "data": {"market": "0x14501df0ca5ec395792b0614b18133b72e702a9a2615dd0a4b3f0c6e097de081", "price_changes": [{"asset_id": "60482166031720291380868655057144166386114272673178755337360544583400474201659", "price": "0.05", "size": "2027.4", "side": "BUY", "hash": "99bc057add18468561d985324e18873ace8371da", "best_bid": "0.08", "best_ask": "0.09"}, {"asset_id": "36584990740430575779853916178487409250519468755041580140068769472851047579138", "price": "0.95", "size": "2027.4", "side": "SELL", "hash": "dfba7fd1960afc7be58700098620dcc344094187", "best_bid": "0.91", "best_ask": "0.92"}], "timestamp": "1769384824002", "event_type": "price_change"}}
{"_local_timestamp": "2026-01-25T23:47:04.104066+00:00", "data": {"market": "0x14501df0ca5ec395792b0614b18133b72e702a9a2615dd0a4b3f0c6e097de081", "price_changes": [{"asset_id": "60482166031720291380868655057144166386114272673178755337360544583400474201659", "price": "0.04", "size": "6780", "side": "BUY", "hash": "628a1ae30518ec19d0b0298d6da27e0ca674e442", "best_bid": "0.08", "best_ask": "0.09"}, {"asset_id": "36584990740430575779853916178487409250519468755041580140068769472851047579138", "price": "0.96", "size": "6780", "side": "SELL", "hash": "65dfaa6dfd753ad202c4cd912c40528bdf0a858a", "best_bid": "0.91", "best_ask": "0.92"}], "timestamp": "1769384824004", "event_type": "price_change"}}
{"_local_timestamp": "2026-01-25T23:47:09.466043+00:00", "data": {"market": "0x14501df0ca5ec395792b0614b18133b72e702a9a2615dd0a4b3f0c6e097de081", "price_changes": [{"asset_id": "60482166031720291380868655057144166386114272673178755337360544583400474201659", "price": "0.05", "size": "4707.4", "side": "BUY", "hash": "e714ebc3c3443643ddc41aa9a682b1dd8f595a53", "best_bid": "0.08", "best_ask": "0.09"}, {"asset_id": "36584990740430575779853916178487409250519468755041580140068769472851047579138", "price": "0.95", "size": "4707.4", "side": "SELL", "hash": "6bad00683a9866b74d725a467bf7459496083808", "best_bid": "0.91", "best_ask": "0.92"}], "timestamp": "1769384829381", "event_type": "price_change"}}
{"_local_timestamp": "2026-01-25T23:47:09.466827+00:00", "data": {"market": "0x14501df0ca5ec395792b0614b18133b72e702a9a2615dd0a4b3f0c6e097de081", "price_changes": [{"asset_id": "60482166031720291380868655057144166386114272673178755337360544583400474201659", "price": "0.04", "size": "6805", "side": "BUY", "hash": "2c17cc5e34e744b15207d84d57f9396532e4d0ac", "best_bid": "0.08", "best_ask": "0.09"}, {"asset_id": "36584990740430575779853916178487409250519468755041580140068769472851047579138", "price": "0.96", "size": "6805", "side": "SELL", "hash": "eef881470b58a2f820bb62de2c3f95216078c9bf", "best_bid": "0.91", "best_ask": "0.92"}], "timestamp": "1769384829384", "event_type": "price_change"}}
{"_local_timestamp": "2026-01-25T23:47:09.467465+00:00", "data": {"market": "0x14501df0ca5ec395792b0614b18133b72e702a9a2615dd0a4b3f0c6e097de081", "price_changes": [{"asset_id": "60482166031720291380868655057144166386114272673178755337360544583400474201659", "price": "0.02", "size": "25544.97", "side": "BUY", "hash": "5f20beed59f9c8f825431b6a3a10c9401a3178ba", "best_bid": "0.08", "best_ask": "0.09"}, {"asset_id": "36584990740430575779853916178487409250519468755041580140068769472851047579138", "price": "0.98", "size": "25544.97", "side": "SELL", "hash": "42ba0f1d673877484b7404994ca01a2769314246", "best_bid": "0.91", "best_ask": "0.92"}], "timestamp": "1769384829386", "event_type": "price_change"}}
{"_local_timestamp": "2026-01-25T23:47:12.602106+00:00", "data": {"market": "0x14501df0ca5ec395792b0614b18133b72e702a9a2615dd0a4b3f0c6e097de081", "price_changes": [{"asset_id": "60482166031720291380868655057144166386114272673178755337360544583400474201659", "price": "0.03", "size": "12166.66", "side": "BUY", "hash": "e6ff38f714717f4d13aef48103bb49b10ea6cef8", "best_bid": "0.08", "best_ask": "0.09"}, {"asset_id": "36584990740430575779853916178487409250519468755041580140068769472851047579138", "price": "0.97", "size": "12166.66", "side": "SELL", "hash": "cb3e8aa791c179b8d2e908f2a80603f0fbcd4622", "best_bid": "0.91", "best_ask": "0.92"}], "timestamp": "1769384832521", "event_type": "price_change"}}
{"_local_timestamp": "2026-01-25T23:47:12.896291+00:00", "data": {"market": "0x14501df0ca5ec395792b0614b18133b72e702a9a2615dd0a4b3f0c6e097de081", "price_changes": [{"asset_id": "60482166031720291380868655057144166386114272673178755337360544583400474201659", "price": "0.03", "size": "12180.31", "side": "BUY", "hash": "1dd0b122be1f167eb5e84eec02e9156b03e4ace7", "best_bid": "0.08", "best_ask": "0.09"}, {"asset_id": "36584990740430575779853916178487409250519468755041580140068769472851047579138", "price": "0.97", "size": "12180.31", "side": "SELL", "hash": "507e812cc6576cfe5b07adedab72193d6ed29d71", "best_bid": "0.91", "best_ask": "0.92"}], "timestamp": "1769384832825", "event_type": "price_change"}}
