{"_local_timestamp": "2026-01-25T23:33:17.747426+00:00", "data": [{"market": "0x14501df0ca5ec395792b0614b18133b72e702a9a2615dd0a4b3f0c6e097de081", "asset_id": "36584990740430575779853916178487409250519468755041580140068769472851047579138", "timestamp": "1769383964770", "hash": "e9d1128ddfd31638c3c71dbfe05aea84fb51e1b1", "bids": [{"price": "0.01", "size": "7720.81"}, {"price": "0.02", "size": "3000"}, {"price": "0.03", "size": "356.66"}, {"price": "0.04", "size": "6.48"}, {"price": "0.05", "size": "30"}, {"price": "0.06", "size": "86.33"}, {"price": "0.09", "size": "1400"}, {"price": "0.1", "size": "32"}, {"price": "0.11", "size": "5.44"}, {"price": "0.12", "size": "26.66"}, {"price": "0.14", "size": "242.85"}, {"price": "0.15", "size": "650"}, {"price": "0.16", "size": "20"}, {"price": "0.18", "size": "177.77"}, {"price": "0.2", "size": "400"}, {"price": "0.21", "size": "15.23"}, {"price": "0.23", "size": "965.73"}, {"price": "0.24", "size": "1911.33"}, {"price": "0.27", "size": "50"}, {"price": "0.28", "size": "92.85"}, {"price": "0.29", "size": "61.18"}, {"price": "0.32", "size": "84.93"}, {"price": "0.33", "size": "9.69"}, {"price": "0.34", "size": "50"}, {"price": "0.37", "size": "54.05"}, {"price": "0.38", "size": "8.42"}, {"price": "0.41", "size": "1469.8"}, {"price": "0.5", "size": "666.4"}, {"price": "0.51", "size": "6.27"}, {"price": "0.64", "size": "5.26"}, {"price": "0.7", "size": "505"}, {"price": "0.73", "size": "8.94"}, {"price": "0.75", "size": "400"}, {"price": "0.78", "size": "29"}, {"price": "0.79", "size": "54"}, {"price": "0.8", "size": "56.47"}, {"price": "0.82", "size": "554"}, {"price": "0.85", "size": "68.1"}, {"price": "0.87", "size": "400"}, {"price": "0.88", "size": "2454"}, {"price": "0.89", "size": "460"}, {"price": "0.9", "size": "103271.24"}, {"price": "0.91", "size": "3746.71"}], "asks": [{"price": "0.99", "size": "310080.7"}, {"price": "0.98", "size": "25544.97"}, {"price": "0.97", "size": "12180.31"}, {"price": "0.96", "size": "6805"}, {"price": "0.95", "size": "4707.4"}, {"price": "0.94", "size": "4730"}, {"price": "0.93", "size": "2807.62"}, {"price": "0.92", "size": "1507.51"}], "event_type": "book", "last_trade_price": "0.920"}, {"market": "0x14501df0ca5ec395792b0614b18133b72e702a9a2615dd0a4b3f0c6e097de081", "asset_id": "60482166031720291380868655057144166386114272673178755337360544583400474201659", "timestamp": "1769383964770", "hash": "794a2b2397e84f44046ce8795b715330ab052855", "bids": [{"price": "0.01", "size": "310080.7"}, {"price": "0.02", "size": "25544.97"}, {"price": "0.03", "size": "12180.31"}, {"price": "0.04", "size": "6805"}, {"price": "0.05", "size": "4707.4"}, {"price": "0.06", "size": "4730"}, {"price": "0.07", "size": "2807.62"}, {"price": "0.08", "size": "1507.51"}], "asks": [{"price": "0.99", "size": "7720.81"}, {"price": "0.98", "size": "3000"}, {"price": "0.97", "size": "356.66"}, {"price": "0.96", "size": "6.48"}, {"price": "0.95", "size": "30"}, {"price": "0.94", "size": "86.33"}, {"price": "0.91", "size": "1400"}, {"price": "0.9", "size": "32"}, {"price": "0.89", "size": "5.44"}, {"price": "0.88", "size": "26.66"}, {"price": "0.86", "size": "242.85"}, {"price": "0.85", "size": "650"}, {"price": "0.84", "size": "20"}, {"price": "0.82", "size": "177.77"}, {"price": "0.8", "size": "400"}, {"price": "0.79", "size": "15.23"}, {"price": "0.77", "size": "965.73"}, {"price": "0.76", "size": "1911.33"}, {"price": "0.73", "size": "50"}, {"price": "0.72", "size": "92.85"}, {"price": "0.71", "size": "61.18"}, {"price": "0.68", "size": "84.93"}, {"price": "0.67", "size": "9.69"}, {"price": "0.66", "size": "50"}, {"price": "0.63", "size": "54.05"}, {"price": "0.62", "size": "8.42"}, {"price": "0.59", "size": "1469.8"}, {"price": "0.5", "size": "666.4"}, {"price": "0.49", "size": "6.27"}, {"price": "0.36", "size": "5.26"}, {"price": "0.3", "size": "505"}, {"price": "0.27", "size": "8.94"}, {"price": "0.25", "size": "400"}, {"price": "0.22", "size": "29"}, {"price": "0.21", "size": "54"}, {"price": "0.2", "size": "56.47"}, {"price": "0.18", "size": "554"}, {"price": "0.15", "size": "68.1"}, {"price": "0.13", "size": "400"}, {"price": "0.12", "size": "2454"}, {"price": "0.11", "size": "460"}, {"price": "0.1", "size": "103271.24"}, {"price": "0.09", "size": "3746.71"}], "event_type": "book", "last_trade_price": "0.920"}]}
{"_local_timestamp": "2026-01-25T23:33:23.887362+00:00", "data": {"market": "0x14501df0ca5ec395792b0614b18133b72e702a9a2615dd0a4b3f0c6e097de081", "price_changes": [{"asset_id": "36584990740430575779853916178487409250519468755041580140068769472851047579138", "price": "0.23", "size": "865.73", "side": "BUY", "hash": "597e175b75a5fc2a9020caf0b258b19b4ede0f01", "best_bid": "0.91", "best_ask": "0.92"}, {"asset_id": "60482166031720291380868655057144166386114272673178755337360544583400474201659", "price": "0.77", "size": "865.73", "side": "SELL", "hash": "b40db650f456dafbccd61d5a7b0d9a79db353667", "best_bid": "0.08", "best_ask": "0.09"}], "timestamp": "1769384003788", "event_type": "price_change"}}
{"_local_timestamp": "2026-01-25T23:33:23.888197+00:00", "data": {"market": "0x14501df0ca5ec395792b0614b18133b72e702a9a2615dd0a4b3f0c6e097de081", "price_changes": [{"asset_id": "36584990740430575779853916178487409250519468755041580140068769472851047579138", "price": "0.29", "size": "11.18", "side": "BUY", "hash": "597e175b75a5fc2a9020caf0b258b19b4ede0f01", "best_bid": "0.91", "best_ask": "0.92"}, {"asset_id": "60482166031720291380868655057144166386114272673178755337360544583400474201659", "price": "0.71", "size": "11.18", "side": "SELL", "hash": "b40db650f456dafbccd61d5a7b0d9a79db353667", "best_bid": "0.08", "best_ask": "0.09"}], "timestamp": "1769384003788", "event_type": "price_change"}}
{"_local_timestamp": "2026-01-25T23:33:24.373896+00:00", "data": {"market": "0x14501df0ca5ec395792b0614b18133b72e702a9a2615dd0a4b3f0c6e097de081", "price_changes": [{"asset_id": "36584990740430575779853916178487409250519468755041580140068769472851047579138", "price": "0.28", "size": "142.85", "side": "BUY", "hash": "311b7a64ac7bf1365a2d278cca571e9be8e45bcf", "best_bid": "0.91", "best_ask": "0.92"}, {"asset_id": "60482166031720291380868655057144166386114272673178755337360544583400474201659", "price": "0.72", "size": "142.85", "side": "SELL", "hash": "d1a162dc0b01ea8f112dfcc37ec75b05c8a53970", "best_bid": "0.08", "best_ask": "0.09"}], "timestamp": "1769384004263", "event_type": "price_change"}}
{"_local_timestamp": "2026-01-25T23:33:24.407009+00:00", "data": {"market": "0x14501df0ca5ec395792b0614b18133b72e702a9a2615dd0a4b3f0c6e097de081", "price_changes": [{"asset_id": "36584990740430575779853916178487409250519468755041580140068769472851047579138", "price": "0.24", "size": "2011.33", "side": "BUY", "hash": "2d5aa79a1ca34ad3a7ee582951d18d10f18ebfda", "best_bid": "0.91", "best_ask": "0.92"}, {"asset_id": "60482166031720291380868655057144166386114272673178755337360544583400474201659", "price": "0.76", "size": "2011.33", "side": "SELL", "hash": "24a6a3f2270ba70d356b65e300eb75cb8cefd64d", "best_bid": "0.08", "best_ask": "0.09"}], "timestamp": "1769384004300", "event_type": "price_change"}}
{"_local_timestamp": "2026-01-25T23:33:33.338403+00:00", "data": {"market": "0x14501df0ca5ec395792b0614b18133b72e702a9a2615dd0a4b3f0c6e097de081", "price_changes": [{"asset_id": "36584990740430575779853916178487409250519468755041580140068769472851047579138", "price": "0.27", "size": "0", "side": "BUY", "hash": "c2e349bb50b1c4dc89c06ffbed35ac58c7a20072", "best_bid": "0.91", "best_ask": "0.92"}, {"asset_id": "60482166031720291380868655057144166386114272673178755337360544583400474201659", "price": "0.73", "size": "0", "side": "SELL", "hash": "133943aeeebecb9ab7be78a7630aa8b5612c7ab8", "best_bid": "0.08", "best_ask": "0.09"}], "timestamp": "1769384013149", "event_type": "price_change"}}
{"_local_timestamp": "2026-01-25T23:33:33.693024+00:00", "data": {"market": "0x14501df0ca5ec395792b0614b18133b72e702a9a2615dd0a4b3f0c6e097de081", "price_changes": [{"asset_id": "36584990740430575779853916178487409250519468755041580140068769472851047579138", "price": "0.29", "size": "61.18", "side": "BUY", "hash": "4a1211f7245e9ba45c93991b173415cfd1cfc7cc", "best_bid": "0.91", "best_ask": "0.92"}, {"asset_id": "60482166031720291380868655057144166386114272673178755337360544583400474201659", "price": "0.71", "size": "61.18", "side": "SELL", "hash": "1e07f420dccb9be558f57c62d3d5de530ecb244b", "best_bid": "0.08", "best_ask": "0.09"}], "timestamp": "1769384013547", "event_type": "price_change"}}
{"_local_timestamp": "2026-01-25T23:33:40.223723+00:00", "data": {"market": "0x14501df0ca5ec395792b0614b18133b72e702a9a2615dd0a4b3f0c6e097de081", "price_changes": [{"asset_id": "36584990740430575779853916178487409250519468755041580140068769472851047579138", "price": "0.24", "size": "1961.33", "side": "BUY", "hash": "78871b999e29111d7ac52a4ddca47f1303f3ea1a", "best_bid": "0.91", "best_ask": "0.92"}, {"asset_id": "60482166031720291380868655057144166386114272673178755337360544583400474201659", "price": "0.76", "size": "1961.33", "side": "SELL", "hash": "4e086e23f1e8a0b8b703468b68ec0fb097aa66d5", "best_bid": "0.08", "best_ask": "0.09"}], "timestamp": "1769384020089", "event_type": "price_change"}}
{"_local_timestamp": "2026-01-25T23:33:40.725423+00:00", "data": {"market": "0x14501df0ca5ec395792b0614b18133b72e702a9a2615dd0a4b3f0c6e097de081", "price_changes": [{"asset_id": "36584990740430575779853916178487409250519468755041580140068769472851047579138", "price": "0.29", "size": "111.18", "side": "BUY", "hash": "a3397abea2600fcb40121b08bc7a2a5c518f2934", "best_bid": "0.91", "best_ask": "0.92"}, {"asset_id": "60482166031720291380868655057144166386114272673178755337360544583400474201659", "price": "0.71", "size": "111.18", "side": "SELL", "hash": "cea7e350db975f7d87a2631b3de6c39aed893488", "best_bid": "0.08", "best_ask": "0.09"}], "timestamp": "1769384020540", "event_type": "price_change"}}
{"_local_timestamp": "2026-01-25T23:34:19.930518+00:00", "data": {"market": "0x14501df0ca5ec395792b0614b18133b72e702a9a2615dd0a4b3f0c6e097de081", "price_changes": [{"asset_id": "36584990740430575779853916178487409250519468755041580140068769472851047579138", "price": "0.24", "size": "213.33", "side": "BUY", "hash": "27131cb37e10916f2064a01ed0f2c52f7839c4cd", "best_bid": "0.91", "best_ask": "0.92"}, {"asset_id": "60482166031720291380868655057144166386114272673178755337360544583400474201659", "price": "0.76", "size": "213.33", "side": "SELL", "hash": "009b469e513eb43d9ee6d16f2b008f4e104dad61", "best_bid": "0.08", "best_ask": "0.09"}], "timestamp": "1769384059754", "event_type": "price_change"}}
{"_local_timestamp": "2026-01-25T23:34:27.878111+00:00", "data": {"market": "0x14501df0ca5ec395792b0614b18133b72e702a9a2615dd0a4b3f0c6e097de081", "price_changes": [{"asset_id": "36584990740430575779853916178487409250519468755041580140068769472851047579138", "price": "0.24", "size": "113.33", "side": "BUY", "hash": "c302a7642c5b278164b193c7770534d36bdd2480", "best_bid": "0.91", "best_ask": "0.92"}, {"asset_id": "60482166031720291380868655057144166386114272673178755337360544583400474201659", "price": "0.76", "size": "113.33", "side": "SELL", "hash": "f3d6723b123ea829b5428efa428dd0398f1ea208", "best_bid": "0.08", "best_ask": "0.09"}], "timestamp": "1769384067608", "event_type": "price_change"}}
{"_local_timestamp": "2026-01-25T23:34:28.610231+00:00", "data": {"market": "0x14501df0ca5ec395792b0614b18133b72e702a9a2615dd0a4b3f0c6e097de081", "price_changes": [{"asset_id": "36584990740430575779853916178487409250519468755041580140068769472851047579138", "price": "0.29", "size": "211.18", "side": "BUY", "hash": "b98377b868ad99b2fb61095f17b89b43c5a73aa0", "best_bid": "0.91", "best_ask": "0.92"}, {"asset_id": "60482166031720291380868655057144166386114272673178755337360544583400474201659", "price": "0.71", "size": "211.18", "side": "SELL", "hash": "002937583797c3c5157235f4f3e724e8c84e9042", "best_bid": "0.08", "best_ask": "0.09"}], "timestamp": "1769384068171", "event_type": "price_change"}}
{"_local_timestamp": "2026-01-25T23:34:32.385332+00:00", "data": {"market": "0x14501df0ca5ec395792b0614b18133b72e702a9a2615dd0a4b3f0c6e097de081", "price_changes": [{"asset_id": "36584990740430575779853916178487409250519468755041580140068769472851047579138", "price": "0.25", "size": "1680", "side": "BUY", "hash": "e06036f777971ec4300bc3c8c5a2a298db835451", "best_bid": "0.91", "best_ask": "0.92"}, {"asset_id": "60482166031720291380868655057144166386114272673178755337360544583400474201659", "price": "0.75", "size": "1680", "side": "SELL", "hash": "8402a4c559acf84f34354ee9db587f5c3f5b0280", "best_bid": "0.08", "best_ask": "0.09"}], "timestamp": "1769384072271", "event_type": "price_change"}}
{"_local_timestamp": "2026-01-25T23:34:43.603629+00:00", "data": {"market": "0x14501df0ca5ec395792b0614b18133b72e702a9a2615dd0a4b3f0c6e097de081", "price_changes": [{"asset_id": "36584990740430575779853916178487409250519468755041580140068769472851047579138", "price": "0.28", "size": "92.85", "side": "BUY", "hash": "ac5eec8c0012b0f700035984709040cc8f7c21b6", "best_bid": "0.91", "best_ask": "0.92"}, {"asset_id": "60482166031720291380868655057144166386114272673178755337360544583400474201659", "price": "0.72", "size": "92.85", "side": "SELL", "hash": "3ed3719d4f962d4e95c456ee8a6890f86cf14ec6", "best_bid": "0.08", "best_ask": "0.09"}], "timestamp": "1769384083535", "event_type": "price_change"}}
{"_local_timestamp": "2026-01-25T23:34:43.891248+00:00", "data": {"market": "0x14501df0ca5ec395792b0614b18133b72e702a9a2615dd0a4b3f0c6e097de081", "price_changes": [{"asset_id": "36584990740430575779853916178487409250519468755041580140068769472851047579138", "price": "0.29", "size": "261.18", "side": "BUY", "hash": "60fa7e7b98e99fdcf804e2b91a7c01871fe0e1dd", "best_bid": "0.91", "best_ask": "0.92"}, {"asset_id": "60482166031720291380868655057144166386114272673178755337360544583400474201659", "price": "0.71", "size": "261.18", "side": "SELL", "hash": "009f59a0b7b6495600c7fe746d5c951e6f3a737d", "best_bid": "0.08", "best_ask": "0.09"}], "timestamp": "1769384083802", "event_type": "price_change"}}
{"_local_timestamp": "2026-01-25T23:34:57.549840+00:00", "data": {"market": "0x14501df0ca5ec395792b0614b18133b72e702a9a2615dd0a4b3f0c6e097de081", "price_changes": [{"asset_id": "60482166031720291380868655057144166386114272673178755337360544583400474201659", "price": "0.03", "size": "12166.66", "side": "BUY", "hash": "3c44e74829539fcbe1b9b5825f991aa4554e89dd", "best_bid": "0.08", "best_ask": "0.09"}, {"asset_id": "36584990740430575779853916178487409250519468755041580140068769472851047579138", "price": "0.97", "size": "12166.66", "side": "SELL", "hash": "0c8ad8fd9c89d46d794f415c68c92a7ddc7579f9", "best_bid": "0.91", "best_ask": "0.92"}], "timestamp": "1769384097485", "event_type": "price_change"}}
{"_local_timestamp": "2026-01-25T23:34:59.781204+00:00", "data": {"market": "0x14501df0ca5ec395792b0614b18133b72e702a9a2615dd0a4b3f0c6e097de081", "price_changes": [{"asset_id": "60482166031720291380868655057144166386114272673178755337360544583400474201659", "price": "0.03", "size": "12180.31", "side": "BUY", "hash": "1cd6d0195017d33ee96f98ce8795c538f2bd4e5e", "best_bid": "0.08", "best_ask": "0.09"}, {"asset_id": "36584990740430575779853916178487409250519468755041580140068769472851047579138", "price": "0.97", "size": "12180.31", "side": "SELL", "hash": "7e66923ea8f5a2723e89e00d313c401f44dd7935", "best_bid": "0.91", "best_ask": "0.92"}], "timestamp": "1769384099711", "event_type": "price_change"}}
{"_local_timestamp": "2026-01-25T23:35:23.782635+00:00", "data": {"market": "0x14501df0ca5ec395792b0614b18133b72e702a9a2615dd0a4b3f0c6e097de081", "price_changes": [{"asset_id": "36584990740430575779853916178487409250519468755041580140068769472851047579138", "price": "0.24", "size": "13.33", "side": "BUY", "hash": "f60fb26b5468c61111bdf9eecd79078d6ec566e5", "best_bid": "0.91", "best_ask": "0.92"}, {"asset_id": "60482166031720291380868655057144166386114272673178755337360544583400474201659", "price": "0.76", "size": "13.33", "side": "SELL", "hash": "5c45674e144afa8e3d2cb7bb3134ddc3a0d32ef0", "best_bid": "0.08", "best_ask": "0.09"}], "timestamp": "1769384123574", "event_type": "price_change"}}
{"_local_timestamp": "2026-01-25T23:35:24.352142+00:00", "data": {"market": "0x14501df0ca5ec395792b0614b18133b72e702a9a2615dd0a4b3f0c6e097de081", "price_changes": [{"asset_id": "36584990740430575779853916178487409250519468755041580140068769472851047579138", "price": "0.25", "size": "1780", "side": "BUY", "hash": "ff94fe85ccf9d04fe82941afc9d97105ed96249e", "best_bid": "0.91", "best_ask": "0.92"}, {"asset_id": "60482166031720291380868655057144166386114272673178755337360544583400474201659", "price": "0.75", "size": "1780", "side": "SELL", "hash": "036dee6c8cd1eb81a7331167f311dd5f43de8065", "best_bid": "0.08", "best_ask": "0.09"}], "timestamp": "1769384123942", "event_type": "price_change"}}
{"_local_timestamp": "2026-01-25T23:35:26.780884+00:00", "data": {"market": "0x14501df0ca5ec395792b0614b18133b72e702a9a2615dd0a4b3f0c6e097de081", "price_changes": [{"asset_id": "36584990740430575779853916178487409250519468755041580140068769472851047579138", "price": "0.29", "size": "211.18", "side": "BUY", "hash": "e49f37e1ad27ddcaf49842e0f0bf9fd4a9b2494f", "best_bid": "0.91", "best_ask": "0.92"}, {"asset_id": "60482166031720291380868655057144166386114272673178755337360544583400474201659", "price": "0.71", "size": "211.18", "side": "SELL", "hash": "d3f92aafc0f04de4524b0d2f43db4d6fb930a6ff", "best_bid": "0.08", "best_ask": "0.09"}], "timestamp": "1769384126551", "event_type": "price_change"}}
{"_local_timestamp": "2026-01-25T23:35:27.220119+00:00", "data": {"market": "0x14501df0ca5ec395792b0614b18133b72e702a9a2615dd0a4b3f0c6e097de081", "price_changes": [{"asset_id": "36584990740430575779853916178487409250519468755041580140068769472851047579138", "price": "0.24", "size": "63.33", "side": "BUY", "hash": "0e47c3e827700743f75e173822905451a8eb1199", "best_bid": "0.91", "best_ask": "0.92"}, {"asset_id": "60482166031720291380868655057144166386114272673178755337360544583400474201659", "price": "0.76", "size": "63.33", "side": "SELL", "hash": "7e711ceae290775570c977990c70fa090ed5b808", "best_bid": "0.08", "best_ask": "0.09"}], "timestamp": "1769384126891", "event_type": "price_change"}}
{"_local_timestamp": "2026-01-25T23:35:56.450291+00:00", "data": {"market": "0x14501df0ca5ec395792b0614b18133b72e702a9a2615dd0a4b3f0c6e097de081", "price_changes": [{"asset_id": "36584990740430575779853916178487409250519468755041580140068769472851047579138", "price": "0.23", "size": "815.73", "side": "BUY", "hash": "eee027eb72db6cc6afa864d6da0c7fe20fda38b2", "best_bid": "0.91", "best_ask": "0.92"}, {"asset_id": "60482166031720291380868655057144166386114272673178755337360544583400474201659", "price": "0.77", "size": "815.73", "side": "SELL", "hash": "1360acd38ac00e11850ab24fb47d33833535ca03", "best_bid": "0.08", "best_ask": "0.09"}], "timestamp": "1769384156294", "event_type": "price_change"}}
{"_local_timestamp": "2026-01-25T23:35:56.451876+00:00", "data": {"market": "0x14501df0ca5ec395792b0614b18133b72e702a9a2615dd0a4b3f0c6e097de081", "price_changes": [{"asset_id": "36584990740430575779853916178487409250519468755041580140068769472851047579138", "price": "0.29", "size": "161.18", "side": "BUY", "hash": "eee027eb72db6cc6afa864d6da0c7fe20fda38b2", "best_bid": "0.91", "best_ask": "0.92"}, {"asset_id": "60482166031720291380868655057144166386114272673178755337360544583400474201659", "price": "0.71", "size": "161.18", "side": "SELL", "hash": "1360acd38ac00e11850ab24fb47d33833535ca03", "best_bid": "0.08", "best_ask": "0.09"}], "timestamp": "1769384156294", "event_type": "price_change"}}
{"_local_timestamp": "2026-01-25T23:35:56.893189+00:00", "data": {"market": "0x14501df0ca5ec395792b0614b18133b72e702a9a2615dd0a4b3f0c6e097de081", "price_changes": [{"asset_id": "36584990740430575779853916178487409250519468755041580140068769472851047579138", "price": "0.28", "size": "142.85", "side": "BUY", "hash": "08a6b02d3cea216967b6467e3041bbdc01882e97", "best_bid": "0.91", "best_ask": "0.92"}, {"asset_id": "60482166031720291380868655057144166386114272673178755337360544583400474201659", "price": "0.72", "size": "142.85", "side": "SELL", "hash": "a1c2905d090771e5f5baf39c65b4270f82864f81", "best_bid": "0.08", "best_ask": "0.09"}], "timestamp": "1769384156752", "event_type": "price_change"}}
{"_local_timestamp": "2026-01-25T23:35:56.911524+00:00", "data": {"market": "0x14501df0ca5ec395792b0614b18133b72e702a9a2615dd0a4b3f0c6e097de081", "price_changes": [{"asset_id": "36584990740430575779853916178487409250519468755041580140068769472851047579138", "price": "0.24", "size": "113.33", "side": "BUY", "hash": "42896e444b4f6f2ee29d60b6a03eb0cfde32afff", "best_bid": "0.91", "best_ask": "0.92"}, {"asset_id": "60482166031720291380868655057144166386114272673178755337360544583400474201659", "price": "0.76", "size": "113.33", "side": "SELL", "hash": "aa619a53610348acc521365747291fbfc7b0c501", "best_bid": "0.08", "best_ask": "0.09"}], "timestamp": "1769384156774", "event_type": "price_change"}}
{"_local_timestamp": "2026-01-25T23:35:58.142684+00:00", "data": {"market": "0x14501df0ca5ec395792b0614b18133b72e702a9a2615dd0a4b3f0c6e097de081", "price_changes": [{"asset_id": "36584990740430575779853916178487409250519468755041580140068769472851047579138", "price": "0.25", "size": "100", "side": "BUY", "hash": "f24ee8be7e79209ab34b42e0e1a94648c01155c8", "best_bid": "0.91", "best_ask": "0.92"}, {"asset_id": "60482166031720291380868655057144166386114272673178755337360544583400474201659", "price": "0.75", "size": "100", "side": "SELL", "hash": "41bcd6377d3a53cfbbf801b3cf95fa23ffe709b2", "best_bid": "0.08", "best_ask": "0.09"}], "timestamp": "1769384158066", "event_type": "price_change"}}
{"_local_timestamp": "2026-01-25T23:36:43.187247+00:00", "data": {"market": "0x14501df0ca5ec395792b0614b18133b72e702a9a2615dd0a4b3f0c6e097de081", "price_changes": [{"asset_id": "36584990740430575779853916178487409250519468755041580140068769472851047579138", "price": "0.29", "size": "111.18", "side": "BUY", "hash": "77c1c088d5be255b87db845c90e9a5ec4987d123", "best_bid": "0.91", "best_ask": "0.92"}, {"asset_id": "60482166031720291380868655057144166386114272673178755337360544583400474201659", "price": "0.71", "size": "111.18", "side": "SELL", "hash": "c7a74a04c73bc26b4e8bd7fe5270af0070f8884f", "best_bid": "0.08", "best_ask": "0.09"}], "timestamp": "1769384203119", "event_type": "price_change"}}
{"_local_timestamp": "2026-01-25T23:36:43.318889+00:00", "data": {"market": "0x14501df0ca5ec395792b0614b18133b72e702a9a2615dd0a4b3f0c6e097de081", "price_changes": [{"asset_id": "36584990740430575779853916178487409250519468755041580140068769472851047579138", "price": "0.25", "size": "0", "side": "BUY", "hash": "411c7425287898c3bbc6c2727e59fb037112a3e0", "best_bid": "0.91", "best_ask": "0.92"}, {"asset_id": "60482166031720291380868655057144166386114272673178755337360544583400474201659", "price": "0.75", "size": "0", "side": "SELL", "hash": "89d86d98ce143e67a406b494002e8f6141335f8f", "best_bid": "0.08", "best_ask": "0.09"}], "timestamp": "1769384203220", "event_type": "price_change"}}
{"_local_timestamp": "2026-01-25T23:36:43.636640+00:00", "data": {"market": "0x14501df0ca5ec395792b0614b18133b72e702a9a2615dd0a4b3f0c6e097de081", "price_changes": [{"asset_id": "36584990740430575779853916178487409250519468755041580140068769472851047579138", "price": "0.28", "size": "192.85", "side": "BUY", "hash": "227cdcf079c69c28e68a0f7b48867f1cc6abc040", "best_bid": "0.91", "best_ask": "0.92"}, {"asset_id": "60482166031720291380868655057144166386114272673178755337360544583400474201659", "price": "0.72", "size": "192.85", "side": "SELL", "hash": "2c2c9bef869c55264e20f08bfad167eb2435dfd5", "best_bid": "0.08", "best_ask": "0.09"}], "timestamp": "1769384203559", "event_type": "price_change"}}
{"_local_timestamp": "2026-01-25T23:36:43.687989+00:00", "data": {"market": "0x14501df0ca5ec395792b0614b18133b72e702a9a2615dd0a4b3f0c6e097de081", "price_changes": [{"asset_id": "36584990740430575779853916178487409250519468755041580140068769472851047579138", "price": "0.23", "size": "915.73", "side": "BUY", "hash": "2ba51503f939921448f74140d574c01e66342683", "best_bid": "0.91", "best_ask": "0.92"}, {"asset_id": "60482166031720291380868655057144166386114272673178755337360544583400474201659", "price": "0.77", "size": "915.73", "side": "SELL", "hash": "46af86689cce53f87b0ef41ea2ae8a3d3c71507c", "best_bid": "0.08", "best_ask": "0.09"}], "timestamp": "1769384203574", "event_type": "price_change"}}
{"_local_timestamp": "2026-01-25T23:36:55.177921+00:00", "data": {"market": "0x14501df0ca5ec395792b0614b18133b72e702a9a2615dd0a4b3f0c6e097de081", "price_changes": [{"asset_id": "36584990740430575779853916178487409250519468755041580140068769472851047579138", "price": "0.29", "size": "11.18", "side": "BUY", "hash": "3a71701d19c3e18ef58e72e842137059cf703911", "best_bid": "0.91", "best_ask": "0.92"}, {"asset_id": "60482166031720291380868655057144166386114272673178755337360544583400474201659", "price": "0.71", "size": "11.18", "side": "SELL", "hash": "379d0a2a5fb52bab7d4caa2653734cba921a9280", "best_bid": "0.08", "best_ask": "0.09"}], "timestamp": "1769384215034", "event_type": "price_change"}}
{"_local_timestamp": "2026-01-25T23:36:56.135592+00:00", "data": {"market": "0x14501df0ca5ec395792b0614b18133b72e702a9a2615dd0a4b3f0c6e097de081", "price_changes": [{"asset_id": "36584990740430575779853916178487409250519468755041580140068769472851047579138", "price": "0.25", "size": "100", "side": "BUY", "hash": "d5bfbb9a61a68bc5972da252abb4b5252cb71608", "best_bid": "0.91", "best_ask": "0.92"}, {"asset_id": "60482166031720291380868655057144166386114272673178755337360544583400474201659", "price": "0.75", "size": "100", "side": "SELL", "hash": "e8e803ceeb4ea67e2daab7d5683172a5bd4c0e55", "best_bid": "0.08", "best_ask": "0.09"}], "timestamp": "1769384215720", "event_type": "price_change"}}
{"_local_timestamp": "2026-01-25T23:37:00.474057+00:00", "data": {"market": "0x14501df0ca5ec395792b0614b18133b72e702a9a2615dd0a4b3f0c6e097de081", "price_changes": [{"asset_id": "36584990740430575779853916178487409250519468755041580140068769472851047579138", "price": "0.24", "size": "1861.33", "side": "BUY", "hash": "e9686d2e88fe80329b9cbb692b7bd57820558d3e", "best_bid": "0.91", "best_ask": "0.92"}, {"asset_id": "60482166031720291380868655057144166386114272673178755337360544583400474201659", "price": "0.76", "size": "1861.33", "side": "SELL", "hash": "93395faf21d5ed6d76448035e4c78c37da28a43c", "best_bid": "0.08", "best_ask": "0.09"}], "timestamp": "1769384220399", "event_type": "price_change"}}
{"_local_timestamp": "2026-01-25T23:37:04.614468+00:00", "data": {"market": "0x14501df0ca5ec395792b0614b18133b72e702a9a2615dd0a4b3f0c6e097de081", "price_changes": [{"asset_id": "60482166031720291380868655057144166386114272673178755337360544583400474201659", "price": "0.09", "size": "3692.71", "side": "SELL", "hash": "b2f9736a7537f5d68ff8a2d37ceed8196bd9c65b", "best_bid": "0.08", "best_ask": "0.09"}, {"asset_id": "36584990740430575779853916178487409250519468755041580140068769472851047579138", "price": "0.91", "size": "3692.71", "side": "BUY", "hash": "11b64b302530d057336b9b534f203163dbe0e142", "best_bid": "0.91", "best_ask": "0.92"}], "timestamp": "1769384224540", "event_type": "price_change"}}
{"_local_timestamp": "2026-01-25T23:37:04.615557+00:00", "data": {"market": "0x14501df0ca5ec395792b0614b18133b72e702a9a2615dd0a4b3f0c6e097de081", "price_changes": [{"asset_id": "60482166031720291380868655057144166386114272673178755337360544583400474201659", "price": "0.12", "size": "2400", "side": "SELL", "hash": "b2f9736a7537f5d68ff8a2d37ceed8196bd9c65b", "best_bid": "0.08", "best_ask": "0.09"}, {"asset_id": "36584990740430575779853916178487409250519468755041580140068769472851047579138", "price": "0.88", "size": "2400", "side": "BUY", "hash": "11b64b302530d057336b9b534f203163dbe0e142", "best_bid": "0.91", "best_ask": "0.92"}], "timestamp": "1769384224540", "event_type": "price_change"}}
{"_local_timestamp": "2026-01-25T23:37:04.616014+00:00", "data": {"market": "0x14501df0ca5ec395792b0614b18133b72e702a9a2615dd0a4b3f0c6e097de081", "price_changes": [{"asset_id": "60482166031720291380868655057144166386114272673178755337360544583400474201659", "price": "0.21", "size": "0", "side": "SELL", "hash": "b2f9736a7537f5d68ff8a2d37ceed8196bd9c65b", "best_bid": "0.08", "best_ask": "0.09"}, {"asset_id": "36584990740430575779853916178487409250519468755041580140068769472851047579138", "price": "0.79", "size": "0", "side": "BUY", "hash": "11b64b302530d057336b9b534f203163dbe0e142", "best_bid": "0.91", "best_ask": "0.92"}], "timestamp": "1769384224540", "event_type": "price_change"}}
{"_local_timestamp": "2026-01-25T23:37:04.616591+00:00", "data": {"market": "0x14501df0ca5ec395792b0614b18133b72e702a9a2615dd0a4b3f0c6e097de081", "price_changes": [{"asset_id": "60482166031720291380868655057144166386114272673178755337360544583400474201659", "price": "0.15", "size": "14.1", "side": "SELL", "hash": "b2f9736a7537f5d68ff8a2d37ceed8196bd9c65b", "best_bid": "0.08", "best_ask": "0.09"}, {"asset_id": "36584990740430575779853916178487409250519468755041580140068769472851047579138", "price": "0.85", "size": "14.1", "side": "BUY", "hash": "11b64b302530d057336b9b534f203163dbe0e142", "best_bid": "0.91", "best_ask": "0.92"}], "timestamp": "1769384224540", "event_type": "price_change"}}
{"_local_timestamp": "2026-01-25T23:37:04.617045+00:00", "data": {"market": "0x14501df0ca5ec395792b0614b18133b72e702a9a2615dd0a4b3f0c6e097de081", "price_changes": [{"asset_id": "60482166031720291380868655057144166386114272673178755337360544583400474201659", "price": "0.18", "size": "500", "side": "SELL", "hash": "b2f9736a7537f5d68ff8a2d37ceed8196bd9c65b", "best_bid": "0.08", "best_ask": "0.09"}, {"asset_id": "36584990740430575779853916178487409250519468755041580140068769472851047579138", "price": "0.82", "size": "500", "side": "BUY", "hash": "11b64b302530d057336b9b534f203163dbe0e142", "best_bid": "0.91", "best_ask": "0.92"}], "timestamp": "1769384224540", "event_type": "price_change"}}
{"_local_timestamp": "2026-01-25T23:37:13.128960+00:00", "data": {"market": "0x14501df0ca5ec395792b0614b18133b72e702a9a2615dd0a4b3f0c6e097de081", "price_changes": [{"asset_id": "36584990740430575779853916178487409250519468755041580140068769472851047579138", "price": "0.24", "size": "1811.33", "side": "BUY", "hash": "b04a57fafa80776e54ffa61f5be62d79f85f6202", "best_bid": "0.91", "best_ask": "0.92"}, {"asset_id": "60482166031720291380868655057144166386114272673178755337360544583400474201659", "price": "0.76", "size": "1811.33", "side": "SELL", "hash": "ce247291d29e2cc560c8f21ccd323f7fe475c6e0", "best_bid": "0.08", "best_ask": "0.09"}], "timestamp": "1769384233002", "event_type": "price_change"}}
{"_local_timestamp": "2026-01-25T23:37:13.548089+00:00", "data": {"market": "0x14501df0ca5ec395792b0614b18133b72e702a9a2615dd0a4b3f0c6e097de081", "price_changes": [{"asset_id": "36584990740430575779853916178487409250519468755041580140068769472851047579138", "price": "0.25", "size": "150", "side": "BUY", "hash": "0cd8782e992e37dd10ee70aabe79591ee7e550f2", "best_bid": "0.91", "best_ask": "0.92"}, {"asset_id": "60482166031720291380868655057144166386114272673178755337360544583400474201659", "price": "0.75", "size": "150", "side": "SELL", "hash": "b788a69a2d4a7ce9574f03220de4b40e2fa10e66", "best_bid": "0.08", "best_ask": "0.09"}], "timestamp": "1769384233388", "event_type": "price_change"}}
{"_local_timestamp": "2026-01-25T23:37:26.863291+00:00", "data": {"market": "0x14501df0ca5ec395792b0614b18133b72e702a9a2615dd0a4b3f0c6e097de081", "price_changes": [{"asset_id": "60482166031720291380868655057144166386114272673178755337360544583400474201659", "price": "0.12", "size": "2454", "side": "SELL", "hash": "fbdfad37fc6cdb9ee278300d8757b26c5b54b85a", "best_bid": "0.08", "best_ask": "0.09"}, {"asset_id": "36584990740430575779853916178487409250519468755041580140068769472851047579138", "price": "0.88", "size": "2454", "side": "BUY", "hash": "f673b886922b111af81a7d5a013dcbf01fdd1580", "best_bid": "0.91", "best_ask": "0.92"}], "timestamp": "1769384246790", "event_type": "price_change"}}
{"_local_timestamp": "2026-01-25T23:37:26.863752+00:00", "data": {"market": "0x14501df0ca5ec395792b0614b18133b72e702a9a2615dd0a4b3f0c6e097de081", "price_changes": [{"asset_id": "60482166031720291380868655057144166386114272673178755337360544583400474201659", "price": "0.18", "size": "554", "side": "SELL", "hash": "09ab4f1b90bdd6de3a0433b61f1f8d0cef11a1b6", "best_bid": "0.08", "best_ask": "0.09"}, {"asset_id": "36584990740430575779853916178487409250519468755041580140068769472851047579138", "price": "0.82", "size": "554", "side": "BUY", "hash": "8897b02db0295e4ac964abab1f7c0eff129bc9bf", "best_bid": "0.91", "best_ask": "0.92"}], "timestamp": "1769384246791", "event_type": "price_change"}}
{"_local_timestamp": "2026-01-25T23:37:26.864171+00:00", "data": {"market": "0x14501df0ca5ec395792b0614b18133b72e702a9a2615dd0a4b3f0c6e097de081", "price_changes": [{"asset_id": "60482166031720291380868655057144166386114272673178755337360544583400474201659", "price": "0.15", "size": "68.1", "side": "SELL", "hash": "e57c57f758b0ce84d3ef2128bf75452cd61c7dde", "best_bid": "0.08", "best_ask": "0.09"}, {"asset_id": "36584990740430575779853916178487409250519468755041580140068769472851047579138", "price": "0.85", "size": "68.1", "side": "BUY", "hash": "40f1f71663dfaa962a21c375b6e83c29e62a4dcc", "best_bid": "0.91", "best_ask": "0.92"}], "timestamp": "1769384246792", "event_type": "price_change"}}
{"_local_timestamp": "2026-01-25T23:37:26.864519+00:00", "data": {"market": "0x14501df0ca5ec395792b0614b18133b72e702a9a2615dd0a4b3f0c6e097de081", "price_changes": [{"asset_id": "60482166031720291380868655057144166386114272673178755337360544583400474201659", "price": "0.09", "size": "3746.71", "side": "SELL", "hash": "0288982965127bcc7ec931ff2630dc8b11d72745", "best_bid": "0.08", "best_ask": "0.09"}, {"asset_id": "36584990740430575779853916178487409250519468755041580140068769472851047579138", "price": "0.91", "size": "3746.71", "side": "BUY", "hash": "c982975d4e1fcb29fbc60c55ec9f34f0226a651a", "best_bid": "0.91", "best_ask": "0.92"}], "timestamp": "1769384246793", "event_type": "price_change"}}
{"_local_timestamp": "2026-01-25T23:37:26.864864+00:00", "data": {"market": "0x14501df0ca5ec395792b0614b18133b72e702a9a2615dd0a4b3f0c6e097de081", "price_changes": [{"asset_id": "60482166031720291380868655057144166386114272673178755337360544583400474201659", "price": "0.21", "size": "54", "side": "SELL", "hash": "407506fb32b2f0b877af326243f526bae415826a", "best_bid": "0.08", "best_ask": "0.09"}, {"asset_id": "36584990740430575779853916178487409250519468755041580140068769472851047579138", "price": "0.79", "size": "54", "side": "BUY", "hash": "fc4f49de402e715f6af12a268c48890caf104df5", "best_bid": "0.91", "best_ask": "0.92"}], "timestamp": "1769384246793", "event_type": "price_change"}}
{"_local_timestamp": "2026-01-25T23:37:34.560361+00:00", "data": {"market": "0x14501df0ca5ec395792b0614b18133b72e702a9a2615dd0a4b3f0c6e097de081", "price_changes": [{"asset_id": "60482166031720291380868655057144166386114272673178755337360544583400474201659", "price": "0.08", "size": "1427.51", "side": "BUY", "hash": "21c63db45e6931143d1d98959cda5ca04b1f162e", "best_bid": "0.08", "best_ask": "0.09"}, {"asset_id": "36584990740430575779853916178487409250519468755041580140068769472851047579138", "price": "0.92", "size": "1427.51", "side": "SELL", "hash": "240e5062539d3406afca068ec77933bfc0a74cc5", "best_bid": "0.91", "best_ask": "0.92"}], "timestamp": "1769384254493", "event_type": "price_change"}}
{"_local_timestamp": "2026-01-25T23:37:34.560830+00:00", "data": {"market": "0x14501df0ca5ec395792b0614b18133b72e702a9a2615dd0a4b3f0c6e097de081", "price_changes": [{"asset_id": "36584990740430575779853916178487409250519468755041580140068769472851047579138", "price": "0.92", "size": "1427.51", "side": "SELL", "hash": "240e5062539d3406afca068ec77933bfc0a74cc5", "best_bid": "0.91", "best_ask": "0.92"}, {"asset_id": "60482166031720291380868655057144166386114272673178755337360544583400474201659", "price": "0.08", "size": "1427.51", "side": "BUY", "hash": "21c63db45e6931143d1d98959cda5ca04b1f162e", "best_bid": "0.08", "best_ask": "0.09"}], "timestamp": "1769384254493", "event_type": "price_change"}}
{"_local_timestamp": "2026-01-25T23:37:34.561459+00:00", "data": {"market": "0x14501df0ca5ec395792b0614b18133b72e702a9a2615dd0a4b3f0c6e097de081", "asset_id": "60482166031720291380868655057144166386114272673178755337360544583400474201659", "bids": [{"price": "0.01", "size": "310080.7"}, {"price": "0.02", "size": "25544.97"}, {"price": "0.03", "size": "12180.31"}, {"price": "0.04", "size": "6805"}, {"price": "0.05", "size": "4707.4"}, {"price": "0.06", "size": "4730"}, {"price": "0.07", "size": "2807.62"}, {"price": "0.08", "size": "1427.51"}], "asks": [{"price": "0.99", "size": "7720.81"}, {"price": "0.98", "size": "3000"}, {"price": "0.97", "size": "356.66"}, {"price": "0.96", "size": "6.48"}, {"price": "0.95", "size": "30"}, {"price": "0.94", "size": "86.33"}, {"price": "0.91", "size": "1400"}, {"price": "0.9", "size": "32"}, {"price": "0.89", "size": "5.44"}, {"price": "0.88", "size": "26.66"}, {"price": "0.86", "size": "242.85"}, {"price": "0.85", "size": "650"}, {"price": "0.84", "size": "20"}, {"price": "0.82", "size": "177.77"}, {"price": "0.8", "size": "400"}, {"price": "0.79", "size": "15.23"}, {"price": "0.77", "size": "915.73"}, {"price": "0.76", "size": "1811.33"}, {"price": "0.75", "size": "150"}, {"price": "0.72", "size": "192.85"}, {"price": "0.71", "size": "11.18"}, {"price": "0.68", "size": "84.93"}, {"price": "0.67", "size": "9.69"}, {"price": "0.66", "size": "50"}, {"price": "0.63", "size": "54.05"}, {"price": "0.62", "size": "8.42"}, {"price": "0.59", "size": "1469.8"}, {"price": "0.5", "size": "666.4"}, {"price": "0.49", "size": "6.27"}, {"price": "0.36", "size": "5.26"}, {"price": "0.3", "size": "505"}, {"price": "0.27", "size": "8.94"}, {"price": "0.25", "size": "400"}, {"price": "0.22", "size": "29"}, {"price": "0.21", "size": "54"}, {"price": "0.2", "size": "56.47"}, {"price": "0.18", "size": "554"}, {"price": "0.15", "size": "68.1"}, {"price": "0.13", "size": "400"}, {"price": "0.12", "size": "2454"}, {"price": "0.11", "size": "460"}, {"price": "0.1", "size": "103271.24"}, {"price": "0.09", "size": "3746.71"}], "hash": "21c63db45e6931143d1d98959cda5ca04b1f162e", "timestamp": "1769384254493", "event_type": "book"}}
{"_local_timestamp": "2026-01-25T23:37:34.562110+00:00", "data": {"market": "0x14501df0ca5ec395792b0614b18133b72e702a9a2615dd0a4b3f0c6e097de081", "asset_id": "36584990740430575779853916178487409250519468755041580140068769472851047579138", "bids": [{"price": "0.01", "size": "7720.81"}, {"price": "0.02", "size": "3000"}, {"price": "0.03", "size": "356.66"}, {"price": "0.04", "size": "6.48"}, {"price": "0.05", "size": "30"}, {"price": "0.06", "size": "86.33"}, {"price": "0.09", "size": "1400"}, {"price": "0.1", "size": "32"}, {"price": "0.11", "size": "5.44"}, {"price": "0.12", "size": "26.66"}, {"price": "0.14", "size": "242.85"}, {"price": "0.15", "size": "650"}, {"price": "0.16", "size": "20"}, {"price": "0.18", "size": "177.77"}, {"price": "0.2", "size": "400"}, {"price": "0.21", "size": "15.23"}, {"price": "0.23", "size": "915.73"}, {"price": "0.24", "size": "1811.33"}, {"price": "0.25", "size": "150"}, {"price": "0.28", "size": "192.85"}, {"price": "0.29", "size": "11.18"}, {"price": "0.32", "size": "84.93"}, {"price": "0.33", "size": "9.69"}, {"price": "0.34", "size": "50"}, {"price": "0.37", "size": "54.05"}, {"price": "0.38", "size": "8.42"}, {"price": "0.41", "size": "1469.8"}, {"price": "0.5", "size": "666.4"}, {"price": "0.51", "size": "6.27"}, {"price": "0.64", "size": "5.26"}, {"price": "0.7", "size": "505"}, {"price": "0.73", "size": "8.94"}, {"price": "0.75", "size": "400"}, {"price": "0.78", "size": "29"}, {"price": "0.79", "size": "54"}, {"price": "0.8", "size": "56.47"}, {"price": "0.82", "size": "554"}, {"price": "0.85", "size": "68.1"}, {"price": "0.87", "size": "400"}, {"price": "0.88", "size": "2454"}, {"price": "0.89", "size": "460"}, {"price": "0.9", "size": "103271.24"}, {"price": "0.91", "size": "3746.71"}], "asks": [{"price": "0.99", "size": "310080.7"}, {"price": "0.98", "size": "25544.97"}, {"price": "0.97", "size": "12180.31"}, {"price": "0.96", "size": "6805"}, {"price": "0.95", "size": "4707.4"}, {"price": "0.94", "size": "4730"}, {"price": "0.93", "size": "2807.62"}, {"price": "0.92", "size": "1427.51"}], "hash": "240e5062539d3406afca068ec77933bfc0a74cc5", "timestamp": "1769384254493", "event_type": "book"}}
{"_local_timestamp": "2026-01-25T23:37:34.593835+00:00", "data": {"market": "0x14501df0ca5ec395792b0614b18133b72e702a9a2615dd0a4b3f0c6e097de081", "asset_id": "60482166031720291380868655057144166386114272673178755337360544583400474201659", "price": "0.08", "size": "80", "fee_rate_bps": "0", "side": "SELL", "timestamp": "1769384254522", "event_type": "last_trade_price", "transaction_hash": "0x36317a8e98f802b702ef2e2b41bfc5994b281aa4e5b43b0872fb38ee7866749f"}}
{"_local_timestamp": "2026-01-25T23:37:35.337730+00:00", "data": {"market": "0x14501df0ca5ec395792b0614b18133b72e702a9a2615dd0a4b3f0c6e097de081", "price_changes": [{"asset_id": "36584990740430575779853916178487409250519468755041580140068769472851047579138", "price": "0.24", "size": "63.33", "side": "BUY", "hash": "0750cd60fdc8ade0712ad3d2a1e891447e370bd7", "best_bid": "0.91", "best_ask": "0.92"}, {"asset_id": "60482166031720291380868655057144166386114272673178755337360544583400474201659", "price": "0.76", "size": "63.33", "side": "SELL", "hash": "282b0ad0b18cd1759a10ac39b0d8820fd685fde1", "best_bid": "0.08", "best_ask": "0.09"}], "timestamp": "1769384255121", "event_type": "price_change"}}
{"_local_timestamp": "2026-01-25T23:37:58.077051+00:00", "data": {"market": "0x14501df0ca5ec395792b0614b18133b72e702a9a2615dd0a4b3f0c6e097de081", "price_changes": [{"asset_id": "60482166031720291380868655057144166386114272673178755337360544583400474201659", "price": "0.02", "size": "544.97", "side": "BUY", "hash": "043b533bc9bae7e6f06fc810271d1e832f73e178", "best_bid": "0.08", "best_ask": "0.09"}, {"asset_id": "36584990740430575779853916178487409250519468755041580140068769472851047579138", "price": "0.98", "size": "544.97", "side": "SELL", "hash": "037791f36e4ab1a5a146c6ce7346700ce7ebafa6", "best_bid": "0.91", "best_ask": "0.92"}], "timestamp": "1769384278002", "event_type": "price_change"}}
{"_local_timestamp": "2026-01-25T23:37:58.086749+00:00", "data": {"market": "0x14501df0ca5ec395792b0614b18133b72e702a9a2615dd0a4b3f0c6e097de081", "price_changes": [{"asset_id": "60482166031720291380868655057144166386114272673178755337360544583400474201659", "price": "0.05", "size": "2027.4", "side": "BUY", "hash": "a65f0389fa591292bd760b2933191406b14290a2", "best_bid": "0.08", "best_ask": "0.09"}, {"asset_id": "36584990740430575779853916178487409250519468755041580140068769472851047579138", "price": "0.95", "size": "2027.4", "side": "SELL", "hash": "5a059c27006da2b30e7715de2177e03778241f8c", "best_bid": "0.91", "best_ask": "0.92"}], "timestamp": "1769384278006", "event_type": "price_change"}}
{"_local_timestamp": "2026-01-25T23:37:58.087173+00:00", "data": {"market": "0x14501df0ca5ec395792b0614b18133b72e702a9a2615dd0a4b3f0c6e097de081", "price_changes": [{"asset_id": "60482166031720291380868655057144166386114272673178755337360544583400474201659", "price": "0.04", "size": "6780", "side": "BUY", "hash": "a65f0389fa591292bd760b2933191406b14290a2", "best_bid": "0.08", "best_ask": "0.09"}, {"asset_id": "36584990740430575779853916178487409250519468755041580140068769472851047579138", "price": "0.96", "size": "6780", "side": "SELL", "hash": "5a059c27006da2b30e7715de2177e03778241f8c", "best_bid": "0.91", "best_ask": "0.92"}], "timestamp": "1769384278006", "event_type": "price_change"}}
{"_local_timestamp": "2026-01-25T23:38:02.972655+00:00", "data": {"market": "0x14501df0ca5ec395792b0614b18133b72e702a9a2615dd0a4b3f0c6e097de081", "price_changes": [{"asset_id": "60482166031720291380868655057144166386114272673178755337360544583400474201659", "price": "0.05", "size": "4707.4", "side": "BUY", "hash": "368dd3ed337515bf8e94eab8277af5a6a2c6015f", "best_bid": "0.08", "best_ask": "0.09"}, {"asset_id": "36584990740430575779853916178487409250519468755041580140068769472851047579138", "price": "0.95", "size": "4707.4", "side": "SELL", "hash": "1d5a7396e083d99f8026b8de18016b40166ec5b7", "best_bid": "0.91", "best_ask": "0.92"}], "timestamp": "1769384282894", "event_type": "price_change"}}
{"_local_timestamp": "2026-01-25T23:38:02.973306+00:00", "data": {"market": "0x14501df0ca5ec395792b0614b18133b72e702a9a2615dd0a4b3f0c6e097de081", "price_changes": [{"asset_id": "60482166031720291380868655057144166386114272673178755337360544583400474201659", "price": "0.04", "size": "6805", "side": "BUY", "hash": "d38e458c1cf829624be67f7b233b5366c16ae09d", "best_bid": "0.08", "best_ask": "0.09"}, {"asset_id": "36584990740430575779853916178487409250519468755041580140068769472851047579138", "price": "0.96", "size": "6805", "side": "SELL", "hash": "b84f82f9721143927eb34273765fedc1970fa701", "best_bid": "0.91", "best_ask": "0.92"}], "timestamp": "1769384282895", "event_type": "price_change"}}
{"_local_timestamp": "2026-01-25T23:38:02.973757+00:00", "data": {"market": "0x14501df0ca5ec395792b0614b18133b72e702a9a2615dd0a4b3f0c6e097de081", "price_changes": [{"asset_id": "60482166031720291380868655057144166386114272673178755337360544583400474201659", "price": "0.02", "size": "25544.97", "side": "BUY", "hash": "d3eb954429b200e628c376348f2295b438a971d3", "best_bid": "0.08", "best_ask": "0.09"}, {"asset_id": "36584990740430575779853916178487409250519468755041580140068769472851047579138", "price": "0.98", "size": "25544.97", "side": "SELL", "hash": "1e1962f7cd1dfbcf97bb805fb68bcb25ff7659cf", "best_bid": "0.91", "best_ask": "0.92"}], "timestamp": "1769384282896", "event_type": "price_change"}}
{"_local_timestamp": "2026-01-25T23:38:03.631797+00:00", "data": {"market": "0x14501df0ca5ec395792b0614b18133b72e702a9a2615dd0a4b3f0c6e097de081", "price_changes": [{"asset_id": "36584990740430575779853916178487409250519468755041580140068769472851047579138", "price": "0.23", "size": "815.73", "side": "BUY", "hash": "1ec8340b654f5f657b028de0e54259250eb0059b", "best_bid": "0.91", "best_ask": "0.92"}, {"asset_id": "60482166031720291380868655057144166386114272673178755337360544583400474201659", "price": "0.77", "size": "815.73", "side": "SELL", "hash": "06c2ffd4d64fa1c2b1ec717f7ac849f180f2a005", "best_bid": "0.08", "best_ask": "0.09"}], "timestamp": "1769384283563", "event_type": "price_change"}}
{"_local_timestamp": "2026-01-25T23:38:04.027789+00:00", "data": {"market": "0x14501df0ca5ec395792b0614b18133b72e702a9a2615dd0a4b3f0c6e097de081", "price_changes": [{"asset_id": "36584990740430575779853916178487409250519468755041580140068769472851047579138", "price": "0.24", "size": "163.33", "side": "BUY", "hash": "61c826a38a7a9ef12e287c94bb59e4b9a2f9f29e", "best_bid": "0.91", "best_ask": "0.92"}, {"asset_id": "60482166031720291380868655057144166386114272673178755337360544583400474201659", "price": "0.76", "size": "163.33", "side": "SELL", "hash": "8f9d27eb3328211e1f40f9c9714a8e3cd3b35fc2", "best_bid": "0.08", "best_ask": "0.09"}], "timestamp": "1769384283935", "event_type": "price_change"}}
{"_local_timestamp": "2026-01-25T23:38:16.268064+00:00", "data": {"market": "0x14501df0ca5ec395792b0614b18133b72e702a9a2615dd0a4b3f0c6e097de081", "price_changes": [{"asset_id": "60482166031720291380868655057144166386114272673178755337360544583400474201659", "price": "0.09", "size": "3735.59", "side": "SELL", "hash": "882d6199085a62cc18afb32acc3db03bc40c7a7f", "best_bid": "0.08", "best_ask": "0.09"}, {"asset_id": "36584990740430575779853916178487409250519468755041580140068769472851047579138", "price": "0.91", "size": "3735.59", "side": "BUY", "hash": "7ad9ab2f03d396c048a1226420c1605f16d5d60d", "best_bid": "0.91", "best_ask": "0.92"}], "timestamp": "1769384296202", "event_type": "price_change"}}
{"_local_timestamp": "2026-01-25T23:38:16.268822+00:00", "data": {"market": "0x14501df0ca5ec395792b0614b18133b72e702a9a2615dd0a4b3f0c6e097de081", "asset_id": "60482166031720291380868655057144166386114272673178755337360544583400474201659", "bids": [{"price": "0.01", "size": "310080.7"}, {"price": "0.02", "size": "25544.97"}, {"price": "0.03", "size": "12180.31"}, {"price": "0.04", "size": "6805"}, {"price": "0.05", "size": "4707.4"}, {"price": "0.06", "size": "4730"}, {"price": "0.07", "size": "2807.62"}, {"price": "0.08", "size": "1427.51"}], "asks": [{"price": "0.99", "size": "7720.81"}, {"price": "0.98", "size": "3000"}, {"price": "0.97", "size": "356.66"}, {"price": "0.96", "size": "6.48"}, {"price": "0.95", "size": "30"}, {"price": "0.94", "size": "86.33"}, {"price": "0.91", "size": "1400"}, {"price": "0.9", "size": "32"}, {"price": "0.89", "size": "5.44"}, {"price": "0.88", "size": "26.66"}, {"price": "0.86", "size": "242.85"}, {"price": "0.85", "size": "650"}, {"price": "0.84", "size": "20"}, {"price": "0.82", "size": "177.77"}, {"price": "0.8", "size": "400"}, {"price": "0.79", "size": "15.23"}, {"price": "0.77", "size": "815.73"}, {"price": "0.76", "size": "163.33"}, {"price": "0.75", "size": "150"}, {"price": "0.72", "size": "192.85"}, {"price": "0.71", "size": "11.18"}, {"price": "0.68", "size": "84.93"}, {"price": "0.67", "size": "9.69"}, {"price": "0.66", "size": "50"}, {"price": "0.63", "size": "54.05"}, {"price": "0.62", "size": "8.42"}, {"price": "0.59", "size": "1469.8"}, {"price": "0.5", "size": "666.4"}, {"price": "0.49", "size": "6.27"}, {"price": "0.36", "size": "5.26"}, {"price": "0.3", "size": "505"}, {"price": "0.27", "size": "8.94"}, {"price": "0.25", "size": "400"}, {"price": "0.22", "size": "29"}, {"price": "0.21", "size": "54"}, {"price": "0.2", "size": "56.47"}, {"price": "0.18", "size": "554"}, {"price": "0.15", "size": "68.1"}, {"price": "0.13", "size": "400"}, {"price": "0.12", "size": "2454"}, {"price": "0.11", "size": "460"}, {"price": "0.1", "size": "103271.24"}, {"price": "0.09", "size": "3735.59"}], "hash": "882d6199085a62cc18afb32acc3db03bc40c7a7f", "timestamp": "1769384296202", "event_type": "book"}}
{"_local_timestamp": "2026-01-25T23:38:16.269497+00:00", "data": {"market": "0x14501df0ca5ec395792b0614b18133b72e702a9a2615dd0a4b3f0c6e097de081", "asset_id": "36584990740430575779853916178487409250519468755041580140068769472851047579138", "bids": [{"price": "0.01", "size": "7720.81"}, {"price": "0.02", "size": "3000"}, {"price": "0.03", "size": "356.66"}, {"price": "0.04", "size": "6.48"}, {"price": "0.05", "size": "30"}, {"price": "0.06", "size": "86.33"}, {"price": "0.09", "size": "1400"}, {"price": "0.1", "size": "32"}, {"price": "0.11", "size": "5.44"}, {"price": "0.12", "size": "26.66"}, {"price": "0.14", "size": "242.85"}, {"price": "0.15", "size": "650"}, {"price": "0.16", "size": "20"}, {"price": "0.18", "size": "177.77"}, {"price": "0.2", "size": "400"}, {"price": "0.21", "size": "15.23"}, {"price": "0.23", "size": "815.73"}, {"price": "0.24", "size": "163.33"}, {"price": "0.25", "size": "150"}, {"price": "0.28", "size": "192.85"}, {"price": "0.29", "size": "11.18"}, {"price": "0.32", "size": "84.93"}, {"price": "0.33", "size": "9.69"}, {"price": "0.34", "size": "50"}, {"price": "0.37", "size": "54.05"}, {"price": "0.38", "size": "8.42"}, {"price": "0.41", "size": "1469.8"}, {"price": "0.5", "size": "666.4"}, {"price": "0.51", "size": "6.27"}, {"price": "0.64", "size": "5.26"}, {"price": "0.7", "size": "505"}, {"price": "0.73", "size": "8.94"}, {"price": "0.75", "size": "400"}, {"price": "0.78", "size": "29"}, {"price": "0.79", "size": "54"}, {"price": "0.8", "size": "56.47"}, {"price": "0.82", "size": "554"}, {"price": "0.85", "size": "68.1"}, {"price": "0.87", "size": "400"}, {"price": "0.88", "size": "2454"}, {"price": "0.89", "size": "460"}, {"price": "0.9", "size": "103271.24"}, {"price": "0.91", "size": "3735.59"}], "asks": [{"price": "0.99", "size": "310080.7"}, {"price": "0.98", "size": "25544.97"}, {"price": "0.97", "size": "12180.31"}, {"price": "0.96", "size": "6805"}, {"price": "0.95", "size": "4707.4"}, {"price": "0.94", "size": "4730"}, {"price": "0.93", "size": "2807.62"}, {"price": "0.92", "size": "1427.51"}], "hash": "7ad9ab2f03d396c048a1226420c1605f16d5d60d", "timestamp": "1769384296202", "event_type": "book"}}
{"_local_timestamp": "2026-01-25T23:38:16.299446+00:00", "data": {"market": "0x14501df0ca5ec395792b0614b18133b72e702a9a2615dd0a4b3f0c6e097de081", "asset_id": "60482166031720291380868655057144166386114272673178755337360544583400474201659", "price": "0.09", "size": "11.11111", "fee_rate_bps": "0", "side": "BUY", "timestamp": "1769384296231", "event_type": "last_trade_price", "transaction_hash": "0x5328f5ca32cdd67fbaa9bab7766dedf753d0820e17725aa0744dd7d8d7fdd0a9"}}
