{"_local_timestamp": "2026-01-25T23:40:30.257768+00:00", "data": [{"market": "0x14501df0ca5ec395792b0614b18133b72e702a9a2615dd0a4b3f0c6e097de081", "asset_id": "36584990740430575779853916178487409250519468755041580140068769472851047579138", "timestamp": "1769384426829", "hash": "692e753629bba0b9561fa81f8ec8bad327a87a13", "bids": [{"price": "0.01", "size": "7720.81"}, {"price": "0.02", "size": "3000"}, {"price": "0.03", "size": "383.33"}, {"price": "0.04", "size": "6.48"}, {"price": "0.05", "size": "30"}, {"price": "0.06", "size": "99.66"}, {"price": "0.09", "size": "1400"}, {"price": "0.1", "size": "40"}, {"price": "0.11", "size": "5.44"}, {"price": "0.14", "size": "270.62"}, {"price": "0.15", "size": "650"}, {"price": "0.16", "size": "25"}, {"price": "0.18", "size": "177.77"}, {"price": "0.2", "size": "400"}, {"price": "0.21", "size": "19.04"}, {"price": "0.23", "size": "965.73"}, {"price": "0.24", "size": "166.66"}, {"price": "0.26", "size": "1614"}, {"price": "0.28", "size": "192.85"}, {"price": "0.29", "size": "27.77"}, {"price": "0.32", "size": "75"}, {"price": "0.34", "size": "50"}, {"price": "0.35", "size": "11.42"}, {"price": "0.37", "size": "54.05"}, {"price": "0.38", "size": "10.52"}, {"price": "0.41", "size": "1462"}, {"price": "0.5", "size": "660"}, {"price": "0.64", "size": "5.26"}, {"price": "0.65", "size": "6.15"}, {"price": "0.7", "size": "500"}, {"price": "0.73", "size": "8.94"}, {"price": "0.75", "size": "400"}, {"price": "0.78", "size": "29"}, {"price": "0.79", "size": "54"}, {"price": "0.8", "size": "56.47"}, {"price": "0.82", "size": "554"}, {"price": "0.85", "size": "68.1"}, {"price": "0.87", "size": "400"}, {"price": "0.88", "size": "2454"}, {"price": "0.89", "size": "460"}, {"price": "0.9", "size": "103271.24"}, {"price": "0.91", "size": "3735.59"}], "asks": [{"price": "0.99", "size": "310080.7"}, {"price": "0.98", "size": "25544.97"}, {"price": "0.97", "size": "12180.31"}, {"price": "0.96", "size": "155"}, {"price": "0.95", "size": "4707.4"}, {"price": "0.94", "size": "4730"}, {"price": "0.93", "size": "2807.62"}, {"price": "0.92", "size": "1427.51"}], "event_type": "book", "last_trade_price": "0.090"}, {"market": "0x14501df0ca5ec395792b0614b18133b72e702a9a2615dd0a4b3f0c6e097de081", "asset_id": "60482166031720291380868655057144166386114272673178755337360544583400474201659", "timestamp": "1769384426829", "hash": "ea7e8eb8ae38a20631d657a934c2bb329ca106f4", "bids": [{"price": "0.01", "size": "310080.7"}, {"price": "0.02", "size": "25544.97"}, {"price": "0.03", "size": "12180.31"}, {"price": "0.04", "size": "155"}, {"price": "0.05", "size": "4707.4"}, {"price": "0.06", "size": "4730"}, {"price": "0.07", "size": "2807.62"}, {"price": "0.08", "size": "1427.51"}], "asks": [{"price": "0.99", "size": "7720.81"}, {"price": "0.98", "size": "3000"}, {"price": "0.97", "size": "383.33"}, {"price": "0.96", "size": "6.48"}, {"price": "0.95", "size": "30"}, {"price": "0.94", "size": "99.66"}, {"price": "0.91", "size": "1400"}, {"price": "0.9", "size": "40"}, {"price": "0.89", "size": "5.44"}, {"price": "0.86", "size": "270.62"}, {"price": "0.85", "size": "650"}, {"price": "0.84", "size": "25"}, {"price": "0.82", "size": "177.77"}, {"price": "0.8", "size": "400"}, {"price": "0.79", "size": "19.04"}, {"price": "0.77", "size": "965.73"}, {"price": "0.76", "size": "166.66"}, {"price": "0.74", "size": "1614"}, {"price": "0.72", "size": "192.85"}, {"price": "0.71", "size": "27.77"}, {"price": "0.68", "size": "75"}, {"price": "0.66", "size": "50"}, {"price": "0.65", "size": "11.42"}, {"price": "0.63", "size": "54.05"}, {"price": "0.62", "size": "10.52"}, {"price": "0.59", "size": "1462"}, {"price": "0.5", "size": "660"}, {"price": "0.36", "size": "5.26"}, {"price": "0.35", "size": "6.15"}, {"price": "0.3", "size": "500"}, {"price": "0.27", "size": "8.94"}, {"price": "0.25", "size": "400"}, {"price": "0.22", "size": "29"}, {"price": "0.21", "size": "54"}, {"price": "0.2", "size": "56.47"}, {"price": "0.18", "size": "554"}, {"price": "0.15", "size": "68.1"}, {"price": "0.13", "size": "400"}, {"price": "0.12", "size": "2454"}, {"price": "0.11", "size": "460"}, {"price": "0.1", "size": "103271.24"}, {"price": "0.09", "size": "3735.59"}], "event_type": "book", "last_trade_price": "0.090"}]}
{"_local_timestamp": "2026-01-25T23:40:40.467683+00:00", "data": {"market": "0x14501df0ca5ec395792b0614b18133b72e702a9a2615dd0a4b3f0c6e097de081", "price_changes": [{"asset_id": "36584990740430575779853916178487409250519468755041580140068769472851047579138", "price": "0.24", "size": "116.66", "side": "BUY", "hash": "cfda64295654f5b1f540080c6bfde337617fecaf", "best_bid": "0.91", "best_ask": "0.92"}, {"asset_id": "60482166031720291380868655057144166386114272673178755337360544583400474201659", "price": "0.76", "size": "116.66", "side": "SELL", "hash": "e88efff0bd3e6ac9a7047cd7dd011575638e396c", "best_bid": "0.08", "best_ask": "0.09"}], "timestamp": "1769384440262", "event_type": "price_change"}}
{"_local_timestamp": "2026-01-25T23:40:40.748335+00:00", "data": {"market": "0x14501df0ca5ec395792b0614b18133b72e702a9a2615dd0a4b3f0c6e097de081", "price_changes": [{"asset_id": "36584990740430575779853916178487409250519468755041580140068769472851047579138", "price": "0.29", "size": "77.77", "side": "BUY", "hash": "634e675d067832add4abda7831d27e20ef557ac7", "best_bid": "0.91", "best_ask": "0.92"}, {"asset_id": "60482166031720291380868655057144166386114272673178755337360544583400474201659", "price": "0.71", "size": "77.77", "side": "SELL", "hash": "34fba55f564410a8e7d87926256e921242524ddb", "best_bid": "0.08", "best_ask": "0.09"}], "timestamp": "1769384440578", "event_type": "price_change"}}
{"_local_timestamp": "2026-01-25T23:41:09.613521+00:00", "data": {"market": "0x14501df0ca5ec395792b0614b18133b72e702a9a2615dd0a4b3f0c6e097de081", "price_changes": [{"asset_id": "36584990740430575779853916178487409250519468755041580140068769472851047579138", "price": "0.28", "size": "142.85", "side": "BUY", "hash": "834b662439b9dd605f179cc12c1e200d00238b8c", "best_bid": "0.91", "best_ask": "0.92"}, {"asset_id": "60482166031720291380868655057144166386114272673178755337360544583400474201659", "price": "0.72", "size": "142.85", "side": "SELL", "hash": "856b31ee13a0abc38a088fe74cddc0c7c5bb05a8", "best_bid": "0.08", "best_ask": "0.09"}], "timestamp": "1769384469533", "event_type": "price_change"}}
{"_local_timestamp": "2026-01-25T23:41:09.911354+00:00", "data": {"market": "0x14501df0ca5ec395792b0614b18133b72e702a9a2615dd0a4b3f0c6e097de081", "price_changes": [{"asset_id": "36584990740430575779853916178487409250519468755041580140068769472851047579138", "price": "0.26", "size": "1664", "side": "BUY", "hash": "46af855226cb3c14457f4e44a0e40dfb97e31b8f", "best_bid": "0.91", "best_ask": "0.92"}, {"asset_id": "60482166031720291380868655057144166386114272673178755337360544583400474201659", "price": "0.74", "size": "1664", "side": "SELL", "hash": "668d55229db0dfde7897c8c5706a630043a185b5", "best_bid": "0.08", "best_ask": "0.09"}], "timestamp": "1769384469804", "event_type": "price_change"}}
{"_local_timestamp": "2026-01-25T23:41:14.633804+00:00", "data": {"market": "0x14501df0ca5ec395792b0614b18133b72e702a9a2615dd0a4b3f0c6e097de081", "price_changes": [{"asset_id": "36584990740430575779853916178487409250519468755041580140068769472851047579138", "price": "0.26", "size": "50", "side": "BUY", "hash": "5a6ce4b4d3cac4f818170ca0e6048e551954f143", "best_bid": "0.91", "best_ask": "0.92"}, {"asset_id": "60482166031720291380868655057144166386114272673178755337360544583400474201659", "price": "0.74", "size": "50", "side": "SELL", "hash": "69ffb19424929695e4df66eaf8fb42ce69cce55f", "best_bid": "0.08", "best_ask": "0.09"}], "timestamp": "1769384474531", "event_type": "price_change"}}
