{"_local_timestamp": "2026-01-25T23:33:17.747426+00:00", "data": [{"market": "0x14501df0ca5ec395792b0614b18133b72e702a9a2615dd0a4b3f0c6e097de081", "asset_id": "36584990740430575779853916178487409250519468755041580140068769472851047579138", "timestamp": "1769383964770", "hash": "e9d1128ddfd31638c3c71dbfe05aea84fb51e1b1", "bids": [{"price": "0.01", "size": "7720.81"}, {"price": "0.02", "size": "3000"}, {"price": "0.03", "size": "356.66"}, {"price": "0.04", "size": "6.48"}, {"price": "0.05", "size": "30"}, {"price": "0.06", "size": "86.33"}, {"price": "0.09", "size": "1400"}, {"price": "0.1", "size": "32"}, {"price": "0.11", "size": "5.44"}, {"price": "0.12", "size": "26.66"}, {"price": "0.14", "size": "242.85"}, {"price": "0.15", "size": "650"}, {"price": "0.16", "size": "20"}, {"price": "0.18", "size": "177.77"}, {"price": "0.2", "size": "400"}, {"price": "0.21", "size": "15.23"}, {"price": "0.23", "size": "965.73"}, {"price": "0.24", "size": "1911.33"}, {"price": "0.27", "size": "50"}, {"price": "0.28", "size": "92.85"}, {"price": "0.29", "size": "61.18"}, {"price": "0.32", "size": "84.93"}, {"price": "0.33", "size": "9.69"}, {"price": "0.34", "size": "50"}, {"price": "0.37", "size": "54.05"}, {"price": "0.38", "size": "8.42"}, {"price": "0.41", "size": "1469.8"}, {"price": "0.5", "size": "666.4"}, {"price": "0.51", "size": "6.27"}, {"price": "0.64", "size": "5.26"}, {"price": "0.7", "size": "505"}, {"price": "0.73", "size": "8.94"}, {"price": "0.75", "size": "400"}, {"price": "0.78", "size": "29"}, {"price": "0.79", "size": "54"}, {"price": "0.8", "size": "56.47"}, {"price": "0.82", "size": "554"}, {"price": "0.85", "size": "68.1"}, {"price": "0.87", "size": "400"}, {"price": "0.88", "size": "2454"}, {"price": "0.89", "size": "460"}, {"price": "0.9", "size": "103271.24"}, {"price": "0.91", "size": "3746.71"}], "asks": [{"price": "0.99", "size": "310080.7"}, {"price": "0.98", "size": "25544.97"}, {"price": "0.97", "size": "12180.31"}, {"price": "0.96", "size": "6805"}, {"price": "0.95", "size": "4707.4"}, {"price": "0.94", "size": "4730"}, {"price": "0.93", "size": "2807.62"}, {"price": "0.92", "size": "1507.51"}], "event_type": "book", "last_trade_price": "0.920"}, {"market": "0x14501df0ca5ec395792b0614b18133b72e702a9a2615dd0a4b3f0c6e097de081", "asset_id": "60482166031720291380868655057144166386114272673178755337360544583400474201659", "timestamp": "1769383964770", "hash": "794a2b2397e84f44046ce8795b715330ab052855", "bids": [{"price": "0.01", "size": "310080.7"}, {"price": "0.02", "size": "25544.97"}, {"price": "0.03", "size": "12180.31"}, {"price": "0.04", "size": "6805"}, {"price": "0.05", "size": "4707.4"}, {"price": "0.06", "size": "4730"}, {"price": "0.07", "size": "2807.62"}, {"price": "0.08", "size": "1507.51"}], "asks": [{"price": "0.99", "size": "7720.81"}, {"price": "0.98", "size": "3000"}, {"price": "0.97", "size": "356.66"}, {"price": "0.96", "size": "6.48"}, {"price": "0.95", "size": "30"}, {"price": "0.94", "size": "86.33"}, {"price": "0.91", "size": "1400"}, {"price": "0.9", "size": "32"}, {"price": "0.89", "size": "5.44"}, {"price": "0.88", "size": "26.66"}, {"price": "0.86", "size": "242.85"}, {"price": "0.85", "size": "650"}, {"price": "0.84", "size": "20"}, {"price": "0.82", "size": "177.77"}, {"price": "0.8", "size": "400"}, {"price": "0.79", "size": "15.23"}, {"price": "0.77", "size": "965.73"}, {"price": "0.76", "size": "1911.33"}, {"price": "0.73", "size": "50"}, {"price": "0.72", "size": "92.85"}, {"price": "0.71", "size": "61.18"}, {"price": "0.68", "size": "84.93"}, {"price": "0.67", "size": "9.69"}, {"price": "0.66", "size": "50"}, {"price": "0.63", "size": "54.05"}, {"price": "0.62", "size": "8.42"}, {"price": "0.59", "size": "1469.8"}, {"price": "0.5", "size": "666.4"}, {"price": "0.49", "size": "6.27"}, {"price": "0.36", "size": "5.26"}, {"price": "0.3", "size": "505"}, {"price": "0.27", "size": "8.94"}, {"price": "0.25", "size": "400"}, {"price": "0.22", "size": "29"}, {"price": "0.21", "size": "54"}, {"price": "0.2", "size": "56.47"}, {"price": "0.18", "size": "554"}, {"price": "0.15", "size": "68.1"}, {"price": "0.13", "size": "400"}, {"price": "0.12", "size": "2454"}, {"price": "0.11", "size": "460"}, {"price": "0.1", "size": "103271.24"}, {"price": "0.09", "size": "3746.71"}], "event_type": "book", "last_trade_price": "0.920"}]}
{"_local_timestamp": "2026-01-25T23:33:23.887362+00:00", "data": {"market": "0x14501df0ca5ec395792b0614b18133b72e702a9a2615dd0a4b3f0c6e097de081", "price_changes": [{"asset_id": "36584990740430575779853916178487409250519468755041580140068769472851047579138", "price": "0.23", "size": "865.73", "side": "BUY", "hash": "597e175b75a5fc2a9020caf0b258b19b4ede0f01", "best_bid": "0.91", "best_ask": "0.92"}, {"asset_id": "60482166031720291380868655057144166386114272673178755337360544583400474201659", "price": "0.77", "size": "865.73", "side": "SELL", "hash": "b40db650f456dafbccd61d5a7b0d9a79db353667", "best_bid": "0.08", "best_ask": "0.09"}], "timestamp": "1769384003788", "event_type": "price_change"}}
{"_local_timestamp": "2026-01-25T23:33:23.888197+00:00", "data": {"market": "0x14501df0ca5ec395792b0614b18133b72e702a9a2615dd0a4b3f0c6e097de081", "price_changes": [{"asset_id": "36584990740430575779853916178487409250519468755041580140068769472851047579138", "price": "0.29", "size": "11.18", "side": "BUY", "hash": "597e175b75a5fc2a9020caf0b258b19b4ede0f01", "best_bid": "0.91", "best_ask": "0.92"}, {"asset_id": "60482166031720291380868655057144166386114272673178755337360544583400474201659", "price": "0.71", "size": "11.18", "side": "SELL", "hash": "b40db650f456dafbccd61d5a7b0d9a79db353667", "best_bid": "0.08", "best_ask": "0.09"}], "timestamp": "1769384003788", "event_type": "price_change"}}
{"_local_timestamp": "2026-01-25T23:33:24.373896+00:00", "data": {"market": "0x14501df0ca5ec395792b0614b18133b72e702a9a2615dd0a4b3f0c6e097de081", "price_changes": [{"asset_id": "36584990740430575779853916178487409250519468755041580140068769472851047579138", "price": "0.28", "size": "142.85", "side": "BUY", "hash": "311b7a64ac7bf1365a2d278cca571e9be8e45bcf", "best_bid": "0.91", "best_ask": "0.92"}, {"asset_id": "60482166031720291380868655057144166386114272673178755337360544583400474201659", "price": "0.72", "size": "142.85", "side": "SELL", "hash": "d1a162dc0b01ea8f112dfcc37ec75b05c8a53970", "best_bid": "0.08", "best_ask": "0.09"}], "timestamp": "1769384004263", "event_type": "price_change"}}
{"_local_timestamp": "2026-01-25T23:33:24.407009+00:00", "data": {"market": "0x14501df0ca5ec395792b0614b18133b72e702a9a2615dd0a4b3f0c6e097de081", "price_changes": [{"asset_id": "36584990740430575779853916178487409250519468755041580140068769472851047579138", "price": "0.24", "size": "2011.33", "side": "BUY", "hash": "2d5aa79a1ca34ad3a7ee582951d18d10f18ebfda", "best_bid": "0.91", "best_ask": "0.92"}, {"asset_id": "60482166031720291380868655057144166386114272673178755337360544583400474201659", "price": "0.76", "size": "2011.33", "side": "SELL", "hash": "24a6a3f2270ba70d356b65e300eb75cb8cefd64d", "best_bid": "0.08", "best_ask": "0.09"}], "timestamp": "1769384004300", "event_type": "price_change"}}
