{"_local_timestamp": "2026-01-25T23:33:45.636111+00:00", "data": [{"market": "0xd04b9a3ea558298a7e91cb0db834f245d9665abeea1b686e990c6c74e9520717", "asset_id": "61209603388080731354007168047868609725631112056139174437880437731488779625501", "timestamp": "1769383838824", "hash": "20ce63f7fbe012591fb1fd3e005c8c6bbdd1cb61", "bids": [{"price": "0.01", "size": "121.2"}, {"price": "0.02", "size": "705.81"}, {"price": "0.03", "size": "15.38"}, {"price": "0.05", "size": "30"}, {"price": "0.06", "size": "333"}, {"price": "0.07", "size": "200"}, {"price": "0.08", "size": "206.48"}, {"price": "0.09", "size": "553"}, {"price": "0.14", "size": "92.85"}, {"price": "0.15", "size": "5.28"}, {"price": "0.16", "size": "68.75"}, {"price": "0.3", "size": "10"}, {"price": "0.31", "size": "150"}], "asks": [{"price": "0.99", "size": "126.52"}, {"price": "0.98", "size": "700"}, {"price": "0.97", "size": "6.62"}, {"price": "0.96", "size": "12"}, {"price": "0.94", "size": "11.3"}, {"price": "0.93", "size": "10.5"}, {"price": "0.92", "size": "162.5"}, {"price": "0.9", "size": "110"}, {"price": "0.89", "size": "55"}, {"price": "0.84", "size": "10"}, {"price": "0.83", "size": "150"}], "event_type": "book", "last_trade_price": ""}, {"market": "0x07d2d3ed871c72ac48224522e4f7a30dcd7cafe8eb3550cbe3260f6a3667b8c5", "asset_id": "18253292310674895159596420256355629893539630705502039364432170190706476455281", "timestamp": "1769383838824", "hash": "3ef68b3fe35b33381832db72c18a7fa809fb085b", "bids": [{"price": "0.01", "size": "1026.73"}, {"price": "0.02", "size": "23.04"}, {"price": "0.04", "size": "1000"}, {"price": "0.05", "size": "355"}, {"price": "0.06", "size": "108"}, {"price": "0.07", "size": "8.44"}, {"price": "0.11", "size": "218.18"}, {"price": "0.13", "size": "84.61"}, {"price": "0.14", "size": "46"}, {"price": "0.15", "size": "14.04"}, {"price": "0.3", "size": "10"}, {"price": "0.31", "size": "150"}], "asks": [{"price": "0.99", "size": "1020"}, {"price": "0.98", "size": "7.24"}, {"price": "0.96", "size": "1212"}, {"price": "0.95", "size": "700"}, {"price": "0.94", "size": "8.69"}, {"price": "0.9", "size": "108.35"}, {"price": "0.89", "size": "218.18"}, {"price": "0.88", "size": "8.5"}, {"price": "0.87", "size": "84.61"}, {"price": "0.83", "size": "60"}, {"price": "0.62", "size": "10"}, {"price": "0.61", "size": "150"}], "event_type": "book", "last_trade_price": ""}, {"market": "0xd04b9a3ea558298a7e91cb0db834f245d9665abeea1b686e990c6c74e9520717", "asset_id": "13875030430299999531204366910326855590457900770658991968913269008606026402402", "timestamp": "1769383838824", "hash": "0f49de57746adb1df918e66620184f91b24c57ee", "bids": [{"price": "0.01", "size": "126.52"}, {"price": "0.02", "size": "700"}, {"price": "0.03", "size": "6.62"}, {"price": "0.04", "size": "12"}, {"price": "0.06", "size": "11.3"}, {"price": "0.07", "size": "10.5"}, {"price": "0.08", "size": "162.5"}, {"price": "0.1", "size": "110"}, {"price": "0.11", "size": "55"}, {"price": "0.16", "size": "10"}, {"price": "0.17", "size": "150"}], "asks": [{"price": "0.99", "size": "121.2"}, {"price": "0.98", "size": "705.81"}, {"price": "0.97", "size": "15.38"}, {"price": "0.95", "size": "30"}, {"price": "0.94", "size": "333"}, {"price": "0.93", "size": "200"}, {"price": "0.92", "size": "206.48"}, {"price": "0.91", "size": "553"}, {"price": "0.86", "size": "92.85"}, {"price": "0.85", "size": "5.28"}, {"price": "0.84", "size": "68.75"}, {"price": "0.7", "size": "10"}, {"price": "0.69", "size": "150"}], "event_type": "book", "last_trade_price": ""}, {"market": "0xf6f3aa592fb0fd4ddb2c60a407eca9b6b4344e9c66bbe6faa4dbc68716bb36b9", "asset_id": "71401223438160560914382384108049049877018488050925160581554087761769184161692", "timestamp": "1769384020323", "hash": "530d04099394936d79518d64430d2fd85d7c2373", "bids": [{"price": "0.01", "size": "1026.17"}, {"price": "0.02", "size": "708.38"}, {"price": "0.04", "size": "12"}, {"price": "0.05", "size": "8.74"}, {"price": "0.06", "size": "15.19"}, {"price": "0.08", "size": "462.5"}, {"price": "0.09", "size": "61.11"}, {"price": "0.11", "size": "73"}, {"price": "0.15", "size": "10"}, {"price": "0.16", "size": "150"}], "asks": [{"price": "0.99", "size": "1033.85"}, {"price": "0.98", "size": "700"}, {"price": "0.97", "size": "13.87"}, {"price": "0.95", "size": "330"}, {"price": "0.94", "size": "858"}, {"price": "0.93", "size": "75"}, {"price": "0.92", "size": "300"}, {"price": "0.91", "size": "15.5"}, {"price": "0.81", "size": "68.42"}, {"price": "0.8", "size": "55"}, {"price": "0.79", "size": "27"}, {"price": "0.63", "size": "10"}, {"price": "0.62", "size": "150"}], "event_type": "book", "last_trade_price": ""}, {"market": "0x07d2d3ed871c72ac48224522e4f7a30dcd7cafe8eb3550cbe3260f6a3667b8c5", "asset_id": "91202024110960357090608714576381105552003528839781171222802669877957945529950", "timestamp": "1769383838824", "hash": "c5e4aec955ce2db064e387520e3f2183ddc70f77", "bids": [{"price": "0.01", "size": "1020"}, {"price": "0.02", "size": "7.24"}, {"price": "0.04", "size": "1212"}, {"price": "0.05", "size": "700"}, {"price": "0.06", "size": "8.69"}, {"price": "0.1", "size": "108.35"}, {"price": "0.11", "size": "218.18"}, {"price": "0.12", "size": "8.5"}, {"price": "0.13", "size": "84.61"}, {"price": "0.17", "size": "60"}, {"price": "0.38", "size": "10"}, {"price": "0.39", "size": "150"}], "asks": [{"price": "0.99", "size": "1026.73"}, {"price": "0.98", "size": "23.04"}, {"price": "0.96", "size": "1000"}, {"price": "0.95", "size": "355"}, {"price": "0.94", "size": "108"}, {"price": "0.93", "size": "8.44"}, {"price": "0.89", "size": "218.18"}, {"price": "0.87", "size": "84.61"}, {"price": "0.86", "size": "46"}, {"price": "0.85", "size": "14.04"}, {"price": "0.7", "size": "10"}, {"price": "0.69", "size": "150"}], "event_type": "book", "last_trade_price": ""}, {"market": "0xf6f3aa592fb0fd4ddb2c60a407eca9b6b4344e9c66bbe6faa4dbc68716bb36b9", "asset_id": "111554572328255061931611458434702422075609248852273331468535349755260932934722", "timestamp": "1769384020323", "hash": "75aa34c68a97c9575dd7c0b367eac9c6457d7ca5", "bids": [{"price": "0.01", "size": "1033.85"}, {"price": "0.02", "size": "700"}, {"price": "0.03", "size": "13.87"}, {"price": "0.05", "size": "330"}, {"price": "0.06", "size": "858"}, {"price": "0.07", "size": "75"}, {"price": "0.08", "size": "300"}, {"price": "0.09", "size": "15.5"}, {"price": "0.19", "size": "68.42"}, {"price": "0.2", "size": "55"}, {"price": "0.21", "size": "27"}, {"price": "0.37", "size": "10"}, {"price": "0.38", "size": "150"}], "asks": [{"price": "0.99", "size": "1026.17"}, {"price": "0.98", "size": "708.38"}, {"price": "0.96", "size": "12"}, {"price": "0.95", "size": "8.74"}, {"price": "0.94", "size": "15.19"}, {"price": "0.92", "size": "462.5"}, {"price": "0.91", "size": "61.11"}, {"price": "0.89", "size": "73"}, {"price": "0.85", "size": "10"}, {"price": "0.84", "size": "150"}], "event_type": "book", "last_trade_price": ""}]}
{"_local_timestamp": "2026-01-25T23:33:46.696634+00:00", "data": {"market": "0xf6f3aa592fb0fd4ddb2c60a407eca9b6b4344e9c66bbe6faa4dbc68716bb36b9", "price_changes": [{"asset_id": "71401223438160560914382384108049049877018488050925160581554087761769184161692", "price": "0.17", "size": "8.5", "side": "BUY", "hash": "509f735688038f43e0086d60f1308cea70c66e9b", "best_bid": "0.17", "best_ask": "0.62"}, {"asset_id": "111554572328255061931611458434702422075609248852273331468535349755260932934722", "price": "0.83", "size": "8.5", "side": "SELL", "hash": "8c15a488b4e0530445c1a13077d9c4fe30a0509e", "best_bid": "0.38", "best_ask": "0.83"}], "timestamp": "1769384026613", "event_type": "price_change"}}
{"_local_timestamp": "2026-01-25T23:33:46.699117+00:00", "data": {"market": "0xf6f3aa592fb0fd4ddb2c60a407eca9b6b4344e9c66bbe6faa4dbc68716bb36b9", "price_changes": [{"asset_id": "111554572328255061931611458434702422075609248852273331468535349755260932934722", "price": "0.22", "size": "8.5", "side": "BUY", "hash": "b3a3fcbf19ccf387731b1eb5f978bcb69afd3a2b", "best_bid": "0.38", "best_ask": "0.83"}, {"asset_id": "71401223438160560914382384108049049877018488050925160581554087761769184161692", "price": "0.78", "size": "8.5", "side": "SELL", "hash": "dcc62d50c1c351e35debe5974c0ec232c0ccaa5b", "best_bid": "0.17", "best_ask": "0.62"}], "timestamp": "1769384026613", "event_type": "price_change"}}
{"_local_timestamp": "2026-01-25T23:33:51.059232+00:00", "data": {"market": "0xf6f3aa592fb0fd4ddb2c60a407eca9b6b4344e9c66bbe6faa4dbc68716bb36b9", "price_changes": [{"asset_id": "71401223438160560914382384108049049877018488050925160581554087761769184161692", "price": "0.16", "size": "0", "side": "BUY", "hash": "82ce2a5b9a4acd7bafa5f23543b136278279655e", "best_bid": "0.17", "best_ask": "0.62"}, {"asset_id": "111554572328255061931611458434702422075609248852273331468535349755260932934722", "price": "0.84", "size": "0", "side": "SELL", "hash": "8b286b8e0adf310e4f85d04c7f133e4db0f37590", "best_bid": "0.38", "best_ask": "0.83"}], "timestamp": "1769384030988", "event_type": "price_change"}}
{"_local_timestamp": "2026-01-25T23:33:51.442819+00:00", "data": {"market": "0xf6f3aa592fb0fd4ddb2c60a407eca9b6b4344e9c66bbe6faa4dbc68716bb36b9", "price_changes": [{"asset_id": "71401223438160560914382384108049049877018488050925160581554087761769184161692", "price": "0.18", "size": "150", "side": "BUY", "hash": "17b21731b0c59c79b90f4fcb1e5a4d9a10c31ec0", "best_bid": "0.18", "best_ask": "0.62"}, {"asset_id": "111554572328255061931611458434702422075609248852273331468535349755260932934722", "price": "0.82", "size": "150", "side": "SELL", "hash": "5f821966fc74f5a098fed9bf9db4d71ee5df96ec", "best_bid": "0.38", "best_ask": "0.82"}], "timestamp": "1769384031376", "event_type": "price_change"}}
{"_local_timestamp": "2026-01-25T23:33:58.425717+00:00", "data": {"market": "0xf6f3aa592fb0fd4ddb2c60a407eca9b6b4344e9c66bbe6faa4dbc68716bb36b9", "price_changes": [{"asset_id": "71401223438160560914382384108049049877018488050925160581554087761769184161692", "price": "0.17", "size": "0", "side": "BUY", "hash": "65c4919e0872174afeadfc8f2f9eabac94d190d7", "best_bid": "0.18", "best_ask": "0.62"}, {"asset_id": "111554572328255061931611458434702422075609248852273331468535349755260932934722", "price": "0.83", "size": "0", "side": "SELL", "hash": "0aaabe6562ed4c9b4799bd38f20b4ba8687257de", "best_bid": "0.38", "best_ask": "0.82"}], "timestamp": "1769384038339", "event_type": "price_change"}}
{"_local_timestamp": "2026-01-25T23:33:58.430325+00:00", "data": {"market": "0xf6f3aa592fb0fd4ddb2c60a407eca9b6b4344e9c66bbe6faa4dbc68716bb36b9", "price_changes": [{"asset_id": "111554572328255061931611458434702422075609248852273331468535349755260932934722", "price": "0.22", "size": "0", "side": "BUY", "hash": "f198aad0890895dd4e41cdebc48af495a2c1f3e9", "best_bid": "0.38", "best_ask": "0.82"}, {"asset_id": "71401223438160560914382384108049049877018488050925160581554087761769184161692", "price": "0.78", "size": "0", "side": "SELL", "hash": "b60775014b0e1a5ef9b0c10c6c06b7a9837bda02", "best_bid": "0.18", "best_ask": "0.62"}], "timestamp": "1769384038339", "event_type": "price_change"}}
{"_local_timestamp": "2026-01-25T23:34:02.043791+00:00", "data": {"market": "0xf6f3aa592fb0fd4ddb2c60a407eca9b6b4344e9c66bbe6faa4dbc68716bb36b9", "price_changes": [{"asset_id": "71401223438160560914382384108049049877018488050925160581554087761769184161692", "price": "0.18", "size": "0", "side": "BUY", "hash": "3e368ae3f477fd46309e9a7e799763d36a2e2411", "best_bid": "0.15", "best_ask": "0.62"}, {"asset_id": "111554572328255061931611458434702422075609248852273331468535349755260932934722", "price": "0.82", "size": "0", "side": "SELL", "hash": "6a1a5f991d69c8067013a8589bc94d3c3a93fb62", "best_bid": "0.38", "best_ask": "0.85"}], "timestamp": "1769384041967", "event_type": "price_change"}}
{"_local_timestamp": "2026-01-25T23:34:02.379732+00:00", "data": {"market": "0xf6f3aa592fb0fd4ddb2c60a407eca9b6b4344e9c66bbe6faa4dbc68716bb36b9", "price_changes": [{"asset_id": "71401223438160560914382384108049049877018488050925160581554087761769184161692", "price": "0.16", "size": "150", "side": "BUY", "hash": "24ffc6a58ae82ab09af02ddff001449c05d95591", "best_bid": "0.16", "best_ask": "0.62"}, {"asset_id": "111554572328255061931611458434702422075609248852273331468535349755260932934722", "price": "0.84", "size": "150", "side": "SELL", "hash": "73da0e80b7f20e35310a3cc20f88f780dcfdf69a", "best_bid": "0.38", "best_ask": "0.84"}], "timestamp": "1769384042311", "event_type": "price_change"}}
{"_local_timestamp": "2026-01-25T23:34:08.345024+00:00", "data": {"market": "0xf6f3aa592fb0fd4ddb2c60a407eca9b6b4344e9c66bbe6faa4dbc68716bb36b9", "price_changes": [{"asset_id": "71401223438160560914382384108049049877018488050925160581554087761769184161692", "price": "0.17", "size": "8.5", "side": "BUY", "hash": "2be66f06a3e180ab59b762646675e8c0fec8527a", "best_bid": "0.17", "best_ask": "0.62"}, {"asset_id": "111554572328255061931611458434702422075609248852273331468535349755260932934722", "price": "0.83", "size": "8.5", "side": "SELL", "hash": "3abf29d1f8cfccec05a7523d6abc393fb2c6483e", "best_bid": "0.38", "best_ask": "0.83"}], "timestamp": "1769384048090", "event_type": "price_change"}}
{"_local_timestamp": "2026-01-25T23:34:08.347058+00:00", "data": {"market": "0xf6f3aa592fb0fd4ddb2c60a407eca9b6b4344e9c66bbe6faa4dbc68716bb36b9", "price_changes": [{"asset_id": "111554572328255061931611458434702422075609248852273331468535349755260932934722", "price": "0.22", "size": "8.5", "side": "BUY", "hash": "b1ac8a722d23716fa80b413ea7e7a137e97026b2", "best_bid": "0.38", "best_ask": "0.83"}, {"asset_id": "71401223438160560914382384108049049877018488050925160581554087761769184161692", "price": "0.78", "size": "8.5", "side": "SELL", "hash": "4f9264978533085d75956dab892e08c3e79a8337", "best_bid": "0.17", "best_ask": "0.62"}], "timestamp": "1769384048091", "event_type": "price_change"}}
{"_local_timestamp": "2026-01-25T23:34:13.355364+00:00", "data": {"market": "0xf6f3aa592fb0fd4ddb2c60a407eca9b6b4344e9c66bbe6faa4dbc68716bb36b9", "price_changes": [{"asset_id": "71401223438160560914382384108049049877018488050925160581554087761769184161692", "price": "0.16", "size": "0", "side": "BUY", "hash": "2593a2ff2e8bf1b84719065400c77a218d8a4024", "best_bid": "0.17", "best_ask": "0.62"}, {"asset_id": "111554572328255061931611458434702422075609248852273331468535349755260932934722", "price": "0.84", "size": "0", "side": "SELL", "hash": "9f665c01f9902e0f624eba0490521b2a04f99292", "best_bid": "0.38", "best_ask": "0.83"}], "timestamp": "1769384053055", "event_type": "price_change"}}
{"_local_timestamp": "2026-01-25T23:34:13.697215+00:00", "data": {"market": "0xf6f3aa592fb0fd4ddb2c60a407eca9b6b4344e9c66bbe6faa4dbc68716bb36b9", "price_changes": [{"asset_id": "71401223438160560914382384108049049877018488050925160581554087761769184161692", "price": "0.18", "size": "150", "side": "BUY", "hash": "d092623f9dd9afeb2d5eb634562384575436af55", "best_bid": "0.18", "best_ask": "0.62"}, {"asset_id": "111554572328255061931611458434702422075609248852273331468535349755260932934722", "price": "0.82", "size": "150", "side": "SELL", "hash": "f891130501300be4698120434543c53ebeff7a2b", "best_bid": "0.38", "best_ask": "0.82"}], "timestamp": "1769384053370", "event_type": "price_change"}}
{"_local_timestamp": "2026-01-25T23:34:18.986419+00:00", "data": {"market": "0xf6f3aa592fb0fd4ddb2c60a407eca9b6b4344e9c66bbe6faa4dbc68716bb36b9", "price_changes": [{"asset_id": "71401223438160560914382384108049049877018488050925160581554087761769184161692", "price": "0.17", "size": "0", "side": "BUY", "hash": "564f1d1debd876bb862567371edfa0264e428221", "best_bid": "0.18", "best_ask": "0.62"}, {"asset_id": "111554572328255061931611458434702422075609248852273331468535349755260932934722", "price": "0.83", "size": "0", "side": "SELL", "hash": "c8ea3e93678d4c1199c260726aa2bad9c453f18c", "best_bid": "0.38", "best_ask": "0.82"}], "timestamp": "1769384058704", "event_type": "price_change"}}
{"_local_timestamp": "2026-01-25T23:34:18.992453+00:00", "data": {"market": "0xf6f3aa592fb0fd4ddb2c60a407eca9b6b4344e9c66bbe6faa4dbc68716bb36b9", "price_changes": [{"asset_id": "111554572328255061931611458434702422075609248852273331468535349755260932934722", "price": "0.22", "size": "0", "side": "BUY", "hash": "7b1758f0a53391dd4ae9416946bc14e0818b8cb0", "best_bid": "0.38", "best_ask": "0.82"}, {"asset_id": "71401223438160560914382384108049049877018488050925160581554087761769184161692", "price": "0.78", "size": "0", "side": "SELL", "hash": "3cc90aa882d95f7481cfb3a7dd48c6449d6e5c71", "best_bid": "0.18", "best_ask": "0.62"}], "timestamp": "1769384058705", "event_type": "price_change"}}
{"_local_timestamp": "2026-01-25T23:34:24.093764+00:00", "data": {"market": "0xf6f3aa592fb0fd4ddb2c60a407eca9b6b4344e9c66bbe6faa4dbc68716bb36b9", "price_changes": [{"asset_id": "71401223438160560914382384108049049877018488050925160581554087761769184161692", "price": "0.18", "size": "0", "side": "BUY", "hash": "1952286932f48ac70b5224c907ae6fd16e9e1c88", "best_bid": "0.15", "best_ask": "0.62"}, {"asset_id": "111554572328255061931611458434702422075609248852273331468535349755260932934722", "price": "0.82", "size": "0", "side": "SELL", "hash": "9bb099ef5c870cf4895644b04d88decdeb1c8517", "best_bid": "0.38", "best_ask": "0.85"}], "timestamp": "1769384063868", "event_type": "price_change"}}
{"_local_timestamp": "2026-01-25T23:34:24.569380+00:00", "data": {"market": "0xf6f3aa592fb0fd4ddb2c60a407eca9b6b4344e9c66bbe6faa4dbc68716bb36b9", "price_changes": [{"asset_id": "71401223438160560914382384108049049877018488050925160581554087761769184161692", "price": "0.16", "size": "150", "side": "BUY", "hash": "ecb954efa4acc8827a8176a50f6268d6239697e0", "best_bid": "0.16", "best_ask": "0.62"}, {"asset_id": "111554572328255061931611458434702422075609248852273331468535349755260932934722", "price": "0.84", "size": "150", "side": "SELL", "hash": "8ab22d3ffd87a4dee534b02446d48988153cfaf5", "best_bid": "0.38", "best_ask": "0.84"}], "timestamp": "1769384064318", "event_type": "price_change"}}
{"_local_timestamp": "2026-01-25T23:34:30.862760+00:00", "data": {"market": "0xd04b9a3ea558298a7e91cb0db834f245d9665abeea1b686e990c6c74e9520717", "price_changes": [{"asset_id": "61209603388080731354007168047868609725631112056139174437880437731488779625501", "price": "0.32", "size": "316.66", "side": "BUY", "hash": "707d87156ad963306a6f228923d215f294dfda77", "best_bid": "0.32", "best_ask": "0.83"}, {"asset_id": "13875030430299999531204366910326855590457900770658991968913269008606026402402", "price": "0.68", "size": "316.66", "side": "SELL", "hash": "f632c528e7bd6c8324bfa6cf49dd3d3559dee4b9", "best_bid": "0.17", "best_ask": "0.68"}], "timestamp": "1769384070564", "event_type": "price_change"}}
{"_local_timestamp": "2026-01-25T23:34:30.866377+00:00", "data": {"market": "0xf6f3aa592fb0fd4ddb2c60a407eca9b6b4344e9c66bbe6faa4dbc68716bb36b9", "price_changes": [{"asset_id": "111554572328255061931611458434702422075609248852273331468535349755260932934722", "price": "0.38", "size": "169", "side": "BUY", "hash": "b2e3d8c782700f92ea3ad508e91c9a718269088a", "best_bid": "0.38", "best_ask": "0.84"}, {"asset_id": "71401223438160560914382384108049049877018488050925160581554087761769184161692", "price": "0.62", "size": "169", "side": "SELL", "hash": "af331ed0bfd78ea617373ae478bdb5cf1f35765e", "best_bid": "0.16", "best_ask": "0.62"}], "timestamp": "1769384070564", "event_type": "price_change"}}
{"_local_timestamp": "2026-01-25T23:34:30.867657+00:00", "data": {"market": "0xd04b9a3ea558298a7e91cb0db834f245d9665abeea1b686e990c6c74e9520717", "price_changes": [{"asset_id": "61209603388080731354007168047868609725631112056139174437880437731488779625501", "price": "0.31", "size": "189", "side": "BUY", "hash": "e8d69b774a4e8f761a0c6821d244201bd85c3ef3", "best_bid": "0.32", "best_ask": "0.83"}, {"asset_id": "13875030430299999531204366910326855590457900770658991968913269008606026402402", "price": "0.69", "size": "189", "side": "SELL", "hash": "564b2417e2b91075d0e57d5a450e15629ee6a05e", "best_bid": "0.17", "best_ask": "0.68"}], "timestamp": "1769384070565", "event_type": "price_change"}}
{"_local_timestamp": "2026-01-25T23:34:30.868054+00:00", "data": {"market": "0x07d2d3ed871c72ac48224522e4f7a30dcd7cafe8eb3550cbe3260f6a3667b8c5", "price_changes": [{"asset_id": "18253292310674895159596420256355629893539630705502039364432170190706476455281", "price": "0.32", "size": "158", "side": "BUY", "hash": "9d7c26fb34ec2410dfd966444066a8e03a849b1e", "best_bid": "0.32", "best_ask": "0.61"}, {"asset_id": "91202024110960357090608714576381105552003528839781171222802669877957945529950", "price": "0.68", "size": "158", "side": "SELL", "hash": "d0be1a26e3d0cafe1644bbd47fc0af8ffee9179c", "best_bid": "0.39", "best_ask": "0.68"}], "timestamp": "1769384070564", "event_type": "price_change"}}
{"_local_timestamp": "2026-01-25T23:34:30.868413+00:00", "data": {"market": "0xf6f3aa592fb0fd4ddb2c60a407eca9b6b4344e9c66bbe6faa4dbc68716bb36b9", "price_changes": [{"asset_id": "111554572328255061931611458434702422075609248852273331468535349755260932934722", "price": "0.39", "size": "316.66", "side": "BUY", "hash": "a65ebf7383ec0e814d73bd1dc8bb5fbeda0ffc40", "best_bid": "0.39", "best_ask": "0.84"}, {"asset_id": "71401223438160560914382384108049049877018488050925160581554087761769184161692", "price": "0.61", "size": "316.66", "side": "SELL", "hash": "ccd0ab4089f520bf767c4013e32d2869695dddce", "best_bid": "0.16", "best_ask": "0.61"}], "timestamp": "1769384070564", "event_type": "price_change"}}
{"_local_timestamp": "2026-01-25T23:34:32.618023+00:00", "data": {"market": "0xf6f3aa592fb0fd4ddb2c60a407eca9b6b4344e9c66bbe6faa4dbc68716bb36b9", "price_changes": [{"asset_id": "111554572328255061931611458434702422075609248852273331468535349755260932934722", "price": "0.22", "size": "8.5", "side": "BUY", "hash": "cd8db7014b9a9f6dfaab84a77224eb619bd4e739", "best_bid": "0.39", "best_ask": "0.84"}, {"asset_id": "71401223438160560914382384108049049877018488050925160581554087761769184161692", "price": "0.78", "size": "8.5", "side": "SELL", "hash": "859542c649407e5d4d46ee290d834d8a0a526ea6", "best_bid": "0.16", "best_ask": "0.61"}], "timestamp": "1769384072402", "event_type": "price_change"}}
{"_local_timestamp": "2026-01-25T23:34:32.618514+00:00", "data": {"market": "0xf6f3aa592fb0fd4ddb2c60a407eca9b6b4344e9c66bbe6faa4dbc68716bb36b9", "price_changes": [{"asset_id": "71401223438160560914382384108049049877018488050925160581554087761769184161692", "price": "0.17", "size": "8.5", "side": "BUY", "hash": "3d90c1ccd482ea9f48bcd1de7626e9b66596c9c4", "best_bid": "0.17", "best_ask": "0.61"}, {"asset_id": "111554572328255061931611458434702422075609248852273331468535349755260932934722", "price": "0.83", "size": "8.5", "side": "SELL", "hash": "b6440b84494508a79b6a9995c66d7fb9a43e8ec0", "best_bid": "0.39", "best_ask": "0.83"}], "timestamp": "1769384072403", "event_type": "price_change"}}
{"_local_timestamp": "2026-01-25T23:34:35.553680+00:00", "data": {"market": "0xf6f3aa592fb0fd4ddb2c60a407eca9b6b4344e9c66bbe6faa4dbc68716bb36b9", "price_changes": [{"asset_id": "71401223438160560914382384108049049877018488050925160581554087761769184161692", "price": "0.16", "size": "0", "side": "BUY", "hash": "ce4b83f862b311bdc1ffe79c1c18b7f2134d7fa3", "best_bid": "0.17", "best_ask": "0.61"}, {"asset_id": "111554572328255061931611458434702422075609248852273331468535349755260932934722", "price": "0.84", "size": "0", "side": "SELL", "hash": "abb7d8e63777d64abcb20a8d2fb2f4b41f01ddd4", "best_bid": "0.39", "best_ask": "0.83"}], "timestamp": "1769384075307", "event_type": "price_change"}}
{"_local_timestamp": "2026-01-25T23:34:35.554349+00:00", "data": {"market": "0x07d2d3ed871c72ac48224522e4f7a30dcd7cafe8eb3550cbe3260f6a3667b8c5", "price_changes": [{"asset_id": "18253292310674895159596420256355629893539630705502039364432170190706476455281", "price": "0.31", "size": "0", "side": "BUY", "hash": "c3b4494ad66b95f2d856c6b8a369318496308ad0", "best_bid": "0.32", "best_ask": "0.61"}, {"asset_id": "91202024110960357090608714576381105552003528839781171222802669877957945529950", "price": "0.69", "size": "0", "side": "SELL", "hash": "08f94222da34dc81f55aeec1a97f047ec40bbc75", "best_bid": "0.39", "best_ask": "0.68"}], "timestamp": "1769384075307", "event_type": "price_change"}}
{"_local_timestamp": "2026-01-25T23:34:35.554944+00:00", "data": {"market": "0xd04b9a3ea558298a7e91cb0db834f245d9665abeea1b686e990c6c74e9520717", "price_changes": [{"asset_id": "61209603388080731354007168047868609725631112056139174437880437731488779625501", "price": "0.31", "size": "39", "side": "BUY", "hash": "9f4f850d46d140c2f1b20014021bba61dccd1ed6", "best_bid": "0.32", "best_ask": "0.83"}, {"asset_id": "13875030430299999531204366910326855590457900770658991968913269008606026402402", "price": "0.69", "size": "39", "side": "SELL", "hash": "1bc167ce777a9e10ff1c869ebe6d082d5101e226", "best_bid": "0.17", "best_ask": "0.68"}], "timestamp": "1769384075307", "event_type": "price_change"}}
{"_local_timestamp": "2026-01-25T23:34:35.555396+00:00", "data": {"market": "0xf6f3aa592fb0fd4ddb2c60a407eca9b6b4344e9c66bbe6faa4dbc68716bb36b9", "price_changes": [{"asset_id": "111554572328255061931611458434702422075609248852273331468535349755260932934722", "price": "0.38", "size": "19", "side": "BUY", "hash": "ac8c88ce6e3d8b4fc65005c7bb206a27c78835c4", "best_bid": "0.39", "best_ask": "0.83"}, {"asset_id": "71401223438160560914382384108049049877018488050925160581554087761769184161692", "price": "0.62", "size": "19", "side": "SELL", "hash": "99be73fe7360ec9552928336ee5ee97e2d9941cd", "best_bid": "0.17", "best_ask": "0.61"}], "timestamp": "1769384075308", "event_type": "price_change"}}
{"_local_timestamp": "2026-01-25T23:34:35.939455+00:00", "data": {"market": "0x07d2d3ed871c72ac48224522e4f7a30dcd7cafe8eb3550cbe3260f6a3667b8c5", "price_changes": [{"asset_id": "18253292310674895159596420256355629893539630705502039364432170190706476455281", "price": "0.33", "size": "150", "side": "BUY", "hash": "0415ba91d0588b6d8c202bee2083a5e19be0ee44", "best_bid": "0.33", "best_ask": "0.61"}, {"asset_id": "91202024110960357090608714576381105552003528839781171222802669877957945529950", "price": "0.67", "size": "150", "side": "SELL", "hash": "d05f607ed7e8a0e8c4dfcca4307935d2e260e711", "best_bid": "0.39", "best_ask": "0.67"}], "timestamp": "1769384075727", "event_type": "price_change"}}
{"_local_timestamp": "2026-01-25T23:34:35.940049+00:00", "data": {"market": "0xf6f3aa592fb0fd4ddb2c60a407eca9b6b4344e9c66bbe6faa4dbc68716bb36b9", "price_changes": [{"asset_id": "71401223438160560914382384108049049877018488050925160581554087761769184161692", "price": "0.18", "size": "150", "side": "BUY", "hash": "e8ebb0e85fad9d805f769e8d6f17c6d3d35724a1", "best_bid": "0.18", "best_ask": "0.61"}, {"asset_id": "111554572328255061931611458434702422075609248852273331468535349755260932934722", "price": "0.82", "size": "150", "side": "SELL", "hash": "1639916ab0e4d66ddcdc16c5edbf443afe89264a", "best_bid": "0.39", "best_ask": "0.82"}], "timestamp": "1769384075727", "event_type": "price_change"}}
{"_local_timestamp": "2026-01-25T23:34:35.944075+00:00", "data": {"market": "0xd04b9a3ea558298a7e91cb0db834f245d9665abeea1b686e990c6c74e9520717", "price_changes": [{"asset_id": "61209603388080731354007168047868609725631112056139174437880437731488779625501", "price": "0.33", "size": "150", "side": "BUY", "hash": "219deafdfefb54ee30ec06c499bae03714e8b19f", "best_bid": "0.33", "best_ask": "0.83"}, {"asset_id": "13875030430299999531204366910326855590457900770658991968913269008606026402402", "price": "0.67", "size": "150", "side": "SELL", "hash": "d9fe26565131d797071a3d2ea15a6ae03c112da0", "best_bid": "0.17", "best_ask": "0.67"}], "timestamp": "1769384075727", "event_type": "price_change"}}
{"_local_timestamp": "2026-01-25T23:34:35.944553+00:00", "data": {"market": "0xf6f3aa592fb0fd4ddb2c60a407eca9b6b4344e9c66bbe6faa4dbc68716bb36b9", "price_changes": [{"asset_id": "111554572328255061931611458434702422075609248852273331468535349755260932934722", "price": "0.4", "size": "150", "side": "BUY", "hash": "9aefed3f3a57dffe2a94a1cb9256ad87ae1b9a4d", "best_bid": "0.4", "best_ask": "0.82"}, {"asset_id": "71401223438160560914382384108049049877018488050925160581554087761769184161692", "price": "0.6", "size": "150", "side": "SELL", "hash": "2cd1e44c8c162f17edbad0a8c60bc2f53f5eef8a", "best_bid": "0.18", "best_ask": "0.6"}], "timestamp": "1769384075728", "event_type": "price_change"}}
{"_local_timestamp": "2026-01-25T23:34:39.877904+00:00", "data": {"market": "0xf6f3aa592fb0fd4ddb2c60a407eca9b6b4344e9c66bbe6faa4dbc68716bb36b9", "price_changes": [{"asset_id": "71401223438160560914382384108049049877018488050925160581554087761769184161692", "price": "0.08", "size": "162.5", "side": "BUY", "hash": "dc07814dc03b3fa785771405385cc7f5937d210b", "best_bid": "0.18", "best_ask": "0.6"}, {"asset_id": "111554572328255061931611458434702422075609248852273331468535349755260932934722", "price": "0.92", "size": "162.5", "side": "SELL", "hash": "375474df86a17b9e2f6fed71eb51cd75c3f0a315", "best_bid": "0.4", "best_ask": "0.82"}], "timestamp": "1769384079805", "event_type": "price_change"}}
{"_local_timestamp": "2026-01-25T23:34:40.783002+00:00", "data": {"market": "0xf6f3aa592fb0fd4ddb2c60a407eca9b6b4344e9c66bbe6faa4dbc68716bb36b9", "price_changes": [{"asset_id": "71401223438160560914382384108049049877018488050925160581554087761769184161692", "price": "0.17", "size": "0", "side": "BUY", "hash": "0248537cbbb70b7ada0c62001c86823c71683a27", "best_bid": "0.18", "best_ask": "0.6"}, {"asset_id": "111554572328255061931611458434702422075609248852273331468535349755260932934722", "price": "0.83", "size": "0", "side": "SELL", "hash": "73e938a49a80593dbc53c72be8d9fd356e0a2b6d", "best_bid": "0.4", "best_ask": "0.82"}], "timestamp": "1769384080687", "event_type": "price_change"}}
{"_local_timestamp": "2026-01-25T23:34:40.786861+00:00", "data": {"market": "0xf6f3aa592fb0fd4ddb2c60a407eca9b6b4344e9c66bbe6faa4dbc68716bb36b9", "price_changes": [{"asset_id": "111554572328255061931611458434702422075609248852273331468535349755260932934722", "price": "0.22", "size": "0", "side": "BUY", "hash": "e5394d2cb8e6021ddca6a0dce151e9799199e8f6", "best_bid": "0.4", "best_ask": "0.82"}, {"asset_id": "71401223438160560914382384108049049877018488050925160581554087761769184161692", "price": "0.78", "size": "0", "side": "SELL", "hash": "0ebc9f28b5e85f60c543862b4b490b4ddd9d8911", "best_bid": "0.18", "best_ask": "0.6"}], "timestamp": "1769384080687", "event_type": "price_change"}}
{"_local_timestamp": "2026-01-25T23:34:40.996824+00:00", "data": {"market": "0xf6f3aa592fb0fd4ddb2c60a407eca9b6b4344e9c66bbe6faa4dbc68716bb36b9", "price_changes": [{"asset_id": "71401223438160560914382384108049049877018488050925160581554087761769184161692", "price": "0.18", "size": "0", "side": "BUY", "hash": "1620a72fade32a82a759b6228e13d78762c9cd8f", "best_bid": "0.15", "best_ask": "0.6"}, {"asset_id": "111554572328255061931611458434702422075609248852273331468535349755260932934722", "price": "0.82", "size": "0", "side": "SELL", "hash": "9c353c80345364ac2dd96011794978887f4e48a8", "best_bid": "0.4", "best_ask": "0.85"}], "timestamp": "1769384080922", "event_type": "price_change"}}
{"_local_timestamp": "2026-01-25T23:34:41.405366+00:00", "data": {"market": "0xf6f3aa592fb0fd4ddb2c60a407eca9b6b4344e9c66bbe6faa4dbc68716bb36b9", "price_changes": [{"asset_id": "71401223438160560914382384108049049877018488050925160581554087761769184161692", "price": "0.16", "size": "150", "side": "BUY", "hash": "4634c92d53188fd82c703bee22652996cbea6f5f", "best_bid": "0.16", "best_ask": "0.6"}, {"asset_id": "111554572328255061931611458434702422075609248852273331468535349755260932934722", "price": "0.84", "size": "150", "side": "SELL", "hash": "0d9be8ce6587d7d053970f73223fe837f2ea8dec", "best_bid": "0.4", "best_ask": "0.84"}], "timestamp": "1769384081336", "event_type": "price_change"}}
{"_local_timestamp": "2026-01-25T23:34:49.025043+00:00", "data": {"market": "0xf6f3aa592fb0fd4ddb2c60a407eca9b6b4344e9c66bbe6faa4dbc68716bb36b9", "price_changes": [{"asset_id": "71401223438160560914382384108049049877018488050925160581554087761769184161692", "price": "0.17", "size": "8.5", "side": "BUY", "hash": "9613f7bed509a1b1b438e683162f7ce9db200886", "best_bid": "0.17", "best_ask": "0.6"}, {"asset_id": "111554572328255061931611458434702422075609248852273331468535349755260932934722", "price": "0.83", "size": "8.5", "side": "SELL", "hash": "a8001e4a7b92ba0345c5cc12357a93188acaa5a7", "best_bid": "0.4", "best_ask": "0.83"}], "timestamp": "1769384088956", "event_type": "price_change"}}
{"_local_timestamp": "2026-01-25T23:34:49.025541+00:00", "data": {"market": "0xf6f3aa592fb0fd4ddb2c60a407eca9b6b4344e9c66bbe6faa4dbc68716bb36b9", "price_changes": [{"asset_id": "111554572328255061931611458434702422075609248852273331468535349755260932934722", "price": "0.22", "size": "8.5", "side": "BUY", "hash": "7079d06dab2b3e49de66f0fd549b9e1a29c76067", "best_bid": "0.4", "best_ask": "0.83"}, {"asset_id": "71401223438160560914382384108049049877018488050925160581554087761769184161692", "price": "0.78", "size": "8.5", "side": "SELL", "hash": "cb96546657b65cdf37398309156919d659702a28", "best_bid": "0.17", "best_ask": "0.6"}], "timestamp": "1769384088957", "event_type": "price_change"}}
{"_local_timestamp": "2026-01-25T23:34:52.106285+00:00", "data": {"market": "0xf6f3aa592fb0fd4ddb2c60a407eca9b6b4344e9c66bbe6faa4dbc68716bb36b9", "price_changes": [{"asset_id": "71401223438160560914382384108049049877018488050925160581554087761769184161692", "price": "0.16", "size": "0", "side": "BUY", "hash": "644ea4537a3f64a52e18d0b9b1458a47a2331fdc", "best_bid": "0.17", "best_ask": "0.6"}, {"asset_id": "111554572328255061931611458434702422075609248852273331468535349755260932934722", "price": "0.84", "size": "0", "side": "SELL", "hash": "45b0ed479efe1233d30818dbadd6198466bfff61", "best_bid": "0.4", "best_ask": "0.83"}], "timestamp": "1769384091911", "event_type": "price_change"}}
{"_local_timestamp": "2026-01-25T23:34:52.748741+00:00", "data": {"market": "0xf6f3aa592fb0fd4ddb2c60a407eca9b6b4344e9c66bbe6faa4dbc68716bb36b9", "price_changes": [{"asset_id": "71401223438160560914382384108049049877018488050925160581554087761769184161692", "price": "0.18", "size": "150", "side": "BUY", "hash": "c151539d38526b286eebdc8eaab6c2b766a80355", "best_bid": "0.18", "best_ask": "0.6"}, {"asset_id": "111554572328255061931611458434702422075609248852273331468535349755260932934722", "price": "0.82", "size": "150", "side": "SELL", "hash": "c9e92f68f69beeb4947a6aa70b13b49b87d19ed8", "best_bid": "0.4", "best_ask": "0.82"}], "timestamp": "1769384092146", "event_type": "price_change"}}
{"_local_timestamp": "2026-01-25T23:34:58.785903+00:00", "data": {"market": "0xf6f3aa592fb0fd4ddb2c60a407eca9b6b4344e9c66bbe6faa4dbc68716bb36b9", "price_changes": [{"asset_id": "71401223438160560914382384108049049877018488050925160581554087761769184161692", "price": "0.17", "size": "0", "side": "BUY", "hash": "362d90a96cf8a45e7509f408999aa0110438444b", "best_bid": "0.18", "best_ask": "0.6"}, {"asset_id": "111554572328255061931611458434702422075609248852273331468535349755260932934722", "price": "0.83", "size": "0", "side": "SELL", "hash": "4f5dcb377ae5abbe77e3b41bf1dba13b1282589b", "best_bid": "0.4", "best_ask": "0.82"}], "timestamp": "1769384098714", "event_type": "price_change"}}
{"_local_timestamp": "2026-01-25T23:34:58.786366+00:00", "data": {"market": "0xf6f3aa592fb0fd4ddb2c60a407eca9b6b4344e9c66bbe6faa4dbc68716bb36b9", "price_changes": [{"asset_id": "111554572328255061931611458434702422075609248852273331468535349755260932934722", "price": "0.22", "size": "0", "side": "BUY", "hash": "bfe79a6bbc3bdb2958965c5b044d9e3dd8218e20", "best_bid": "0.4", "best_ask": "0.82"}, {"asset_id": "71401223438160560914382384108049049877018488050925160581554087761769184161692", "price": "0.78", "size": "0", "side": "SELL", "hash": "23a4cf190aa2f0c8fddaa0dea05b470eb3745199", "best_bid": "0.18", "best_ask": "0.6"}], "timestamp": "1769384098714", "event_type": "price_change"}}
{"_local_timestamp": "2026-01-25T23:34:58.925437+00:00", "data": {"market": "0x07d2d3ed871c72ac48224522e4f7a30dcd7cafe8eb3550cbe3260f6a3667b8c5", "price_changes": [{"asset_id": "18253292310674895159596420256355629893539630705502039364432170190706476455281", "price": "0.32", "size": "0", "side": "BUY", "hash": "022e95bc11f943c22cab39b69cbbf98fadeefd1d", "best_bid": "0.33", "best_ask": "0.61"}, {"asset_id": "91202024110960357090608714576381105552003528839781171222802669877957945529950", "price": "0.68", "size": "0", "side": "SELL", "hash": "1292cd94a8767b89d8f77f772f5e77abe75762d0", "best_bid": "0.39", "best_ask": "0.67"}], "timestamp": "1769384098856", "event_type": "price_change"}}
{"_local_timestamp": "2026-01-25T23:34:58.925950+00:00", "data": {"market": "0xf6f3aa592fb0fd4ddb2c60a407eca9b6b4344e9c66bbe6faa4dbc68716bb36b9", "price_changes": [{"asset_id": "111554572328255061931611458434702422075609248852273331468535349755260932934722", "price": "0.39", "size": "0", "side": "BUY", "hash": "960b49182772ade1f3878fe6b683b643657fd9a2", "best_bid": "0.4", "best_ask": "0.82"}, {"asset_id": "71401223438160560914382384108049049877018488050925160581554087761769184161692", "price": "0.61", "size": "0", "side": "SELL", "hash": "abdb33caaed0e13e813676cbbdc46f292c8169d5", "best_bid": "0.18", "best_ask": "0.6"}], "timestamp": "1769384098856", "event_type": "price_change"}}
{"_local_timestamp": "2026-01-25T23:34:58.926443+00:00", "data": {"market": "0xf6f3aa592fb0fd4ddb2c60a407eca9b6b4344e9c66bbe6faa4dbc68716bb36b9", "price_changes": [{"asset_id": "111554572328255061931611458434702422075609248852273331468535349755260932934722", "price": "0.38", "size": "0", "side": "BUY", "hash": "960b49182772ade1f3878fe6b683b643657fd9a2", "best_bid": "0.4", "best_ask": "0.82"}, {"asset_id": "71401223438160560914382384108049049877018488050925160581554087761769184161692", "price": "0.62", "size": "0", "side": "SELL", "hash": "abdb33caaed0e13e813676cbbdc46f292c8169d5", "best_bid": "0.18", "best_ask": "0.6"}], "timestamp": "1769384098856", "event_type": "price_change"}}
{"_local_timestamp": "2026-01-25T23:34:58.926879+00:00", "data": {"market": "0xd04b9a3ea558298a7e91cb0db834f245d9665abeea1b686e990c6c74e9520717", "price_changes": [{"asset_id": "61209603388080731354007168047868609725631112056139174437880437731488779625501", "price": "0.32", "size": "0", "side": "BUY", "hash": "f3c0c265e7a9412d86f9b5a57ca445c5ef058b55", "best_bid": "0.33", "best_ask": "0.83"}, {"asset_id": "13875030430299999531204366910326855590457900770658991968913269008606026402402", "price": "0.68", "size": "0", "side": "SELL", "hash": "ea2cd61f32caa8e62ae1bf3af37b154838d5a545", "best_bid": "0.17", "best_ask": "0.67"}], "timestamp": "1769384098856", "event_type": "price_change"}}
{"_local_timestamp": "2026-01-25T23:34:58.927319+00:00", "data": {"market": "0xd04b9a3ea558298a7e91cb0db834f245d9665abeea1b686e990c6c74e9520717", "price_changes": [{"asset_id": "61209603388080731354007168047868609725631112056139174437880437731488779625501", "price": "0.31", "size": "0", "side": "BUY", "hash": "f3c0c265e7a9412d86f9b5a57ca445c5ef058b55", "best_bid": "0.33", "best_ask": "0.83"}, {"asset_id": "13875030430299999531204366910326855590457900770658991968913269008606026402402", "price": "0.69", "size": "0", "side": "SELL", "hash": "ea2cd61f32caa8e62ae1bf3af37b154838d5a545", "best_bid": "0.17", "best_ask": "0.67"}], "timestamp": "1769384098856", "event_type": "price_change"}}
{"_local_timestamp": "2026-01-25T23:35:02.957567+00:00", "data": {"market": "0xd04b9a3ea558298a7e91cb0db834f245d9665abeea1b686e990c6c74e9520717", "price_changes": [{"asset_id": "61209603388080731354007168047868609725631112056139174437880437731488779625501", "price": "0.33", "size": "0", "side": "BUY", "hash": "b032de8455d5b1a48af6bad610ba5cd90252d9af", "best_bid": "0.3", "best_ask": "0.83"}, {"asset_id": "13875030430299999531204366910326855590457900770658991968913269008606026402402", "price": "0.67", "size": "0", "side": "SELL", "hash": "4010d182bece047425b24abb028d64a12d609673", "best_bid": "0.17", "best_ask": "0.7"}], "timestamp": "1769384102878", "event_type": "price_change"}}
{"_local_timestamp": "2026-01-25T23:35:02.958075+00:00", "data": {"market": "0xf6f3aa592fb0fd4ddb2c60a407eca9b6b4344e9c66bbe6faa4dbc68716bb36b9", "price_changes": [{"asset_id": "71401223438160560914382384108049049877018488050925160581554087761769184161692", "price": "0.18", "size": "0", "side": "BUY", "hash": "d1884db4d6ea9a106ce8cee6dab9a832e4ea1d67", "best_bid": "0.15", "best_ask": "0.6"}, {"asset_id": "111554572328255061931611458434702422075609248852273331468535349755260932934722", "price": "0.82", "size": "0", "side": "SELL", "hash": "77a22e80fae89e874fb9020bf190c62da8f5cad5", "best_bid": "0.4", "best_ask": "0.85"}], "timestamp": "1769384102878", "event_type": "price_change"}}
{"_local_timestamp": "2026-01-25T23:35:02.965015+00:00", "data": {"market": "0x07d2d3ed871c72ac48224522e4f7a30dcd7cafe8eb3550cbe3260f6a3667b8c5", "price_changes": [{"asset_id": "18253292310674895159596420256355629893539630705502039364432170190706476455281", "price": "0.33", "size": "0", "side": "BUY", "hash": "010ea0f565d7c40861b0e66fe8dcbd4d016faf70", "best_bid": "0.3", "best_ask": "0.61"}, {"asset_id": "91202024110960357090608714576381105552003528839781171222802669877957945529950", "price": "0.67", "size": "0", "side": "SELL", "hash": "fc09fa0dacdb3762e9204663836eae9fabe13f2f", "best_bid": "0.39", "best_ask": "0.7"}], "timestamp": "1769384102878", "event_type": "price_change"}}
{"_local_timestamp": "2026-01-25T23:35:02.965597+00:00", "data": {"market": "0xf6f3aa592fb0fd4ddb2c60a407eca9b6b4344e9c66bbe6faa4dbc68716bb36b9", "price_changes": [{"asset_id": "111554572328255061931611458434702422075609248852273331468535349755260932934722", "price": "0.4", "size": "0", "side": "BUY", "hash": "58d73f9f04776a4d292d7d0a83bff071e35f1dc6", "best_bid": "0.37", "best_ask": "0.85"}, {"asset_id": "71401223438160560914382384108049049877018488050925160581554087761769184161692", "price": "0.6", "size": "0", "side": "SELL", "hash": "30dacd22c3f6e9bc9d66f4b0207297a2e14a5893", "best_bid": "0.15", "best_ask": "0.63"}], "timestamp": "1769384102878", "event_type": "price_change"}}
{"_local_timestamp": "2026-01-25T23:35:03.764394+00:00", "data": {"market": "0xf6f3aa592fb0fd4ddb2c60a407eca9b6b4344e9c66bbe6faa4dbc68716bb36b9", "price_changes": [{"asset_id": "111554572328255061931611458434702422075609248852273331468535349755260932934722", "price": "0.38", "size": "150", "side": "BUY", "hash": "53b7ccf1f7e2c56af92e8648b33f2dfc20ddcd06", "best_bid": "0.38", "best_ask": "0.85"}, {"asset_id": "71401223438160560914382384108049049877018488050925160581554087761769184161692", "price": "0.62", "size": "150", "side": "SELL", "hash": "a1839f5b79c28a7104c8d35b4965903f126ec27f", "best_bid": "0.15", "best_ask": "0.62"}], "timestamp": "1769384103572", "event_type": "price_change"}}
{"_local_timestamp": "2026-01-25T23:35:03.764886+00:00", "data": {"market": "0xf6f3aa592fb0fd4ddb2c60a407eca9b6b4344e9c66bbe6faa4dbc68716bb36b9", "price_changes": [{"asset_id": "71401223438160560914382384108049049877018488050925160581554087761769184161692", "price": "0.16", "size": "150", "side": "BUY", "hash": "2d3d75201d6e67a19d1d101c3e09ce2dd0a0a52d", "best_bid": "0.16", "best_ask": "0.62"}, {"asset_id": "111554572328255061931611458434702422075609248852273331468535349755260932934722", "price": "0.84", "size": "150", "side": "SELL", "hash": "feb9c94493fcb428e0894f0c66272cc810115bba", "best_bid": "0.38", "best_ask": "0.84"}], "timestamp": "1769384103573", "event_type": "price_change"}}
{"_local_timestamp": "2026-01-25T23:35:03.765262+00:00", "data": {"market": "0xd04b9a3ea558298a7e91cb0db834f245d9665abeea1b686e990c6c74e9520717", "price_changes": [{"asset_id": "61209603388080731354007168047868609725631112056139174437880437731488779625501", "price": "0.31", "size": "150", "side": "BUY", "hash": "214331cd364673e492802a7d77ef2b4456f5124f", "best_bid": "0.31", "best_ask": "0.83"}, {"asset_id": "13875030430299999531204366910326855590457900770658991968913269008606026402402", "price": "0.69", "size": "150", "side": "SELL", "hash": "bf6e263cd416131130923243163ced06258e4e30", "best_bid": "0.17", "best_ask": "0.69"}], "timestamp": "1769384103580", "event_type": "price_change"}}
{"_local_timestamp": "2026-01-25T23:35:03.765630+00:00", "data": {"market": "0x07d2d3ed871c72ac48224522e4f7a30dcd7cafe8eb3550cbe3260f6a3667b8c5", "price_changes": [{"asset_id": "18253292310674895159596420256355629893539630705502039364432170190706476455281", "price": "0.31", "size": "150", "side": "BUY", "hash": "23ff924c0593aec4fadb5255a80a42645355b17f", "best_bid": "0.31", "best_ask": "0.61"}, {"asset_id": "91202024110960357090608714576381105552003528839781171222802669877957945529950", "price": "0.69", "size": "150", "side": "SELL", "hash": "4f73a3df4f6254b62dba403f39aeb4e62c3f38a3", "best_bid": "0.39", "best_ask": "0.69"}], "timestamp": "1769384103583", "event_type": "price_change"}}
{"_local_timestamp": "2026-01-25T23:35:10.225578+00:00", "data": {"market": "0xf6f3aa592fb0fd4ddb2c60a407eca9b6b4344e9c66bbe6faa4dbc68716bb36b9", "price_changes": [{"asset_id": "71401223438160560914382384108049049877018488050925160581554087761769184161692", "price": "0.17", "size": "8.5", "side": "BUY", "hash": "59e665f7c85b28c7f76c3174c209169c524f4e5e", "best_bid": "0.17", "best_ask": "0.62"}, {"asset_id": "111554572328255061931611458434702422075609248852273331468535349755260932934722", "price": "0.83", "size": "8.5", "side": "SELL", "hash": "be9fa4cb2bf3d8559148a300ee28bb803941d6d6", "best_bid": "0.38", "best_ask": "0.83"}], "timestamp": "1769384110154", "event_type": "price_change"}}
{"_local_timestamp": "2026-01-25T23:35:10.227242+00:00", "data": {"market": "0xf6f3aa592fb0fd4ddb2c60a407eca9b6b4344e9c66bbe6faa4dbc68716bb36b9", "price_changes": [{"asset_id": "111554572328255061931611458434702422075609248852273331468535349755260932934722", "price": "0.22", "size": "8.5", "side": "BUY", "hash": "ff580a00eff5e6ec15b247bbd6e6ccb578acf06d", "best_bid": "0.38", "best_ask": "0.83"}, {"asset_id": "71401223438160560914382384108049049877018488050925160581554087761769184161692", "price": "0.78", "size": "8.5", "side": "SELL", "hash": "7f14490a658407084bb1d13b40e5733718bc8eaa", "best_bid": "0.17", "best_ask": "0.62"}], "timestamp": "1769384110154", "event_type": "price_change"}}
{"_local_timestamp": "2026-01-25T23:35:14.521422+00:00", "data": {"market": "0xf6f3aa592fb0fd4ddb2c60a407eca9b6b4344e9c66bbe6faa4dbc68716bb36b9", "price_changes": [{"asset_id": "71401223438160560914382384108049049877018488050925160581554087761769184161692", "price": "0.16", "size": "0", "side": "BUY", "hash": "b8dd44093b4dddde9d21e4457c8ced38da8e5463", "best_bid": "0.17", "best_ask": "0.62"}, {"asset_id": "111554572328255061931611458434702422075609248852273331468535349755260932934722", "price": "0.84", "size": "0", "side": "SELL", "hash": "8bdaa4d64d8c630c7b8cdc73efa80fbff0fb433a", "best_bid": "0.38", "best_ask": "0.83"}], "timestamp": "1769384114453", "event_type": "price_change"}}
{"_local_timestamp": "2026-01-25T23:35:14.889970+00:00", "data": {"market": "0xf6f3aa592fb0fd4ddb2c60a407eca9b6b4344e9c66bbe6faa4dbc68716bb36b9", "price_changes": [{"asset_id": "71401223438160560914382384108049049877018488050925160581554087761769184161692", "price": "0.18", "size": "150", "side": "BUY", "hash": "d6046a3e9f5b9db0f7535d1a1b573acf984484af", "best_bid": "0.18", "best_ask": "0.62"}, {"asset_id": "111554572328255061931611458434702422075609248852273331468535349755260932934722", "price": "0.82", "size": "150", "side": "SELL", "hash": "d742320f15c4489ea85cabe3416044c243ae3690", "best_bid": "0.38", "best_ask": "0.82"}], "timestamp": "1769384114820", "event_type": "price_change"}}
