{"_local_timestamp": "2026-01-25T23:34:32.855293+00:00", "data": [{"market": "0x35bcf31716d91af7381ade2d35a0cdf719cabb02fe6e5bbd9633b54db5880a2e", "asset_id": "16985480058035229326766412757666594297713665424906063141866385052102290506811", "timestamp": "1769383670833", "hash": "f96f283324cbe2f17722f3c9890702cead4e67ab", "bids": [{"price": "0.01", "size": "623.34"}, {"price": "0.02", "size": "211.1"}, {"price": "0.03", "size": "273.04"}, {"price": "0.04", "size": "5.47"}], "asks": [{"price": "0.99", "size": "3646.5"}, {"price": "0.98", "size": "247.43"}, {"price": "0.97", "size": "141.31"}, {"price": "0.96", "size": "161.1"}, {"price": "0.95", "size": "107.05"}], "event_type": "book", "last_trade_price": ""}, {"market": "0x8c372b3ba85fe8b8c8aae4a99c06404422009888b16e05c29c3764160e932a7b", "asset_id": "83836057923140940706874572157680855781586876405198442188596516419755021952453", "timestamp": "1769383672152", "hash": "c975bd750b9c3236cf4c089777c1b5a7d8d8c3b7", "bids": [{"price": "0.01", "size": "3646.5"}, {"price": "0.02", "size": "247.43"}, {"price": "0.03", "size": "141.31"}, {"price": "0.04", "size": "178.1"}, {"price": "0.05", "size": "107.05"}], "asks": [{"price": "0.99", "size": "623.34"}, {"price": "0.98", "size": "211.1"}, {"price": "0.97", "size": "273.04"}, {"price": "0.96", "size": "5.47"}], "event_type": "book", "last_trade_price": ""}, {"market": "0x35bcf31716d91af7381ade2d35a0cdf719cabb02fe6e5bbd9633b54db5880a2e", "asset_id": "8501790805544193045879956957479121056916879706855472489492902638596051152403", "timestamp": "1769383670833", "hash": "9f5df9dc0429cf6a3994c3c8182c4feb0444c8b5", "bids": [{"price": "0.01", "size": "3646.5"}, {"price": "0.02", "size": "247.43"}, {"price": "0.03", "size": "141.31"}, {"price": "0.04", "size": "161.1"}, {"price": "0.05", "size": "107.05"}], "asks": [{"price": "0.99", "size": "623.34"}, {"price": "0.98", "size": "211.1"}, {"price": "0.97", "size": "273.04"}, {"price": "0.96", "size": "5.47"}], "event_type": "book", "last_trade_price": ""}, {"market": "0x31dba0ea98783f4b9de2de48543c955f4e9722dda4d2141e93c1a766556cdaf2", "asset_id": "48982848461591755661723391514790492076159849130986754861377742933700485907237", "timestamp": "1769383672154", "hash": "d4dee9ff7688257b826584e13d212122a355acf0", "bids": [{"price": "0.01", "size": "3646.5"}, {"price": "0.02", "size": "247.43"}, {"price": "0.03", "size": "141.31"}, {"price": "0.04", "size": "161.1"}, {"price": "0.05", "size": "107.05"}], "asks": [{"price": "0.99", "size": "623.34"}, {"price": "0.98", "size": "211.1"}, {"price": "0.97", "size": "273.04"}, {"price": "0.96", "size": "5.47"}], "event_type": "book", "last_trade_price": ""}, {"market": "0x31dba0ea98783f4b9de2de48543c955f4e9722dda4d2141e93c1a766556cdaf2", "asset_id": "42314692143078457782475164294903505504773764695658945250942605777960498850982", "timestamp": "1769383672154", "hash": "5971e1a230682659f40c99db2af3888c0aaeb30b", "bids": [{"price": "0.01", "size": "623.34"}, {"price": "0.02", "size": "211.1"}, {"price": "0.03", "size": "273.04"}, {"price": "0.04", "size": "5.47"}], "asks": [{"price": "0.99", "size": "3646.5"}, {"price": "0.98", "size": "247.43"}, {"price": "0.97", "size": "141.31"}, {"price": "0.96", "size": "161.1"}, {"price": "0.95", "size": "107.05"}], "event_type": "book", "last_trade_price": ""}, {"market": "0x8c372b3ba85fe8b8c8aae4a99c06404422009888b16e05c29c3764160e932a7b", "asset_id": "109354147725063016622899850927053988531662200489585710560225632735489987667928", "timestamp": "1769383672152", "hash": "415768ef44dafb9b7005c14e8ef442e5b22abc9c", "bids": [{"price": "0.01", "size": "623.34"}, {"price": "0.02", "size": "211.1"}, {"price": "0.03", "size": "273.04"}, {"price": "0.04", "size": "5.47"}], "asks": [{"price": "0.99", "size": "3646.5"}, {"price": "0.98", "size": "247.43"}, {"price": "0.97", "size": "141.31"}, {"price": "0.96", "size": "178.1"}, {"price": "0.95", "size": "107.05"}], "event_type": "book", "last_trade_price": ""}]}
