{"_local_timestamp": "2026-01-25T23:33:45.267602+00:00", "data": [{"market": "0xf5f1da6b4e154877efc4f17f4bab1048eb4cc16e92fc61e2f97b0c4f8e49e938", "asset_id": "69103578602577506445128884144969758220407685799853106314819017171186286635199", "timestamp": "1769383855359", "hash": "9afdabee9141cd7826d313f1259076ab058c6e69", "bids": [{"price": "0.01", "size": "131.09"}, {"price": "0.02", "size": "300"}, {"price": "0.03", "size": "406.36"}, {"price": "0.05", "size": "10"}, {"price": "0.06", "size": "40"}, {"price": "0.07", "size": "10.67"}, {"price": "0.08", "size": "462.5"}, {"price": "0.09", "size": "61.11"}, {"price": "0.11", "size": "73"}, {"price": "0.17", "size": "10"}, {"price": "0.18", "size": "150"}], "asks": [{"price": "0.99", "size": "125.91"}, {"price": "0.98", "size": "708.94"}, {"price": "0.97", "size": "8.22"}, {"price": "0.96", "size": "9.85"}, {"price": "0.95", "size": "30"}, {"price": "0.94", "size": "333"}, {"price": "0.93", "size": "200"}, {"price": "0.92", "size": "500"}, {"price": "0.91", "size": "11.9"}, {"price": "0.83", "size": "76.47"}, {"price": "0.82", "size": "38"}, {"price": "0.81", "size": "57.89"}, {"price": "0.68", "size": "10"}, {"price": "0.67", "size": "150"}], "event_type": "book", "last_trade_price": ""}, {"market": "0xf5f1da6b4e154877efc4f17f4bab1048eb4cc16e92fc61e2f97b0c4f8e49e938", "asset_id": "63815437350843670858589643246383750933010151607978271815924624456575230269248", "timestamp": "1769383855359", "hash": "e3dd5a84761a24d8c9beac94e955d82480b129ef", "bids": [{"price": "0.01", "size": "125.91"}, {"price": "0.02", "size": "708.94"}, {"price": "0.03", "size": "8.22"}, {"price": "0.04", "size": "9.85"}, {"price": "0.05", "size": "30"}, {"price": "0.06", "size": "333"}, {"price": "0.07", "size": "200"}, {"price": "0.08", "size": "500"}, {"price": "0.09", "size": "11.9"}, {"price": "0.17", "size": "76.47"}, {"price": "0.18", "size": "38"}, {"price": "0.19", "size": "57.89"}, {"price": "0.32", "size": "10"}, {"price": "0.33", "size": "150"}], "asks": [{"price": "0.99", "size": "131.09"}, {"price": "0.98", "size": "300"}, {"price": "0.97", "size": "406.36"}, {"price": "0.95", "size": "10"}, {"price": "0.94", "size": "40"}, {"price": "0.93", "size": "10.67"}, {"price": "0.92", "size": "462.5"}, {"price": "0.91", "size": "61.11"}, {"price": "0.89", "size": "73"}, {"price": "0.83", "size": "10"}, {"price": "0.82", "size": "150"}], "event_type": "book", "last_trade_price": ""}, {"market": "0x9b0fd1a525b7f5c8c4ce05bd29c3cdc0918a199818a499ced9441b25232abfd6", "asset_id": "28503009987019343485309232594198559023441239825108348608134465045789169845902", "timestamp": "1769383855359", "hash": "50bfff09e1429f6c22d4d6bd5d65dc912c57bf9f", "bids": [{"price": "0.01", "size": "1034.32"}, {"price": "0.02", "size": "25.17"}, {"price": "0.04", "size": "1000"}, {"price": "0.05", "size": "355"}, {"price": "0.06", "size": "108"}, {"price": "0.07", "size": "8.24"}, {"price": "0.12", "size": "208.33"}, {"price": "0.14", "size": "78.57"}, {"price": "0.15", "size": "46.31"}, {"price": "0.16", "size": "8.5"}, {"price": "0.17", "size": "5.88"}, {"price": "0.28", "size": "10"}, {"price": "0.29", "size": "150"}], "asks": [{"price": "0.99", "size": "1027"}, {"price": "0.98", "size": "9.3"}, {"price": "0.96", "size": "1200"}, {"price": "0.95", "size": "230"}, {"price": "0.94", "size": "40"}, {"price": "0.93", "size": "6.86"}, {"price": "0.9", "size": "400"}, {"price": "0.83", "size": "76.47"}, {"price": "0.82", "size": "38"}, {"price": "0.81", "size": "57.89"}, {"price": "0.8", "size": "8.5"}, {"price": "0.67", "size": "10"}, {"price": "0.66", "size": "150"}], "event_type": "book", "last_trade_price": ""}, {"market": "0xabc298cc3b8f2f71e5b5fac93c143511febd8881a8789477649d16799628fd22", "asset_id": "69416253506612672665445917464735860963819479446257172285288784162224167788583", "timestamp": "1769384020313", "hash": "20b935d9575e4f9667743a1ea5bddfbefd61b258", "bids": [{"price": "0.01", "size": "1042.36"}, {"price": "0.02", "size": "700"}, {"price": "0.03", "size": "14.99"}, {"price": "0.05", "size": "30"}, {"price": "0.06", "size": "33"}, {"price": "0.07", "size": "300"}, {"price": "0.08", "size": "631.33"}, {"price": "0.09", "size": "75"}, {"price": "0.14", "size": "92.85"}, {"price": "0.15", "size": "5.6"}, {"price": "0.16", "size": "68.75"}, {"price": "0.17", "size": "34"}, {"price": "0.18", "size": "8.5"}, {"price": "0.32", "size": "10"}, {"price": "0.33", "size": "150"}], "asks": [{"price": "0.99", "size": "1036.77"}, {"price": "0.98", "size": "700"}, {"price": "0.97", "size": "5.61"}, {"price": "0.95", "size": "10"}, {"price": "0.94", "size": "40"}, {"price": "0.93", "size": "11.19"}, {"price": "0.92", "size": "462.5"}, {"price": "0.91", "size": "61.11"}, {"price": "0.87", "size": "62"}, {"price": "0.81", "size": "10"}, {"price": "0.79", "size": "8.5"}, {"price": "0.78", "size": "150"}], "event_type": "book", "last_trade_price": ""}, {"market": "0x9b0fd1a525b7f5c8c4ce05bd29c3cdc0918a199818a499ced9441b25232abfd6", "asset_id": "36834864503550793459212222243452202031650171378978923530338545665508485984256", "timestamp": "1769383855359", "hash": "84e2caf0c8c0bbe5fd7495f7b76c91c45d160dbe", "bids": [{"price": "0.01", "size": "1027"}, {"price": "0.02", "size": "9.3"}, {"price": "0.04", "size": "1200"}, {"price": "0.05", "size": "230"}, {"price": "0.06", "size": "40"}, {"price": "0.07", "size": "6.86"}, {"price": "0.1", "size": "400"}, {"price": "0.17", "size": "76.47"}, {"price": "0.18", "size": "38"}, {"price": "0.19", "size": "57.89"}, {"price": "0.2", "size": "8.5"}, {"price": "0.33", "size": "10"}, {"price": "0.34", "size": "150"}], "asks": [{"price": "0.99", "size": "1034.32"}, {"price": "0.98", "size": "25.17"}, {"price": "0.96", "size": "1000"}, {"price": "0.95", "size": "355"}, {"price": "0.94", "size": "108"}, {"price": "0.93", "size": "8.24"}, {"price": "0.88", "size": "208.33"}, {"price": "0.86", "size": "78.57"}, {"price": "0.85", "size": "46.31"}, {"price": "0.84", "size": "8.5"}, {"price": "0.83", "size": "5.88"}, {"price": "0.72", "size": "10"}, {"price": "0.71", "size": "150"}], "event_type": "book", "last_trade_price": ""}, {"market": "0xabc298cc3b8f2f71e5b5fac93c143511febd8881a8789477649d16799628fd22", "asset_id": "103484252200720329038183287117844612461976965767900045310070621317188250923489", "timestamp": "1769384020313", "hash": "17d1b7e4bd5f445a823394b0610ce02e229697f0", "bids": [{"price": "0.01", "size": "1036.77"}, {"price": "0.02", "size": "700"}, {"price": "0.03", "size": "5.61"}, {"price": "0.05", "size": "10"}, {"price": "0.06", "size": "40"}, {"price": "0.07", "size": "11.19"}, {"price": "0.08", "size": "462.5"}, {"price": "0.09", "size": "61.11"}, {"price": "0.13", "size": "62"}, {"price": "0.19", "size": "10"}, {"price": "0.21", "size": "8.5"}, {"price": "0.22", "size": "150"}], "asks": [{"price": "0.99", "size": "1042.36"}, {"price": "0.98", "size": "700"}, {"price": "0.97", "size": "14.99"}, {"price": "0.95", "size": "30"}, {"price": "0.94", "size": "33"}, {"price": "0.93", "size": "300"}, {"price": "0.92", "size": "631.33"}, {"price": "0.91", "size": "75"}, {"price": "0.86", "size": "92.85"}, {"price": "0.85", "size": "5.6"}, {"price": "0.84", "size": "68.75"}, {"price": "0.83", "size": "34"}, {"price": "0.82", "size": "8.5"}, {"price": "0.68", "size": "10"}, {"price": "0.67", "size": "150"}], "event_type": "book", "last_trade_price": ""}]}
{"_local_timestamp": "2026-01-25T23:33:46.524570+00:00", "data": {"market": "0xabc298cc3b8f2f71e5b5fac93c143511febd8881a8789477649d16799628fd22", "price_changes": [{"asset_id": "69416253506612672665445917464735860963819479446257172285288784162224167788583", "price": "0.18", "size": "0", "side": "BUY", "hash": "f35291bdd0c08875136e770646cd84b537049a4a", "best_bid": "0.33", "best_ask": "0.78"}, {"asset_id": "103484252200720329038183287117844612461976965767900045310070621317188250923489", "price": "0.82", "size": "0", "side": "SELL", "hash": "4a458a082480297fda51cec2af390696559a7f1a", "best_bid": "0.22", "best_ask": "0.67"}], "timestamp": "1769384026453", "event_type": "price_change"}}
{"_local_timestamp": "2026-01-25T23:33:46.527221+00:00", "data": {"market": "0xabc298cc3b8f2f71e5b5fac93c143511febd8881a8789477649d16799628fd22", "price_changes": [{"asset_id": "103484252200720329038183287117844612461976965767900045310070621317188250923489", "price": "0.21", "size": "0", "side": "BUY", "hash": "1e51bc4589add8d3760eec5df2b0e4bb3061e646", "best_bid": "0.22", "best_ask": "0.67"}, {"asset_id": "69416253506612672665445917464735860963819479446257172285288784162224167788583", "price": "0.79", "size": "0", "side": "SELL", "hash": "3d31b95bf0c45df328a8593a93922343f1e2eb11", "best_bid": "0.33", "best_ask": "0.78"}], "timestamp": "1769384026453", "event_type": "price_change"}}
{"_local_timestamp": "2026-01-25T23:33:51.058535+00:00", "data": {"market": "0xabc298cc3b8f2f71e5b5fac93c143511febd8881a8789477649d16799628fd22", "price_changes": [{"asset_id": "103484252200720329038183287117844612461976965767900045310070621317188250923489", "price": "0.22", "size": "0", "side": "BUY", "hash": "65287e62367cbbe694e64187365f806e863f0ff3", "best_bid": "0.19", "best_ask": "0.67"}, {"asset_id": "69416253506612672665445917464735860963819479446257172285288784162224167788583", "price": "0.78", "size": "0", "side": "SELL", "hash": "be69990018e81a90cc2f087c0c8f3249aa7bb9e3", "best_bid": "0.33", "best_ask": "0.81"}], "timestamp": "1769384030988", "event_type": "price_change"}}
{"_local_timestamp": "2026-01-25T23:33:51.447825+00:00", "data": {"market": "0xabc298cc3b8f2f71e5b5fac93c143511febd8881a8789477649d16799628fd22", "price_changes": [{"asset_id": "103484252200720329038183287117844612461976965767900045310070621317188250923489", "price": "0.2", "size": "150", "side": "BUY", "hash": "2f9294c57d4768af4738ddf6462d2b0866d55c4f", "best_bid": "0.2", "best_ask": "0.67"}, {"asset_id": "69416253506612672665445917464735860963819479446257172285288784162224167788583", "price": "0.8", "size": "150", "side": "SELL", "hash": "dc7ee0d004f4cbcf16aa02e0ad63ed5c9c5c971f", "best_bid": "0.33", "best_ask": "0.8"}], "timestamp": "1769384031376", "event_type": "price_change"}}
{"_local_timestamp": "2026-01-25T23:33:58.324966+00:00", "data": {"market": "0xabc298cc3b8f2f71e5b5fac93c143511febd8881a8789477649d16799628fd22", "price_changes": [{"asset_id": "69416253506612672665445917464735860963819479446257172285288784162224167788583", "price": "0.18", "size": "8.5", "side": "BUY", "hash": "eb185c95b5c64d2f9e1f6047b77ca4d4b0a9ea4e", "best_bid": "0.33", "best_ask": "0.8"}, {"asset_id": "103484252200720329038183287117844612461976965767900045310070621317188250923489", "price": "0.82", "size": "8.5", "side": "SELL", "hash": "ce86a37e6513a16f1c892ea8c1ae1637e9864649", "best_bid": "0.2", "best_ask": "0.67"}], "timestamp": "1769384038238", "event_type": "price_change"}}
{"_local_timestamp": "2026-01-25T23:33:58.331755+00:00", "data": {"market": "0xabc298cc3b8f2f71e5b5fac93c143511febd8881a8789477649d16799628fd22", "price_changes": [{"asset_id": "103484252200720329038183287117844612461976965767900045310070621317188250923489", "price": "0.21", "size": "8.5", "side": "BUY", "hash": "e3ee10e4be5333599ad8d2ae15e4b8d434b3005c", "best_bid": "0.21", "best_ask": "0.67"}, {"asset_id": "69416253506612672665445917464735860963819479446257172285288784162224167788583", "price": "0.79", "size": "8.5", "side": "SELL", "hash": "78b267df26c4d5714113afaf74e5eb25224ea5fb", "best_bid": "0.33", "best_ask": "0.79"}], "timestamp": "1769384038239", "event_type": "price_change"}}
{"_local_timestamp": "2026-01-25T23:34:02.043549+00:00", "data": {"market": "0xabc298cc3b8f2f71e5b5fac93c143511febd8881a8789477649d16799628fd22", "price_changes": [{"asset_id": "103484252200720329038183287117844612461976965767900045310070621317188250923489", "price": "0.2", "size": "0", "side": "BUY", "hash": "6a3a984ef65783d6d0126f3ce43f5796543b9bf5", "best_bid": "0.21", "best_ask": "0.67"}, {"asset_id": "69416253506612672665445917464735860963819479446257172285288784162224167788583", "price": "0.8", "size": "0", "side": "SELL", "hash": "d70a129ebe93137d4813627f94895c12c63ee42e", "best_bid": "0.33", "best_ask": "0.79"}], "timestamp": "1769384041967", "event_type": "price_change"}}
{"_local_timestamp": "2026-01-25T23:34:02.385162+00:00", "data": {"market": "0xabc298cc3b8f2f71e5b5fac93c143511febd8881a8789477649d16799628fd22", "price_changes": [{"asset_id": "103484252200720329038183287117844612461976965767900045310070621317188250923489", "price": "0.22", "size": "150", "side": "BUY", "hash": "d3d1a2142bd2853d905771b9f9e4b07bc78b4922", "best_bid": "0.22", "best_ask": "0.67"}, {"asset_id": "69416253506612672665445917464735860963819479446257172285288784162224167788583", "price": "0.78", "size": "150", "side": "SELL", "hash": "daac320bcc568c0d50c89141731d21d309e11807", "best_bid": "0.33", "best_ask": "0.78"}], "timestamp": "1769384042311", "event_type": "price_change"}}
{"_local_timestamp": "2026-01-25T23:34:08.037447+00:00", "data": {"market": "0xabc298cc3b8f2f71e5b5fac93c143511febd8881a8789477649d16799628fd22", "price_changes": [{"asset_id": "103484252200720329038183287117844612461976965767900045310070621317188250923489", "price": "0.21", "size": "0", "side": "BUY", "hash": "ca91719c0cb440ad8fc182a4d9e9e80938facc2c", "best_bid": "0.22", "best_ask": "0.67"}, {"asset_id": "69416253506612672665445917464735860963819479446257172285288784162224167788583", "price": "0.79", "size": "0", "side": "SELL", "hash": "74d14fd7e2957ea8bf0e1107b327c893dd175dad", "best_bid": "0.33", "best_ask": "0.78"}], "timestamp": "1769384047942", "event_type": "price_change"}}
{"_local_timestamp": "2026-01-25T23:34:08.042009+00:00", "data": {"market": "0xabc298cc3b8f2f71e5b5fac93c143511febd8881a8789477649d16799628fd22", "price_changes": [{"asset_id": "69416253506612672665445917464735860963819479446257172285288784162224167788583", "price": "0.18", "size": "0", "side": "BUY", "hash": "6957bb702ca9feb209b2855682d30eb04c341330", "best_bid": "0.33", "best_ask": "0.78"}, {"asset_id": "103484252200720329038183287117844612461976965767900045310070621317188250923489", "price": "0.82", "size": "0", "side": "SELL", "hash": "51dea5884c53e4eed629d11d5a9398a22acd54fb", "best_bid": "0.22", "best_ask": "0.67"}], "timestamp": "1769384047942", "event_type": "price_change"}}
{"_local_timestamp": "2026-01-25T23:34:13.177615+00:00", "data": {"market": "0xabc298cc3b8f2f71e5b5fac93c143511febd8881a8789477649d16799628fd22", "price_changes": [{"asset_id": "103484252200720329038183287117844612461976965767900045310070621317188250923489", "price": "0.22", "size": "0", "side": "BUY", "hash": "1378c8517d644736913b4e34ad005180ab90e495", "best_bid": "0.19", "best_ask": "0.67"}, {"asset_id": "69416253506612672665445917464735860963819479446257172285288784162224167788583", "price": "0.78", "size": "0", "side": "SELL", "hash": "7e6899194a59cd91d6aae35314cf907e79716d65", "best_bid": "0.33", "best_ask": "0.81"}], "timestamp": "1769384053055", "event_type": "price_change"}}
{"_local_timestamp": "2026-01-25T23:34:13.552822+00:00", "data": {"market": "0xabc298cc3b8f2f71e5b5fac93c143511febd8881a8789477649d16799628fd22", "price_changes": [{"asset_id": "103484252200720329038183287117844612461976965767900045310070621317188250923489", "price": "0.2", "size": "150", "side": "BUY", "hash": "687baf25734dd88eb1a92b0e4c87cacb2bab4783", "best_bid": "0.2", "best_ask": "0.67"}, {"asset_id": "69416253506612672665445917464735860963819479446257172285288784162224167788583", "price": "0.8", "size": "150", "side": "SELL", "hash": "12f88b969ffce73c4c2444b6beb9144f7b927a7f", "best_bid": "0.33", "best_ask": "0.8"}], "timestamp": "1769384053370", "event_type": "price_change"}}
{"_local_timestamp": "2026-01-25T23:34:21.443294+00:00", "data": {"market": "0xabc298cc3b8f2f71e5b5fac93c143511febd8881a8789477649d16799628fd22", "price_changes": [{"asset_id": "69416253506612672665445917464735860963819479446257172285288784162224167788583", "price": "0.18", "size": "8.5", "side": "BUY", "hash": "89ba4224f1128a70324892aedc111133b88629f4", "best_bid": "0.33", "best_ask": "0.8"}, {"asset_id": "103484252200720329038183287117844612461976965767900045310070621317188250923489", "price": "0.82", "size": "8.5", "side": "SELL", "hash": "1374c0b411651621625ae2aa5843cc29bb67b78d", "best_bid": "0.2", "best_ask": "0.67"}], "timestamp": "1769384061347", "event_type": "price_change"}}
{"_local_timestamp": "2026-01-25T23:34:21.448069+00:00", "data": {"market": "0xabc298cc3b8f2f71e5b5fac93c143511febd8881a8789477649d16799628fd22", "price_changes": [{"asset_id": "103484252200720329038183287117844612461976965767900045310070621317188250923489", "price": "0.21", "size": "8.5", "side": "BUY", "hash": "81be4356ad033d0ea1481bbb53f9ee7e7499b66e", "best_bid": "0.21", "best_ask": "0.67"}, {"asset_id": "69416253506612672665445917464735860963819479446257172285288784162224167788583", "price": "0.79", "size": "8.5", "side": "SELL", "hash": "5d6876d99b9665f6c6105e28672fbf65b2d14412", "best_bid": "0.33", "best_ask": "0.79"}], "timestamp": "1769384061347", "event_type": "price_change"}}
{"_local_timestamp": "2026-01-25T23:34:23.948877+00:00", "data": {"market": "0xabc298cc3b8f2f71e5b5fac93c143511febd8881a8789477649d16799628fd22", "price_changes": [{"asset_id": "103484252200720329038183287117844612461976965767900045310070621317188250923489", "price": "0.2", "size": "0", "side": "BUY", "hash": "0944d730b20375bb7127f1ef7a79269b535f1192", "best_bid": "0.21", "best_ask": "0.67"}, {"asset_id": "69416253506612672665445917464735860963819479446257172285288784162224167788583", "price": "0.8", "size": "0", "side": "SELL", "hash": "6236f89e3e3ee97506d171f11d3f91a91a2748da", "best_bid": "0.33", "best_ask": "0.79"}], "timestamp": "1769384063868", "event_type": "price_change"}}
{"_local_timestamp": "2026-01-25T23:34:24.416407+00:00", "data": {"market": "0xabc298cc3b8f2f71e5b5fac93c143511febd8881a8789477649d16799628fd22", "price_changes": [{"asset_id": "103484252200720329038183287117844612461976965767900045310070621317188250923489", "price": "0.22", "size": "150", "side": "BUY", "hash": "5d28ce100ea591890042332b0d620d9b6fc6005e", "best_bid": "0.22", "best_ask": "0.67"}, {"asset_id": "69416253506612672665445917464735860963819479446257172285288784162224167788583", "price": "0.78", "size": "150", "side": "SELL", "hash": "764662c9b79b3f29cdaa2846fd58e328b304130b", "best_bid": "0.33", "best_ask": "0.78"}], "timestamp": "1769384064318", "event_type": "price_change"}}
{"_local_timestamp": "2026-01-25T23:34:29.521852+00:00", "data": {"market": "0xabc298cc3b8f2f71e5b5fac93c143511febd8881a8789477649d16799628fd22", "price_changes": [{"asset_id": "69416253506612672665445917464735860963819479446257172285288784162224167788583", "price": "0.18", "size": "0", "side": "BUY", "hash": "e303c93eb2a9d5e3fc0302061570c17cd055b127", "best_bid": "0.33", "best_ask": "0.78"}, {"asset_id": "103484252200720329038183287117844612461976965767900045310070621317188250923489", "price": "0.82", "size": "0", "side": "SELL", "hash": "8cc348e57f62f9703dba2f4ed0d8749b11b23586", "best_bid": "0.22", "best_ask": "0.67"}], "timestamp": "1769384069437", "event_type": "price_change"}}
{"_local_timestamp": "2026-01-25T23:34:29.533486+00:00", "data": {"market": "0xabc298cc3b8f2f71e5b5fac93c143511febd8881a8789477649d16799628fd22", "price_changes": [{"asset_id": "103484252200720329038183287117844612461976965767900045310070621317188250923489", "price": "0.21", "size": "0", "side": "BUY", "hash": "3356018408431364771810e10e5c73c577ed79c9", "best_bid": "0.22", "best_ask": "0.67"}, {"asset_id": "69416253506612672665445917464735860963819479446257172285288784162224167788583", "price": "0.79", "size": "0", "side": "SELL", "hash": "e46b40904575b2da70b5b9fae0eb8dce2ede7f58", "best_bid": "0.33", "best_ask": "0.78"}], "timestamp": "1769384069437", "event_type": "price_change"}}
{"_local_timestamp": "2026-01-25T23:34:32.886931+00:00", "data": {"market": "0xabc298cc3b8f2f71e5b5fac93c143511febd8881a8789477649d16799628fd22", "price_changes": [{"asset_id": "69416253506612672665445917464735860963819479446257172285288784162224167788583", "price": "0.33", "size": "189", "side": "BUY", "hash": "6fb6ed6e6512d0216573bab6ba91ea1853ed958d", "best_bid": "0.33", "best_ask": "0.78"}, {"asset_id": "103484252200720329038183287117844612461976965767900045310070621317188250923489", "price": "0.67", "size": "189", "side": "SELL", "hash": "a332bc3093a1ca1ca3128b8088005379021eefac", "best_bid": "0.22", "best_ask": "0.67"}], "timestamp": "1769384072816", "event_type": "price_change"}}
{"_local_timestamp": "2026-01-25T23:34:32.887498+00:00", "data": {"market": "0xf5f1da6b4e154877efc4f17f4bab1048eb4cc16e92fc61e2f97b0c4f8e49e938", "price_changes": [{"asset_id": "63815437350843670858589643246383750933010151607978271815924624456575230269248", "price": "0.33", "size": "229", "side": "BUY", "hash": "ef61dc4d88ad759cf192c2879ea41b2f843fb71a", "best_bid": "0.33", "best_ask": "0.82"}, {"asset_id": "69103578602577506445128884144969758220407685799853106314819017171186286635199", "price": "0.67", "size": "229", "side": "SELL", "hash": "6fcafe552259d53c3aa66708994126c5723abcb0", "best_bid": "0.18", "best_ask": "0.67"}], "timestamp": "1769384072816", "event_type": "price_change"}}
{"_local_timestamp": "2026-01-25T23:34:32.887881+00:00", "data": {"market": "0x9b0fd1a525b7f5c8c4ce05bd29c3cdc0918a199818a499ced9441b25232abfd6", "price_changes": [{"asset_id": "28503009987019343485309232594198559023441239825108348608134465045789169845902", "price": "0.3", "size": "158", "side": "BUY", "hash": "ae8502ba5e35a60289886cb3d75edff45a578823", "best_bid": "0.3", "best_ask": "0.66"}, {"asset_id": "36834864503550793459212222243452202031650171378978923530338545665508485984256", "price": "0.7", "size": "158", "side": "SELL", "hash": "9927a7d3d346b0cd97d5e12fdbf9fb779ba96716", "best_bid": "0.34", "best_ask": "0.7"}], "timestamp": "1769384072816", "event_type": "price_change"}}
{"_local_timestamp": "2026-01-25T23:34:32.888250+00:00", "data": {"market": "0xabc298cc3b8f2f71e5b5fac93c143511febd8881a8789477649d16799628fd22", "price_changes": [{"asset_id": "69416253506612672665445917464735860963819479446257172285288784162224167788583", "price": "0.34", "size": "316.66", "side": "BUY", "hash": "3c773e39568ec11c5c206615d66980f50f7d716a", "best_bid": "0.34", "best_ask": "0.78"}, {"asset_id": "103484252200720329038183287117844612461976965767900045310070621317188250923489", "price": "0.66", "size": "316.66", "side": "SELL", "hash": "8286865a60e4227d92e7c31f19002893c08a6d49", "best_bid": "0.22", "best_ask": "0.66"}], "timestamp": "1769384072817", "event_type": "price_change"}}
{"_local_timestamp": "2026-01-25T23:34:32.888575+00:00", "data": {"market": "0xf5f1da6b4e154877efc4f17f4bab1048eb4cc16e92fc61e2f97b0c4f8e49e938", "price_changes": [{"asset_id": "63815437350843670858589643246383750933010151607978271815924624456575230269248", "price": "0.34", "size": "316.66", "side": "BUY", "hash": "9368f9c4ba5b3e77e1b45b56da0f9b1fb4990929", "best_bid": "0.34", "best_ask": "0.82"}, {"asset_id": "69103578602577506445128884144969758220407685799853106314819017171186286635199", "price": "0.66", "size": "316.66", "side": "SELL", "hash": "e30e913ebaab8e8e684572b876bd066f821d80b6", "best_bid": "0.18", "best_ask": "0.66"}], "timestamp": "1769384072817", "event_type": "price_change"}}
{"_local_timestamp": "2026-01-25T23:34:35.377250+00:00", "data": {"market": "0x9b0fd1a525b7f5c8c4ce05bd29c3cdc0918a199818a499ced9441b25232abfd6", "price_changes": [{"asset_id": "28503009987019343485309232594198559023441239825108348608134465045789169845902", "price": "0.29", "size": "0", "side": "BUY", "hash": "9c181b4496254d10b9e6074221ec456115c86a6b", "best_bid": "0.3", "best_ask": "0.66"}, {"asset_id": "36834864503550793459212222243452202031650171378978923530338545665508485984256", "price": "0.71", "size": "0", "side": "SELL", "hash": "07da1e44fb13e64b0c09e15446d97e255a7a36db", "best_bid": "0.34", "best_ask": "0.7"}], "timestamp": "1769384075307", "event_type": "price_change"}}
{"_local_timestamp": "2026-01-25T23:34:35.380078+00:00", "data": {"market": "0xf5f1da6b4e154877efc4f17f4bab1048eb4cc16e92fc61e2f97b0c4f8e49e938", "price_changes": [{"asset_id": "63815437350843670858589643246383750933010151607978271815924624456575230269248", "price": "0.33", "size": "79", "side": "BUY", "hash": "c85d8201cc291a916ab97b11b56ab1c812137b4a", "best_bid": "0.34", "best_ask": "0.82"}, {"asset_id": "69103578602577506445128884144969758220407685799853106314819017171186286635199", "price": "0.67", "size": "79", "side": "SELL", "hash": "8cd42a604347fbf6c7494f4eb81fd37c0a46312c", "best_bid": "0.18", "best_ask": "0.66"}], "timestamp": "1769384075307", "event_type": "price_change"}}
{"_local_timestamp": "2026-01-25T23:34:35.381585+00:00", "data": {"market": "0xabc298cc3b8f2f71e5b5fac93c143511febd8881a8789477649d16799628fd22", "price_changes": [{"asset_id": "103484252200720329038183287117844612461976965767900045310070621317188250923489", "price": "0.22", "size": "0", "side": "BUY", "hash": "da82b5d6860c113e59f60596d055ee5fc892db67", "best_bid": "0.19", "best_ask": "0.66"}, {"asset_id": "69416253506612672665445917464735860963819479446257172285288784162224167788583", "price": "0.78", "size": "0", "side": "SELL", "hash": "6b96b39455116aafe281ec84788dd3b7678af50c", "best_bid": "0.34", "best_ask": "0.81"}], "timestamp": "1769384075307", "event_type": "price_change"}}
{"_local_timestamp": "2026-01-25T23:34:35.381967+00:00", "data": {"market": "0xabc298cc3b8f2f71e5b5fac93c143511febd8881a8789477649d16799628fd22", "price_changes": [{"asset_id": "69416253506612672665445917464735860963819479446257172285288784162224167788583", "price": "0.33", "size": "39", "side": "BUY", "hash": "bfca79d6c1d2e184e4ac61e0045547f333feae22", "best_bid": "0.34", "best_ask": "0.81"}, {"asset_id": "103484252200720329038183287117844612461976965767900045310070621317188250923489", "price": "0.67", "size": "39", "side": "SELL", "hash": "64a84fcdde321c9c1977ac0439fd5d42d660c89d", "best_bid": "0.19", "best_ask": "0.66"}], "timestamp": "1769384075308", "event_type": "price_change"}}
{"_local_timestamp": "2026-01-25T23:34:35.790246+00:00", "data": {"market": "0xabc298cc3b8f2f71e5b5fac93c143511febd8881a8789477649d16799628fd22", "price_changes": [{"asset_id": "69416253506612672665445917464735860963819479446257172285288784162224167788583", "price": "0.35", "size": "150", "side": "BUY", "hash": "4bd1c70c593f76865ac15706a6029c6e443e2634", "best_bid": "0.35", "best_ask": "0.81"}, {"asset_id": "103484252200720329038183287117844612461976965767900045310070621317188250923489", "price": "0.65", "size": "150", "side": "SELL", "hash": "5c64ab0527755459e2a3501c83b1f9d10453f3e0", "best_bid": "0.19", "best_ask": "0.65"}], "timestamp": "1769384075715", "event_type": "price_change"}}
{"_local_timestamp": "2026-01-25T23:34:35.798167+00:00", "data": {"market": "0xabc298cc3b8f2f71e5b5fac93c143511febd8881a8789477649d16799628fd22", "price_changes": [{"asset_id": "103484252200720329038183287117844612461976965767900045310070621317188250923489", "price": "0.2", "size": "150", "side": "BUY", "hash": "f1bcfadd1695f3785792b3c324fb024ef9e661c3", "best_bid": "0.2", "best_ask": "0.65"}, {"asset_id": "69416253506612672665445917464735860963819479446257172285288784162224167788583", "price": "0.8", "size": "150", "side": "SELL", "hash": "11ca0793382190c6a262729c855d70b0c1be83f1", "best_bid": "0.35", "best_ask": "0.8"}], "timestamp": "1769384075716", "event_type": "price_change"}}
{"_local_timestamp": "2026-01-25T23:34:35.798599+00:00", "data": {"market": "0x9b0fd1a525b7f5c8c4ce05bd29c3cdc0918a199818a499ced9441b25232abfd6", "price_changes": [{"asset_id": "28503009987019343485309232594198559023441239825108348608134465045789169845902", "price": "0.31", "size": "150", "side": "BUY", "hash": "ab086f22fd639970a487fd995d85880a19ee52b3", "best_bid": "0.31", "best_ask": "0.66"}, {"asset_id": "36834864503550793459212222243452202031650171378978923530338545665508485984256", "price": "0.69", "size": "150", "side": "SELL", "hash": "31ef49d660dfcc77c9336a4a253a1bf9e54eda07", "best_bid": "0.34", "best_ask": "0.69"}], "timestamp": "1769384075727", "event_type": "price_change"}}
{"_local_timestamp": "2026-01-25T23:34:35.801343+00:00", "data": {"market": "0xf5f1da6b4e154877efc4f17f4bab1048eb4cc16e92fc61e2f97b0c4f8e49e938", "price_changes": [{"asset_id": "63815437350843670858589643246383750933010151607978271815924624456575230269248", "price": "0.35", "size": "150", "side": "BUY", "hash": "151edf7c9015339ba172c17d2a08c25d75f56162", "best_bid": "0.35", "best_ask": "0.82"}, {"asset_id": "69103578602577506445128884144969758220407685799853106314819017171186286635199", "price": "0.65", "size": "150", "side": "SELL", "hash": "26c7d2781283f8ab232e1b0200604781d571eefb", "best_bid": "0.18", "best_ask": "0.65"}], "timestamp": "1769384075727", "event_type": "price_change"}}
{"_local_timestamp": "2026-01-25T23:34:40.397296+00:00", "data": {"market": "0xabc298cc3b8f2f71e5b5fac93c143511febd8881a8789477649d16799628fd22", "price_changes": [{"asset_id": "103484252200720329038183287117844612461976965767900045310070621317188250923489", "price": "0.02", "size": "1400", "side": "BUY", "hash": "70f6534f0461330831fd21596fa9308f67aeb209", "best_bid": "0.2", "best_ask": "0.65"}, {"asset_id": "69416253506612672665445917464735860963819479446257172285288784162224167788583", "price": "0.98", "size": "1400", "side": "SELL", "hash": "7ba0017ab962dd1916bc54a6da51be5629248e8c", "best_bid": "0.35", "best_ask": "0.8"}], "timestamp": "1769384080146", "event_type": "price_change"}}
{"_local_timestamp": "2026-01-25T23:34:40.685053+00:00", "data": {"market": "0xabc298cc3b8f2f71e5b5fac93c143511febd8881a8789477649d16799628fd22", "price_changes": [{"asset_id": "103484252200720329038183287117844612461976965767900045310070621317188250923489", "price": "0.21", "size": "8.5", "side": "BUY", "hash": "7b4e4bd6e42ae3de101eae99f287aeeaed552437", "best_bid": "0.21", "best_ask": "0.65"}, {"asset_id": "69416253506612672665445917464735860963819479446257172285288784162224167788583", "price": "0.79", "size": "8.5", "side": "SELL", "hash": "ba3656c51b08273db754c5476bd94c7661f4ac9a", "best_bid": "0.35", "best_ask": "0.79"}], "timestamp": "1769384080538", "event_type": "price_change"}}
{"_local_timestamp": "2026-01-25T23:34:40.690487+00:00", "data": {"market": "0xabc298cc3b8f2f71e5b5fac93c143511febd8881a8789477649d16799628fd22", "price_changes": [{"asset_id": "69416253506612672665445917464735860963819479446257172285288784162224167788583", "price": "0.18", "size": "8.5", "side": "BUY", "hash": "4b88580b09ef5c667b9d09c33f080262a9e2dbc8", "best_bid": "0.35", "best_ask": "0.79"}, {"asset_id": "103484252200720329038183287117844612461976965767900045310070621317188250923489", "price": "0.82", "size": "8.5", "side": "SELL", "hash": "50e636935806d0d293b1e11a28cf6fc5cba3ddc3", "best_bid": "0.21", "best_ask": "0.65"}], "timestamp": "1769384080539", "event_type": "price_change"}}
{"_local_timestamp": "2026-01-25T23:34:41.002255+00:00", "data": {"market": "0xabc298cc3b8f2f71e5b5fac93c143511febd8881a8789477649d16799628fd22", "price_changes": [{"asset_id": "103484252200720329038183287117844612461976965767900045310070621317188250923489", "price": "0.2", "size": "0", "side": "BUY", "hash": "4bf1a74343ab38c7f97af0f840ae0090c2342b7d", "best_bid": "0.21", "best_ask": "0.65"}, {"asset_id": "69416253506612672665445917464735860963819479446257172285288784162224167788583", "price": "0.8", "size": "0", "side": "SELL", "hash": "80674a3559cde99f6e9b0ef655c70dc120571645", "best_bid": "0.35", "best_ask": "0.79"}], "timestamp": "1769384080922", "event_type": "price_change"}}
{"_local_timestamp": "2026-01-25T23:34:41.409729+00:00", "data": {"market": "0xabc298cc3b8f2f71e5b5fac93c143511febd8881a8789477649d16799628fd22", "price_changes": [{"asset_id": "103484252200720329038183287117844612461976965767900045310070621317188250923489", "price": "0.22", "size": "150", "side": "BUY", "hash": "12bc0f18ca99e2fb0f185074c3de9763dbba3bc5", "best_bid": "0.22", "best_ask": "0.65"}, {"asset_id": "69416253506612672665445917464735860963819479446257172285288784162224167788583", "price": "0.78", "size": "150", "side": "SELL", "hash": "42a81b7b190261efa6ddf3612e6aa7e412552866", "best_bid": "0.35", "best_ask": "0.78"}], "timestamp": "1769384081337", "event_type": "price_change"}}
{"_local_timestamp": "2026-01-25T23:34:45.980283+00:00", "data": {"market": "0xabc298cc3b8f2f71e5b5fac93c143511febd8881a8789477649d16799628fd22", "price_changes": [{"asset_id": "103484252200720329038183287117844612461976965767900045310070621317188250923489", "price": "0.21", "size": "0", "side": "BUY", "hash": "91d3200c54b662b250f27ff1444d1acf425b542e", "best_bid": "0.22", "best_ask": "0.65"}, {"asset_id": "69416253506612672665445917464735860963819479446257172285288784162224167788583", "price": "0.79", "size": "0", "side": "SELL", "hash": "98b7bbec11c282f48fc257782af0f83231e445c1", "best_bid": "0.35", "best_ask": "0.78"}], "timestamp": "1769384085904", "event_type": "price_change"}}
{"_local_timestamp": "2026-01-25T23:34:45.980869+00:00", "data": {"market": "0xabc298cc3b8f2f71e5b5fac93c143511febd8881a8789477649d16799628fd22", "price_changes": [{"asset_id": "69416253506612672665445917464735860963819479446257172285288784162224167788583", "price": "0.18", "size": "0", "side": "BUY", "hash": "984f44a5efe2d5fc73fa18f24da7d349595d598d", "best_bid": "0.35", "best_ask": "0.78"}, {"asset_id": "103484252200720329038183287117844612461976965767900045310070621317188250923489", "price": "0.82", "size": "0", "side": "SELL", "hash": "8a73eacc7efd368e9af1acdb0131dd9d73679626", "best_bid": "0.22", "best_ask": "0.65"}], "timestamp": "1769384085904", "event_type": "price_change"}}
{"_local_timestamp": "2026-01-25T23:34:46.582053+00:00", "data": {"market": "0xabc298cc3b8f2f71e5b5fac93c143511febd8881a8789477649d16799628fd22", "price_changes": [{"asset_id": "103484252200720329038183287117844612461976965767900045310070621317188250923489", "price": "0.22", "size": "0", "side": "BUY", "hash": "f8280e9799ae89f7569893c85e9058d416f7884c", "best_bid": "0.19", "best_ask": "0.65"}, {"asset_id": "69416253506612672665445917464735860963819479446257172285288784162224167788583", "price": "0.78", "size": "0", "side": "SELL", "hash": "f106f429b7c02812586d62b6be278f8d6c20859e", "best_bid": "0.35", "best_ask": "0.81"}], "timestamp": "1769384086500", "event_type": "price_change"}}
{"_local_timestamp": "2026-01-25T23:34:46.848829+00:00", "data": {"market": "0xabc298cc3b8f2f71e5b5fac93c143511febd8881a8789477649d16799628fd22", "price_changes": [{"asset_id": "103484252200720329038183287117844612461976965767900045310070621317188250923489", "price": "0.2", "size": "150", "side": "BUY", "hash": "db7782bd49914ee3df15a1e333f09cde89676961", "best_bid": "0.2", "best_ask": "0.65"}, {"asset_id": "69416253506612672665445917464735860963819479446257172285288784162224167788583", "price": "0.8", "size": "150", "side": "SELL", "hash": "2518542bf3b238dbbe523480e15e3ad69bbab441", "best_bid": "0.35", "best_ask": "0.8"}], "timestamp": "1769384086775", "event_type": "price_change"}}
{"_local_timestamp": "2026-01-25T23:34:52.797305+00:00", "data": {"market": "0xabc298cc3b8f2f71e5b5fac93c143511febd8881a8789477649d16799628fd22", "price_changes": [{"asset_id": "69416253506612672665445917464735860963819479446257172285288784162224167788583", "price": "0.18", "size": "8.5", "side": "BUY", "hash": "319acb7619fc59a622c233a735f0345280f27cf3", "best_bid": "0.35", "best_ask": "0.8"}, {"asset_id": "103484252200720329038183287117844612461976965767900045310070621317188250923489", "price": "0.82", "size": "8.5", "side": "SELL", "hash": "93654fc98804ce76b8792964fb1932cdd1050a54", "best_bid": "0.2", "best_ask": "0.65"}], "timestamp": "1769384092724", "event_type": "price_change"}}
{"_local_timestamp": "2026-01-25T23:34:52.800627+00:00", "data": {"market": "0xabc298cc3b8f2f71e5b5fac93c143511febd8881a8789477649d16799628fd22", "price_changes": [{"asset_id": "103484252200720329038183287117844612461976965767900045310070621317188250923489", "price": "0.21", "size": "8.5", "side": "BUY", "hash": "899bfea2f28c5baa11f755e3d6f64c85c0b597c3", "best_bid": "0.21", "best_ask": "0.65"}, {"asset_id": "69416253506612672665445917464735860963819479446257172285288784162224167788583", "price": "0.79", "size": "8.5", "side": "SELL", "hash": "153365576e3e2f5e6337b077edc50529105ffb05", "best_bid": "0.35", "best_ask": "0.79"}], "timestamp": "1769384092724", "event_type": "price_change"}}
{"_local_timestamp": "2026-01-25T23:34:57.396895+00:00", "data": {"market": "0xabc298cc3b8f2f71e5b5fac93c143511febd8881a8789477649d16799628fd22", "price_changes": [{"asset_id": "103484252200720329038183287117844612461976965767900045310070621317188250923489", "price": "0.2", "size": "0", "side": "BUY", "hash": "3bf746b305799c4e8247de14642bcfed4711facc", "best_bid": "0.21", "best_ask": "0.65"}, {"asset_id": "69416253506612672665445917464735860963819479446257172285288784162224167788583", "price": "0.8", "size": "0", "side": "SELL", "hash": "82ebd0ee9df68f4fb3b6b52317f6f56d99e79771", "best_bid": "0.35", "best_ask": "0.79"}], "timestamp": "1769384097328", "event_type": "price_change"}}
{"_local_timestamp": "2026-01-25T23:34:57.806599+00:00", "data": {"market": "0xabc298cc3b8f2f71e5b5fac93c143511febd8881a8789477649d16799628fd22", "price_changes": [{"asset_id": "103484252200720329038183287117844612461976965767900045310070621317188250923489", "price": "0.22", "size": "150", "side": "BUY", "hash": "c6ed03682c33237579c339e99e11bfbec177433f", "best_bid": "0.22", "best_ask": "0.65"}, {"asset_id": "69416253506612672665445917464735860963819479446257172285288784162224167788583", "price": "0.78", "size": "150", "side": "SELL", "hash": "e88d083b8cdb6e251232c26fa2789a1d103478a4", "best_bid": "0.35", "best_ask": "0.78"}], "timestamp": "1769384097729", "event_type": "price_change"}}
{"_local_timestamp": "2026-01-25T23:34:58.692749+00:00", "data": {"market": "0x9b0fd1a525b7f5c8c4ce05bd29c3cdc0918a199818a499ced9441b25232abfd6", "price_changes": [{"asset_id": "36834864503550793459212222243452202031650171378978923530338545665508485984256", "price": "0.04", "size": "700", "side": "BUY", "hash": "e5acd8be139dc7cc555529b306eadb938bca3b34", "best_bid": "0.34", "best_ask": "0.69"}, {"asset_id": "28503009987019343485309232594198559023441239825108348608134465045789169845902", "price": "0.96", "size": "700", "side": "SELL", "hash": "b580a908b10d047b6096e589eaff46d19781da5c", "best_bid": "0.31", "best_ask": "0.66"}], "timestamp": "1769384098622", "event_type": "price_change"}}
{"_local_timestamp": "2026-01-25T23:34:58.693275+00:00", "data": {"market": "0x9b0fd1a525b7f5c8c4ce05bd29c3cdc0918a199818a499ced9441b25232abfd6", "price_changes": [{"asset_id": "36834864503550793459212222243452202031650171378978923530338545665508485984256", "price": "0.05", "size": "30", "side": "BUY", "hash": "e5acd8be139dc7cc555529b306eadb938bca3b34", "best_bid": "0.34", "best_ask": "0.69"}, {"asset_id": "28503009987019343485309232594198559023441239825108348608134465045789169845902", "price": "0.95", "size": "30", "side": "SELL", "hash": "b580a908b10d047b6096e589eaff46d19781da5c", "best_bid": "0.31", "best_ask": "0.66"}], "timestamp": "1769384098622", "event_type": "price_change"}}
{"_local_timestamp": "2026-01-25T23:34:58.700540+00:00", "data": {"market": "0x9b0fd1a525b7f5c8c4ce05bd29c3cdc0918a199818a499ced9441b25232abfd6", "price_changes": [{"asset_id": "28503009987019343485309232594198559023441239825108348608134465045789169845902", "price": "0.05", "size": "30", "side": "BUY", "hash": "8276f6f0f1b124aa7c6c5f47048929952656d45d", "best_bid": "0.31", "best_ask": "0.66"}, {"asset_id": "36834864503550793459212222243452202031650171378978923530338545665508485984256", "price": "0.95", "size": "30", "side": "SELL", "hash": "6cd6dbb0825987bc64741585f864947965487898", "best_bid": "0.34", "best_ask": "0.69"}], "timestamp": "1769384098622", "event_type": "price_change"}}
{"_local_timestamp": "2026-01-25T23:34:58.700969+00:00", "data": {"market": "0x9b0fd1a525b7f5c8c4ce05bd29c3cdc0918a199818a499ced9441b25232abfd6", "price_changes": [{"asset_id": "28503009987019343485309232594198559023441239825108348608134465045789169845902", "price": "0.06", "size": "33", "side": "BUY", "hash": "8276f6f0f1b124aa7c6c5f47048929952656d45d", "best_bid": "0.31", "best_ask": "0.66"}, {"asset_id": "36834864503550793459212222243452202031650171378978923530338545665508485984256", "price": "0.94", "size": "33", "side": "SELL", "hash": "6cd6dbb0825987bc64741585f864947965487898", "best_bid": "0.34", "best_ask": "0.69"}], "timestamp": "1769384098622", "event_type": "price_change"}}
{"_local_timestamp": "2026-01-25T23:34:58.701323+00:00", "data": {"market": "0x9b0fd1a525b7f5c8c4ce05bd29c3cdc0918a199818a499ced9441b25232abfd6", "price_changes": [{"asset_id": "28503009987019343485309232594198559023441239825108348608134465045789169845902", "price": "0.04", "size": "700", "side": "BUY", "hash": "8276f6f0f1b124aa7c6c5f47048929952656d45d", "best_bid": "0.31", "best_ask": "0.66"}, {"asset_id": "36834864503550793459212222243452202031650171378978923530338545665508485984256", "price": "0.96", "size": "700", "side": "SELL", "hash": "6cd6dbb0825987bc64741585f864947965487898", "best_bid": "0.34", "best_ask": "0.69"}], "timestamp": "1769384098622", "event_type": "price_change"}}
{"_local_timestamp": "2026-01-25T23:34:58.925496+00:00", "data": {"market": "0x9b0fd1a525b7f5c8c4ce05bd29c3cdc0918a199818a499ced9441b25232abfd6", "price_changes": [{"asset_id": "28503009987019343485309232594198559023441239825108348608134465045789169845902", "price": "0.3", "size": "0", "side": "BUY", "hash": "261c142b5ddf3555b09419e4ec8cb3b78ddf1320", "best_bid": "0.31", "best_ask": "0.66"}, {"asset_id": "36834864503550793459212222243452202031650171378978923530338545665508485984256", "price": "0.7", "size": "0", "side": "SELL", "hash": "b0e82af4d6cbb279d348edfb59311eb2eaf3ad18", "best_bid": "0.34", "best_ask": "0.69"}], "timestamp": "1769384098856", "event_type": "price_change"}}
{"_local_timestamp": "2026-01-25T23:34:58.926027+00:00", "data": {"market": "0xabc298cc3b8f2f71e5b5fac93c143511febd8881a8789477649d16799628fd22", "price_changes": [{"asset_id": "69416253506612672665445917464735860963819479446257172285288784162224167788583", "price": "0.34", "size": "0", "side": "BUY", "hash": "4f9c7823042c7dff6b641fcc1897fde42abab65c", "best_bid": "0.35", "best_ask": "0.78"}, {"asset_id": "103484252200720329038183287117844612461976965767900045310070621317188250923489", "price": "0.66", "size": "0", "side": "SELL", "hash": "c8e46f1bb7807865ec8c88b46e93a7ae6d5479d0", "best_bid": "0.22", "best_ask": "0.65"}], "timestamp": "1769384098856", "event_type": "price_change"}}
{"_local_timestamp": "2026-01-25T23:34:58.926501+00:00", "data": {"market": "0xf5f1da6b4e154877efc4f17f4bab1048eb4cc16e92fc61e2f97b0c4f8e49e938", "price_changes": [{"asset_id": "63815437350843670858589643246383750933010151607978271815924624456575230269248", "price": "0.34", "size": "0", "side": "BUY", "hash": "ffb334ced4bcd2835bc5b7b63177bf48dc3570bb", "best_bid": "0.35", "best_ask": "0.82"}, {"asset_id": "69103578602577506445128884144969758220407685799853106314819017171186286635199", "price": "0.66", "size": "0", "side": "SELL", "hash": "7a30202a70c4e3f5481d01976f4f87aef69b2784", "best_bid": "0.18", "best_ask": "0.65"}], "timestamp": "1769384098856", "event_type": "price_change"}}
{"_local_timestamp": "2026-01-25T23:34:58.926903+00:00", "data": {"market": "0xabc298cc3b8f2f71e5b5fac93c143511febd8881a8789477649d16799628fd22", "price_changes": [{"asset_id": "69416253506612672665445917464735860963819479446257172285288784162224167788583", "price": "0.33", "size": "0", "side": "BUY", "hash": "4f9c7823042c7dff6b641fcc1897fde42abab65c", "best_bid": "0.35", "best_ask": "0.78"}, {"asset_id": "103484252200720329038183287117844612461976965767900045310070621317188250923489", "price": "0.67", "size": "0", "side": "SELL", "hash": "c8e46f1bb7807865ec8c88b46e93a7ae6d5479d0", "best_bid": "0.22", "best_ask": "0.65"}], "timestamp": "1769384098856", "event_type": "price_change"}}
{"_local_timestamp": "2026-01-25T23:34:58.927316+00:00", "data": {"market": "0xf5f1da6b4e154877efc4f17f4bab1048eb4cc16e92fc61e2f97b0c4f8e49e938", "price_changes": [{"asset_id": "63815437350843670858589643246383750933010151607978271815924624456575230269248", "price": "0.33", "size": "0", "side": "BUY", "hash": "ffb334ced4bcd2835bc5b7b63177bf48dc3570bb", "best_bid": "0.35", "best_ask": "0.82"}, {"asset_id": "69103578602577506445128884144969758220407685799853106314819017171186286635199", "price": "0.67", "size": "0", "side": "SELL", "hash": "7a30202a70c4e3f5481d01976f4f87aef69b2784", "best_bid": "0.18", "best_ask": "0.65"}], "timestamp": "1769384098856", "event_type": "price_change"}}
{"_local_timestamp": "2026-01-25T23:35:01.037308+00:00", "data": {"market": "0x9b0fd1a525b7f5c8c4ce05bd29c3cdc0918a199818a499ced9441b25232abfd6", "price_changes": [{"asset_id": "28503009987019343485309232594198559023441239825108348608134465045789169845902", "price": "0.14", "size": "153.57", "side": "BUY", "hash": "ce872d3e3b59d0c855fd9ed8573828be8cac95d4", "best_bid": "0.31", "best_ask": "0.66"}, {"asset_id": "36834864503550793459212222243452202031650171378978923530338545665508485984256", "price": "0.86", "size": "153.57", "side": "SELL", "hash": "52a4216afa13ff058184ca667f4d504fc277b234", "best_bid": "0.34", "best_ask": "0.69"}], "timestamp": "1769384100937", "event_type": "price_change"}}
{"_local_timestamp": "2026-01-25T23:35:01.037817+00:00", "data": {"market": "0x9b0fd1a525b7f5c8c4ce05bd29c3cdc0918a199818a499ced9441b25232abfd6", "price_changes": [{"asset_id": "28503009987019343485309232594198559023441239825108348608134465045789169845902", "price": "0.11", "size": "300", "side": "BUY", "hash": "1a8e956a0619945cc5ea9fc08dad1781c9c177db", "best_bid": "0.31", "best_ask": "0.66"}, {"asset_id": "36834864503550793459212222243452202031650171378978923530338545665508485984256", "price": "0.89", "size": "300", "side": "SELL", "hash": "60baf3eb564ec7b6c4b192f93ffa0301e0ddd49b", "best_bid": "0.34", "best_ask": "0.69"}], "timestamp": "1769384100939", "event_type": "price_change"}}
{"_local_timestamp": "2026-01-25T23:35:01.041402+00:00", "data": {"market": "0x9b0fd1a525b7f5c8c4ce05bd29c3cdc0918a199818a499ced9441b25232abfd6", "price_changes": [{"asset_id": "28503009987019343485309232594198559023441239825108348608134465045789169845902", "price": "0.13", "size": "125", "side": "BUY", "hash": "87568c0132eca2cf6ef29e3e18c74a0d51b8481c", "best_bid": "0.31", "best_ask": "0.66"}, {"asset_id": "36834864503550793459212222243452202031650171378978923530338545665508485984256", "price": "0.87", "size": "125", "side": "SELL", "hash": "c4273175a45a82b9c0dbfa52d88574e8d483e5e8", "best_bid": "0.34", "best_ask": "0.69"}], "timestamp": "1769384100941", "event_type": "price_change"}}
{"_local_timestamp": "2026-01-25T23:35:01.041859+00:00", "data": {"market": "0x9b0fd1a525b7f5c8c4ce05bd29c3cdc0918a199818a499ced9441b25232abfd6", "price_changes": [{"asset_id": "36834864503550793459212222243452202031650171378978923530338545665508485984256", "price": "0.14", "size": "200", "side": "BUY", "hash": "814c8f9f34c226eb45a50226d09d69756f2b1e4d", "best_bid": "0.34", "best_ask": "0.69"}, {"asset_id": "28503009987019343485309232594198559023441239825108348608134465045789169845902", "price": "0.86", "size": "200", "side": "SELL", "hash": "64c566523f8c2767eaeac2ae854c55078d4390f3", "best_bid": "0.31", "best_ask": "0.66"}], "timestamp": "1769384100942", "event_type": "price_change"}}
{"_local_timestamp": "2026-01-25T23:35:01.044211+00:00", "data": {"market": "0x9b0fd1a525b7f5c8c4ce05bd29c3cdc0918a199818a499ced9441b25232abfd6", "price_changes": [{"asset_id": "36834864503550793459212222243452202031650171378978923530338545665508485984256", "price": "0.15", "size": "125", "side": "BUY", "hash": "437ddf6d3448ff19113a5ba491a7b4b07f2bd30b", "best_bid": "0.34", "best_ask": "0.69"}, {"asset_id": "28503009987019343485309232594198559023441239825108348608134465045789169845902", "price": "0.85", "size": "125", "side": "SELL", "hash": "aecd02c4e82f766f524e6f32d0d2f48e83e51872", "best_bid": "0.31", "best_ask": "0.66"}], "timestamp": "1769384100944", "event_type": "price_change"}}
{"_local_timestamp": "2026-01-25T23:35:01.044640+00:00", "data": {"market": "0x9b0fd1a525b7f5c8c4ce05bd29c3cdc0918a199818a499ced9441b25232abfd6", "price_changes": [{"asset_id": "36834864503550793459212222243452202031650171378978923530338545665508485984256", "price": "0.13", "size": "300", "side": "BUY", "hash": "c24c45bb9dcdab6aeccd505ea894c6dfddeadeab", "best_bid": "0.34", "best_ask": "0.69"}, {"asset_id": "28503009987019343485309232594198559023441239825108348608134465045789169845902", "price": "0.87", "size": "300", "side": "SELL", "hash": "23f4d73b47ca439e38ae6c951228c2b3b8baa0ac", "best_bid": "0.31", "best_ask": "0.66"}], "timestamp": "1769384100946", "event_type": "price_change"}}
{"_local_timestamp": "2026-01-25T23:35:01.045019+00:00", "data": {"market": "0x9b0fd1a525b7f5c8c4ce05bd29c3cdc0918a199818a499ced9441b25232abfd6", "price_changes": [{"asset_id": "28503009987019343485309232594198559023441239825108348608134465045789169845902", "price": "0.12", "size": "408.33", "side": "BUY", "hash": "c5aa79ab2632df7898b52269cee18a002d521aab", "best_bid": "0.31", "best_ask": "0.66"}, {"asset_id": "36834864503550793459212222243452202031650171378978923530338545665508485984256", "price": "0.88", "size": "408.33", "side": "SELL", "hash": "743fc480934145d54f58fcb7732e3cf8d24d505f", "best_bid": "0.34", "best_ask": "0.69"}], "timestamp": "1769384100947", "event_type": "price_change"}}
{"_local_timestamp": "2026-01-25T23:35:01.056984+00:00", "data": {"market": "0x9b0fd1a525b7f5c8c4ce05bd29c3cdc0918a199818a499ced9441b25232abfd6", "price_changes": [{"asset_id": "36834864503550793459212222243452202031650171378978923530338545665508485984256", "price": "0.17", "size": "151.47", "side": "BUY", "hash": "ee6a515cbc4f38d1216cda8bde8b4e272d196ba9", "best_bid": "0.34", "best_ask": "0.69"}, {"asset_id": "28503009987019343485309232594198559023441239825108348608134465045789169845902", "price": "0.83", "size": "151.47", "side": "SELL", "hash": "cdcc09e85da2ca9f8a0efe6e4742713ae4a64b34", "best_bid": "0.31", "best_ask": "0.66"}], "timestamp": "1769384100949", "event_type": "price_change"}}
{"_local_timestamp": "2026-01-25T23:35:01.206168+00:00", "data": {"market": "0xabc298cc3b8f2f71e5b5fac93c143511febd8881a8789477649d16799628fd22", "price_changes": [{"asset_id": "69416253506612672665445917464735860963819479446257172285288784162224167788583", "price": "0.18", "size": "0", "side": "BUY", "hash": "72ce2793cd2961c617e5fcf589010907a1235e00", "best_bid": "0.35", "best_ask": "0.78"}, {"asset_id": "103484252200720329038183287117844612461976965767900045310070621317188250923489", "price": "0.82", "size": "0", "side": "SELL", "hash": "d25f3db1068f2575559ba3469e24779862c00131", "best_bid": "0.22", "best_ask": "0.65"}], "timestamp": "1769384101083", "event_type": "price_change"}}
{"_local_timestamp": "2026-01-25T23:35:01.214662+00:00", "data": {"market": "0xabc298cc3b8f2f71e5b5fac93c143511febd8881a8789477649d16799628fd22", "price_changes": [{"asset_id": "103484252200720329038183287117844612461976965767900045310070621317188250923489", "price": "0.21", "size": "0", "side": "BUY", "hash": "6f348293bae26441a55a73312d5a6c28fe4a50b7", "best_bid": "0.22", "best_ask": "0.65"}, {"asset_id": "69416253506612672665445917464735860963819479446257172285288784162224167788583", "price": "0.79", "size": "0", "side": "SELL", "hash": "35e54ab08db25f3b95a49dfd97bea513c246ab96", "best_bid": "0.35", "best_ask": "0.78"}], "timestamp": "1769384101083", "event_type": "price_change"}}
{"_local_timestamp": "2026-01-25T23:35:01.238159+00:00", "data": {"market": "0xf5f1da6b4e154877efc4f17f4bab1048eb4cc16e92fc61e2f97b0c4f8e49e938", "price_changes": [{"asset_id": "63815437350843670858589643246383750933010151607978271815924624456575230269248", "price": "0.07", "size": "0", "side": "BUY", "hash": "aa58fa5919aa1987a67ae08af9aeb3f6fb5f4e9e", "best_bid": "0.35", "best_ask": "0.82"}, {"asset_id": "69103578602577506445128884144969758220407685799853106314819017171186286635199", "price": "0.93", "size": "0", "side": "SELL", "hash": "066e71c0519c59d2028ade108b933533c4cd16d7", "best_bid": "0.18", "best_ask": "0.65"}], "timestamp": "1769384101130", "event_type": "price_change"}}
{"_local_timestamp": "2026-01-25T23:35:01.238645+00:00", "data": {"market": "0xf5f1da6b4e154877efc4f17f4bab1048eb4cc16e92fc61e2f97b0c4f8e49e938", "price_changes": [{"asset_id": "63815437350843670858589643246383750933010151607978271815924624456575230269248", "price": "0.08", "size": "300", "side": "BUY", "hash": "aa58fa5919aa1987a67ae08af9aeb3f6fb5f4e9e", "best_bid": "0.35", "best_ask": "0.82"}, {"asset_id": "69103578602577506445128884144969758220407685799853106314819017171186286635199", "price": "0.92", "size": "300", "side": "SELL", "hash": "066e71c0519c59d2028ade108b933533c4cd16d7", "best_bid": "0.18", "best_ask": "0.65"}], "timestamp": "1769384101130", "event_type": "price_change"}}
{"_local_timestamp": "2026-01-25T23:35:01.239068+00:00", "data": {"market": "0xf5f1da6b4e154877efc4f17f4bab1048eb4cc16e92fc61e2f97b0c4f8e49e938", "price_changes": [{"asset_id": "63815437350843670858589643246383750933010151607978271815924624456575230269248", "price": "0.06", "size": "33", "side": "BUY", "hash": "aa58fa5919aa1987a67ae08af9aeb3f6fb5f4e9e", "best_bid": "0.35", "best_ask": "0.82"}, {"asset_id": "69103578602577506445128884144969758220407685799853106314819017171186286635199", "price": "0.94", "size": "33", "side": "SELL", "hash": "066e71c0519c59d2028ade108b933533c4cd16d7", "best_bid": "0.18", "best_ask": "0.65"}], "timestamp": "1769384101130", "event_type": "price_change"}}
{"_local_timestamp": "2026-01-25T23:35:01.240738+00:00", "data": {"market": "0xf5f1da6b4e154877efc4f17f4bab1048eb4cc16e92fc61e2f97b0c4f8e49e938", "price_changes": [{"asset_id": "69103578602577506445128884144969758220407685799853106314819017171186286635199", "price": "0.03", "size": "6.36", "side": "BUY", "hash": "d35b12fb62b91c648d5b96ea64290b6d782d347d", "best_bid": "0.18", "best_ask": "0.65"}, {"asset_id": "63815437350843670858589643246383750933010151607978271815924624456575230269248", "price": "0.97", "size": "6.36", "side": "SELL", "hash": "0308788b24b3b93ed357150b60acd7619c8a0eda", "best_bid": "0.35", "best_ask": "0.82"}], "timestamp": "1769384101130", "event_type": "price_change"}}
{"_local_timestamp": "2026-01-25T23:35:01.241233+00:00", "data": {"market": "0xf5f1da6b4e154877efc4f17f4bab1048eb4cc16e92fc61e2f97b0c4f8e49e938", "price_changes": [{"asset_id": "69103578602577506445128884144969758220407685799853106314819017171186286635199", "price": "0.02", "size": "0", "side": "BUY", "hash": "d35b12fb62b91c648d5b96ea64290b6d782d347d", "best_bid": "0.18", "best_ask": "0.65"}, {"asset_id": "63815437350843670858589643246383750933010151607978271815924624456575230269248", "price": "0.98", "size": "0", "side": "SELL", "hash": "0308788b24b3b93ed357150b60acd7619c8a0eda", "best_bid": "0.35", "best_ask": "0.82"}], "timestamp": "1769384101130", "event_type": "price_change"}}
