{"_local_timestamp": "2026-01-25T23:33:32.243523+00:00", "data": [{"market": "0x92cde0ffbf882cc20effb40c51da609266416d9f6641fc1c98965a924aa8ab6e", "asset_id": "29502955853659847038743323209497583540568711023152825808768113126922995164406", "timestamp": "1769383147002", "hash": "c39d83021c4488df4488981e923bfa66675a5fdb", "bids": [{"price": "0.01", "size": "8"}, {"price": "0.3", "size": "40"}, {"price": "0.31", "size": "60"}, {"price": "0.32", "size": "2000"}, {"price": "0.35", "size": "30"}, {"price": "0.37", "size": "20"}, {"price": "0.38", "size": "176"}], "asks": [{"price": "0.99", "size": "66.91"}, {"price": "0.95", "size": "7.34"}, {"price": "0.85", "size": "5.32"}, {"price": "0.73", "size": "2222"}, {"price": "0.71", "size": "10"}], "event_type": "book", "last_trade_price": ""}, {"market": "0xa89c050d92e2c2d3b23d792d74766d16d65ba52cc3d9476c569d67a73fd7d078", "asset_id": "92004775785581645952932631514062580075737212003086083976979108501719071456583", "timestamp": "1769383147000", "hash": "030ba34d7d453ab2ea75d3fdbe61c960433142c5", "bids": [{"price": "0.01", "size": "55.32"}, {"price": "0.15", "size": "7.66"}, {"price": "0.55", "size": "2000"}, {"price": "0.56", "size": "326"}, {"price": "0.73", "size": "5"}], "asks": [{"price": "0.99", "size": "8"}, {"price": "0.86", "size": "7.14"}, {"price": "0.85", "size": "2222"}, {"price": "0.84", "size": "10"}], "event_type": "book", "last_trade_price": ""}, {"market": "0xa0154b0f00b9b9054d1976093b94e88641771e162e1d3c5b1659aa126b85f98d", "asset_id": "90555507718604683509689436844803090067410155242994848063545410640834194005213", "timestamp": "1769383147004", "hash": "821bb284fac1f08960892a4914219e987f4dd035", "bids": [{"price": "0.01", "size": "8"}, {"price": "0.18", "size": "5.55"}, {"price": "0.22", "size": "2222.22"}], "asks": [{"price": "0.99", "size": "59.23"}, {"price": "0.85", "size": "7.21"}, {"price": "0.47", "size": "2222"}, {"price": "0.46", "size": "302"}], "event_type": "book", "last_trade_price": ""}, {"market": "0x92cde0ffbf882cc20effb40c51da609266416d9f6641fc1c98965a924aa8ab6e", "asset_id": "17993187707368516588758592093718962919489533617868379127949633815929618333862", "timestamp": "1769383147002", "hash": "bbe7dcbdbe2642776e6a67de04cb02380defcdb1", "bids": [{"price": "0.01", "size": "66.91"}, {"price": "0.05", "size": "7.34"}, {"price": "0.15", "size": "5.32"}, {"price": "0.27", "size": "2222"}, {"price": "0.29", "size": "10"}], "asks": [{"price": "0.99", "size": "8"}, {"price": "0.7", "size": "40"}, {"price": "0.69", "size": "60"}, {"price": "0.68", "size": "2000"}, {"price": "0.65", "size": "30"}, {"price": "0.63", "size": "20"}, {"price": "0.62", "size": "176"}], "event_type": "book", "last_trade_price": ""}, {"market": "0xa0154b0f00b9b9054d1976093b94e88641771e162e1d3c5b1659aa126b85f98d", "asset_id": "91375935956918880499045551612002889752770560698855550307125271516912218428198", "timestamp": "1769383147004", "hash": "f7dbf3cc993ca69d7cf9dc18b9bd7a48d23c05f1", "bids": [{"price": "0.01", "size": "59.23"}, {"price": "0.15", "size": "7.21"}, {"price": "0.53", "size": "2222"}, {"price": "0.54", "size": "302"}], "asks": [{"price": "0.99", "size": "8"}, {"price": "0.82", "size": "5.55"}, {"price": "0.78", "size": "2222.22"}], "event_type": "book", "last_trade_price": ""}, {"market": "0xa89c050d92e2c2d3b23d792d74766d16d65ba52cc3d9476c569d67a73fd7d078", "asset_id": "45460014668753408168090393175124156007169385451755362084262906835499764980710", "timestamp": "1769383147000", "hash": "586c188435b65f0d1726dd0b368848b47613d18a", "bids": [{"price": "0.01", "size": "8"}, {"price": "0.14", "size": "7.14"}, {"price": "0.15", "size": "2222"}, {"price": "0.16", "size": "10"}], "asks": [{"price": "0.99", "size": "55.32"}, {"price": "0.85", "size": "7.66"}, {"price": "0.45", "size": "2000"}, {"price": "0.44", "size": "326"}, {"price": "0.27", "size": "5"}], "event_type": "book", "last_trade_price": ""}]}
