{"_local_timestamp": "2026-01-25T23:34:24.570059+00:00", "data": [{"market": "0x324db95e3713f69b89a0ccb5d4e5d061d9f31504cd3a8888e5fc90f3657ec891", "asset_id": "23948165400415667923632934197934696545394009414104205089574011541030530253802", "timestamp": "1769382483684", "hash": "a82c5ab1111e623231c2ac5acde46ef8fcc3a40a", "bids": [{"price": "0.01", "size": "385.01"}, {"price": "0.02", "size": "32.49"}], "asks": [{"price": "0.99", "size": "568.13"}, {"price": "0.98", "size": "146.48"}, {"price": "0.97", "size": "20.3"}, {"price": "0.96", "size": "5.47"}], "event_type": "book", "last_trade_price": ""}, {"market": "0x7c41db623b032f7ac7b516f34c1c674fc025038afc75d6d124ded3a000223f6d", "asset_id": "94168570395702496517648879289932564454358182921260858874018903924812785618982", "timestamp": "1769382483673", "hash": "caad195c8d1ccd7a95a3cb27ca526fbbcd69a1a8", "bids": [{"price": "0.01", "size": "714.79"}, {"price": "0.02", "size": "26.16"}, {"price": "0.04", "size": "49"}, {"price": "0.05", "size": "124"}, {"price": "0.06", "size": "10.95"}], "asks": [{"price": "0.99", "size": "718.81"}, {"price": "0.98", "size": "33.94"}, {"price": "0.97", "size": "44.07"}, {"price": "0.96", "size": "33"}, {"price": "0.95", "size": "106.01"}], "event_type": "book", "last_trade_price": ""}, {"market": "0xbe6b1db7dfac63111e83b25c44b3cd5e4e9f2d6334052534b519f5daff665da9", "asset_id": "87902684733959400379150239674680023803733878535639018870237033056140925814355", "timestamp": "1769382484883", "hash": "f44dc39f42a26530b84c6fccca509228ad4c8580", "bids": [{"price": "0.01", "size": "385.01"}, {"price": "0.02", "size": "32.49"}], "asks": [{"price": "0.99", "size": "568.13"}, {"price": "0.98", "size": "146.48"}, {"price": "0.97", "size": "20.3"}, {"price": "0.96", "size": "5.47"}], "event_type": "book", "last_trade_price": ""}, {"market": "0x324db95e3713f69b89a0ccb5d4e5d061d9f31504cd3a8888e5fc90f3657ec891", "asset_id": "14251337997191006870627454823341128752617665047758980297535660730772894703409", "timestamp": "1769382483684", "hash": "8d4a402935dfe0162535ab9c0f2f6e6aab3fa5ef", "bids": [{"price": "0.01", "size": "568.13"}, {"price": "0.02", "size": "146.48"}, {"price": "0.03", "size": "20.3"}, {"price": "0.04", "size": "5.47"}], "asks": [{"price": "0.99", "size": "385.01"}, {"price": "0.98", "size": "32.49"}], "event_type": "book", "last_trade_price": ""}, {"market": "0x7c41db623b032f7ac7b516f34c1c674fc025038afc75d6d124ded3a000223f6d", "asset_id": "90166180195547125925514994933618663882783931925944314258848954430041588425589", "timestamp": "1769382483673", "hash": "044f25e25b28ae9a2175d8110c3bdfefa6a9a57f", "bids": [{"price": "0.01", "size": "718.81"}, {"price": "0.02", "size": "33.94"}, {"price": "0.03", "size": "44.07"}, {"price": "0.04", "size": "33"}, {"price": "0.05", "size": "106.01"}], "asks": [{"price": "0.99", "size": "714.79"}, {"price": "0.98", "size": "26.16"}, {"price": "0.96", "size": "49"}, {"price": "0.95", "size": "124"}, {"price": "0.94", "size": "10.95"}], "event_type": "book", "last_trade_price": ""}, {"market": "0x46350c4064126a7f1ecab00327aada5a87e31bed47da3bd9496d7c8876cc8cff", "asset_id": "4616342332702612882069005299373936393172125612229090853062951232315022884309", "timestamp": "1769382483673", "hash": "dc5e8c18e04fba951728eb98682354cc1f575078", "bids": [{"price": "0.01", "size": "572.24"}, {"price": "0.02", "size": "139.69"}, {"price": "0.03", "size": "21.46"}, {"price": "0.04", "size": "5.47"}], "asks": [{"price": "0.99", "size": "485.01"}, {"price": "0.98", "size": "32.49"}], "event_type": "book", "last_trade_price": ""}, {"market": "0xb0e872a07b2afd0dd6049eda873753a0db7ed0515dc4b30227bb840f3499da7a", "asset_id": "72430063005841059974160638142303266097850639449930050040414455285984150036969", "timestamp": "1769383056290", "hash": "b0f2893725f45f46ddd773562e8e2ce4e701e547", "bids": [{"price": "0.01", "size": "385.01"}, {"price": "0.02", "size": "32.49"}], "asks": [{"price": "0.99", "size": "569.91"}, {"price": "0.98", "size": "137.55"}, {"price": "0.97", "size": "22.99"}, {"price": "0.96", "size": "5.47"}], "event_type": "book", "last_trade_price": ""}, {"market": "0x46350c4064126a7f1ecab00327aada5a87e31bed47da3bd9496d7c8876cc8cff", "asset_id": "25443996957978421711588397980382204105243282234780819116957011117179469952321", "timestamp": "1769382483673", "hash": "a2231a346c526fc8e5bce3881b656df89ba6663d", "bids": [{"price": "0.01", "size": "485.01"}, {"price": "0.02", "size": "32.49"}], "asks": [{"price": "0.99", "size": "572.24"}, {"price": "0.98", "size": "139.69"}, {"price": "0.97", "size": "21.46"}, {"price": "0.96", "size": "5.47"}], "event_type": "book", "last_trade_price": ""}, {"market": "0xb0e872a07b2afd0dd6049eda873753a0db7ed0515dc4b30227bb840f3499da7a", "asset_id": "72862681422953718747571344594499764577045789812114245806175865989026471483125", "timestamp": "1769383056290", "hash": "176b7bdde52f85965bc146c2c3d1e80b46ad5f2e", "bids": [{"price": "0.01", "size": "569.91"}, {"price": "0.02", "size": "137.55"}, {"price": "0.03", "size": "22.99"}, {"price": "0.04", "size": "5.47"}], "asks": [{"price": "0.99", "size": "385.01"}, {"price": "0.98", "size": "32.49"}], "event_type": "book", "last_trade_price": ""}, {"market": "0xbe6b1db7dfac63111e83b25c44b3cd5e4e9f2d6334052534b519f5daff665da9", "asset_id": "47533184673892267905731619956166878883756364842594682482653407797810954915491", "timestamp": "1769382484883", "hash": "c4e8261abfbc371abf0bf58a12274f906d7c6707", "bids": [{"price": "0.01", "size": "568.13"}, {"price": "0.02", "size": "146.48"}, {"price": "0.03", "size": "20.3"}, {"price": "0.04", "size": "5.47"}], "asks": [{"price": "0.99", "size": "385.01"}, {"price": "0.98", "size": "32.49"}], "event_type": "book", "last_trade_price": ""}]}
