{"_local_timestamp": "2026-01-25T23:34:32.827261+00:00", "data": [{"market": "0x50ca174fe6e19cd0936aa1e642fd5ef16018a88dd6f2c79b8ca1dcdef87afa66", "asset_id": "10059590851760545388867548649301984019898168826139611153989117604921457448614", "timestamp": "1769383848485", "hash": "c122ca4493c6486002741fbf3f1219a290e5823d", "bids": [{"price": "0.01", "size": "600"}, {"price": "0.02", "size": "100"}, {"price": "0.03", "size": "128.04"}, {"price": "0.04", "size": "74"}, {"price": "0.05", "size": "5.47"}], "asks": [{"price": "0.99", "size": "3628.24"}, {"price": "0.98", "size": "113.62"}, {"price": "0.97", "size": "74.76"}, {"price": "0.96", "size": "18.36"}, {"price": "0.95", "size": "60"}, {"price": "0.94", "size": "94"}, {"price": "0.93", "size": "77.39"}], "event_type": "book", "last_trade_price": ""}, {"market": "0x50ca174fe6e19cd0936aa1e642fd5ef16018a88dd6f2c79b8ca1dcdef87afa66", "asset_id": "60000471196406611964301409732263105151008004606195070776480609180991708527187", "timestamp": "1769383848485", "hash": "67271d2b3a6aaac6bed93fd7d180ce0b34267c7c", "bids": [{"price": "0.01", "size": "3628.24"}, {"price": "0.02", "size": "113.62"}, {"price": "0.03", "size": "74.76"}, {"price": "0.04", "size": "18.36"}, {"price": "0.05", "size": "60"}, {"price": "0.06", "size": "94"}, {"price": "0.07", "size": "77.39"}], "asks": [{"price": "0.99", "size": "600"}, {"price": "0.98", "size": "100"}, {"price": "0.97", "size": "128.04"}, {"price": "0.96", "size": "74"}, {"price": "0.95", "size": "5.47"}], "event_type": "book", "last_trade_price": ""}, {"market": "0x087f7407a748740e89b532eb93d419a5045bb38be8f0e705d531b68626ccb754", "asset_id": "88040206506810209620100286804439383698818894939486813578170280314055047579652", "timestamp": "1769383848085", "hash": "a1d581e1801cc7b877c98d023a4fc9e0c9c006ef", "bids": [{"price": "0.01", "size": "623.34"}, {"price": "0.02", "size": "111.1"}, {"price": "0.03", "size": "128.04"}, {"price": "0.04", "size": "74"}, {"price": "0.05", "size": "5.47"}], "asks": [{"price": "0.99", "size": "3628.24"}, {"price": "0.98", "size": "113.62"}, {"price": "0.97", "size": "74.76"}, {"price": "0.96", "size": "18.36"}, {"price": "0.95", "size": "60"}, {"price": "0.94", "size": "94"}, {"price": "0.93", "size": "77.39"}], "event_type": "book", "last_trade_price": ""}, {"market": "0x85dc99b36ae1a8e8fc65bbdfe06ca28e0946868c6935ced16d4e58651deff743", "asset_id": "66450405374185749824025402907928192193463532139238162563249673430300960884385", "timestamp": "1769383850013", "hash": "9b32e986a21ce18201abd4bce7030363ee67921b", "bids": [{"price": "0.01", "size": "3628.24"}, {"price": "0.02", "size": "113.62"}, {"price": "0.03", "size": "74.76"}, {"price": "0.04", "size": "18.36"}, {"price": "0.05", "size": "60"}, {"price": "0.06", "size": "119"}, {"price": "0.07", "size": "77.39"}], "asks": [{"price": "0.99", "size": "623.34"}, {"price": "0.98", "size": "111.1"}, {"price": "0.97", "size": "191.04"}, {"price": "0.96", "size": "74"}, {"price": "0.95", "size": "5.47"}], "event_type": "book", "last_trade_price": ""}, {"market": "0x087f7407a748740e89b532eb93d419a5045bb38be8f0e705d531b68626ccb754", "asset_id": "109568004443366790382006980735223930487107928741173199715462214056074272434592", "timestamp": "1769383848085", "hash": "f72e34531cf5b9ea3b877979bc9fd46b04afac81", "bids": [{"price": "0.01", "size": "3628.24"}, {"price": "0.02", "size": "113.62"}, {"price": "0.03", "size": "74.76"}, {"price": "0.04", "size": "18.36"}, {"price": "0.05", "size": "60"}, {"price": "0.06", "size": "94"}, {"price": "0.07", "size": "77.39"}], "asks": [{"price": "0.99", "size": "623.34"}, {"price": "0.98", "size": "111.1"}, {"price": "0.97", "size": "128.04"}, {"price": "0.96", "size": "74"}, {"price": "0.95", "size": "5.47"}], "event_type": "book", "last_trade_price": ""}, {"market": "0x85dc99b36ae1a8e8fc65bbdfe06ca28e0946868c6935ced16d4e58651deff743", "asset_id": "89812825761520865488053844970518734180442379099621572736045928382201972478883", "timestamp": "1769383850013", "hash": "6791fd177b65c3ad76da44b3ee8c890f8dc7b21d", "bids": [{"price": "0.01", "size": "623.34"}, {"price": "0.02", "size": "111.1"}, {"price": "0.03", "size": "191.04"}, {"price": "0.04", "size": "74"}, {"price": "0.05", "size": "5.47"}], "asks": [{"price": "0.99", "size": "3628.24"}, {"price": "0.98", "size": "113.62"}, {"price": "0.97", "size": "74.76"}, {"price": "0.96", "size": "18.36"}, {"price": "0.95", "size": "60"}, {"price": "0.94", "size": "119"}, {"price": "0.93", "size": "77.39"}], "event_type": "book", "last_trade_price": ""}]}
