{"_local_timestamp": "2026-01-25T23:33:45.239481+00:00", "data": [{"market": "0xe84eca57bd45badc67bc03e45f1572d9b7cb54c99f439cab8d1f5a8f706ed5aa", "asset_id": "40914385129726617553295008292757296803187090422865409939820153761951336447592", "timestamp": "1769383579503", "hash": "65596a402d10040d4ddcd8e9a36b6212e5631691", "bids": [{"price": "0.01", "size": "120.68"}, {"price": "0.02", "size": "10.04"}, {"price": "0.03", "size": "500"}, {"price": "0.04", "size": "212"}, {"price": "0.05", "size": "50"}, {"price": "0.06", "size": "12.28"}, {"price": "0.08", "size": "20"}, {"price": "0.09", "size": "144.44"}, {"price": "0.1", "size": "110"}, {"price": "0.11", "size": "62"}, {"price": "0.17", "size": "10"}, {"price": "0.18", "size": "150"}], "asks": [{"price": "0.99", "size": "121.89"}, {"price": "0.98", "size": "24.77"}, {"price": "0.96", "size": "1012"}, {"price": "0.95", "size": "345"}, {"price": "0.94", "size": "108"}, {"price": "0.93", "size": "8.63"}, {"price": "0.87", "size": "100"}, {"price": "0.86", "size": "78.57"}, {"price": "0.85", "size": "5.21"}, {"price": "0.82", "size": "158"}, {"price": "0.71", "size": "10"}, {"price": "0.7", "size": "150"}], "event_type": "book", "last_trade_price": ""}, {"market": "0x075bcf678371a0eca1ace2b4f02e50d4de0988f681125d2c4d2dc40e6f0399e4", "asset_id": "37620797048389817881327185390019211177750201483753180268328239381247553652046", "timestamp": "1769384020313", "hash": "cf1d75ec16e424de53c61f22b93528e79ad9f16a", "bids": [{"price": "0.01", "size": "1037.29"}, {"price": "0.02", "size": "700"}, {"price": "0.03", "size": "5.61"}, {"price": "0.04", "size": "12"}, {"price": "0.05", "size": "25.75"}, {"price": "0.06", "size": "333"}, {"price": "0.07", "size": "200"}, {"price": "0.08", "size": "506.47"}, {"price": "0.14", "size": "92.85"}, {"price": "0.15", "size": "5.49"}, {"price": "0.16", "size": "68.75"}, {"price": "0.17", "size": "34"}, {"price": "0.18", "size": "8.5"}, {"price": "0.31", "size": "10"}, {"price": "0.32", "size": "150"}], "asks": [{"price": "0.99", "size": "1027.47"}, {"price": "0.98", "size": "509.68"}, {"price": "0.97", "size": "200"}, {"price": "0.96", "size": "12"}, {"price": "0.95", "size": "40"}, {"price": "0.94", "size": "12.43"}, {"price": "0.92", "size": "162.5"}, {"price": "0.9", "size": "110"}, {"price": "0.89", "size": "55"}, {"price": "0.82", "size": "10"}, {"price": "0.8", "size": "8.5"}, {"price": "0.79", "size": "150"}], "event_type": "book", "last_trade_price": ""}, {"market": "0xe84eca57bd45badc67bc03e45f1572d9b7cb54c99f439cab8d1f5a8f706ed5aa", "asset_id": "57604927680313565537024476609266309679605748393322698936584890001973886141363", "timestamp": "1769383579503", "hash": "96520f5a2bf3f953190a1f8c80c66312e694344f", "bids": [{"price": "0.01", "size": "121.89"}, {"price": "0.02", "size": "24.77"}, {"price": "0.04", "size": "1012"}, {"price": "0.05", "size": "345"}, {"price": "0.06", "size": "108"}, {"price": "0.07", "size": "8.63"}, {"price": "0.13", "size": "100"}, {"price": "0.14", "size": "78.57"}, {"price": "0.15", "size": "5.21"}, {"price": "0.18", "size": "158"}, {"price": "0.29", "size": "10"}, {"price": "0.3", "size": "150"}], "asks": [{"price": "0.99", "size": "120.68"}, {"price": "0.98", "size": "10.04"}, {"price": "0.97", "size": "500"}, {"price": "0.96", "size": "212"}, {"price": "0.95", "size": "50"}, {"price": "0.94", "size": "12.28"}, {"price": "0.92", "size": "20"}, {"price": "0.91", "size": "144.44"}, {"price": "0.9", "size": "110"}, {"price": "0.89", "size": "62"}, {"price": "0.83", "size": "10"}, {"price": "0.82", "size": "150"}], "event_type": "book", "last_trade_price": ""}, {"market": "0x4a8759d2d875be9b0e249c7b1a3d3d49dc900e4284d9737a129cbc4e87d7da71", "asset_id": "7067416833910504014055125845884236381326744632778703622549349924849000358827", "timestamp": "1769383579503", "hash": "2595e9ef5071b89cdfa594723a539f1c5783c09d", "bids": [{"price": "0.01", "size": "1028.71"}, {"price": "0.02", "size": "22.83"}, {"price": "0.04", "size": "1012"}, {"price": "0.05", "size": "345"}, {"price": "0.06", "size": "108"}, {"price": "0.07", "size": "8.44"}, {"price": "0.12", "size": "208.33"}, {"price": "0.14", "size": "78.57"}, {"price": "0.15", "size": "44.57"}, {"price": "0.16", "size": "8.5"}, {"price": "0.3", "size": "10"}, {"price": "0.31", "size": "150"}], "asks": [{"price": "0.99", "size": "1022"}, {"price": "0.98", "size": "7.53"}, {"price": "0.96", "size": "1212"}, {"price": "0.95", "size": "760"}, {"price": "0.94", "size": "8.59"}, {"price": "0.9", "size": "400"}, {"price": "0.83", "size": "76.47"}, {"price": "0.82", "size": "99.11"}, {"price": "0.81", "size": "8.5"}, {"price": "0.66", "size": "10"}, {"price": "0.65", "size": "150"}], "event_type": "book", "last_trade_price": ""}, {"market": "0x075bcf678371a0eca1ace2b4f02e50d4de0988f681125d2c4d2dc40e6f0399e4", "asset_id": "44043083063635748160381310836270929809335612864286205545661695728400717697980", "timestamp": "1769384020313", "hash": "d8b7d394cfb30ec3469940ce8e08aa471166cf4e", "bids": [{"price": "0.01", "size": "1027.47"}, {"price": "0.02", "size": "509.68"}, {"price": "0.03", "size": "200"}, {"price": "0.04", "size": "12"}, {"price": "0.05", "size": "40"}, {"price": "0.06", "size": "12.43"}, {"price": "0.08", "size": "162.5"}, {"price": "0.1", "size": "110"}, {"price": "0.11", "size": "55"}, {"price": "0.18", "size": "10"}, {"price": "0.2", "size": "8.5"}, {"price": "0.21", "size": "150"}], "asks": [{"price": "0.99", "size": "1037.29"}, {"price": "0.98", "size": "700"}, {"price": "0.97", "size": "5.61"}, {"price": "0.96", "size": "12"}, {"price": "0.95", "size": "25.75"}, {"price": "0.94", "size": "333"}, {"price": "0.93", "size": "200"}, {"price": "0.92", "size": "506.47"}, {"price": "0.86", "size": "92.85"}, {"price": "0.85", "size": "5.49"}, {"price": "0.84", "size": "68.75"}, {"price": "0.83", "size": "34"}, {"price": "0.82", "size": "8.5"}, {"price": "0.69", "size": "10"}, {"price": "0.68", "size": "150"}], "event_type": "book", "last_trade_price": ""}, {"market": "0x4a8759d2d875be9b0e249c7b1a3d3d49dc900e4284d9737a129cbc4e87d7da71", "asset_id": "68613822600760797550354490673418846729952358124298380004368114705765533299136", "timestamp": "1769383579503", "hash": "c4907bd1ff75b34c128b2f7e4829c8d36ae78764", "bids": [{"price": "0.01", "size": "1022"}, {"price": "0.02", "size": "7.53"}, {"price": "0.04", "size": "1212"}, {"price": "0.05", "size": "760"}, {"price": "0.06", "size": "8.59"}, {"price": "0.1", "size": "400"}, {"price": "0.17", "size": "76.47"}, {"price": "0.18", "size": "99.11"}, {"price": "0.19", "size": "8.5"}, {"price": "0.34", "size": "10"}, {"price": "0.35", "size": "150"}], "asks": [{"price": "0.99", "size": "1028.71"}, {"price": "0.98", "size": "22.83"}, {"price": "0.96", "size": "1012"}, {"price": "0.95", "size": "345"}, {"price": "0.94", "size": "108"}, {"price": "0.93", "size": "8.44"}, {"price": "0.88", "size": "208.33"}, {"price": "0.86", "size": "78.57"}, {"price": "0.85", "size": "44.57"}, {"price": "0.84", "size": "8.5"}, {"price": "0.7", "size": "10"}, {"price": "0.69", "size": "150"}], "event_type": "book", "last_trade_price": ""}]}
{"_local_timestamp": "2026-01-25T23:33:46.425348+00:00", "data": {"market": "0x075bcf678371a0eca1ace2b4f02e50d4de0988f681125d2c4d2dc40e6f0399e4", "price_changes": [{"asset_id": "44043083063635748160381310836270929809335612864286205545661695728400717697980", "price": "0.2", "size": "0", "side": "BUY", "hash": "92df40d84efd509472bb64c8b53f885f0920dff1", "best_bid": "0.21", "best_ask": "0.68"}, {"asset_id": "37620797048389817881327185390019211177750201483753180268328239381247553652046", "price": "0.8", "size": "0", "side": "SELL", "hash": "a6a0231badf0ada207e58ee3546f3ef09419175b", "best_bid": "0.32", "best_ask": "0.79"}], "timestamp": "1769384026360", "event_type": "price_change"}}
{"_local_timestamp": "2026-01-25T23:33:46.491257+00:00", "data": {"market": "0x075bcf678371a0eca1ace2b4f02e50d4de0988f681125d2c4d2dc40e6f0399e4", "price_changes": [{"asset_id": "44043083063635748160381310836270929809335612864286205545661695728400717697980", "price": "0.12", "size": "8.5", "side": "BUY", "hash": "ef54589cb9b644aaf1bd6c5958fcfc1f229358dd", "best_bid": "0.21", "best_ask": "0.68"}, {"asset_id": "37620797048389817881327185390019211177750201483753180268328239381247553652046", "price": "0.88", "size": "8.5", "side": "SELL", "hash": "49421158a2a4a12455a866bd29df256a1a2b4fbf", "best_bid": "0.32", "best_ask": "0.79"}], "timestamp": "1769384026426", "event_type": "price_change"}}
{"_local_timestamp": "2026-01-25T23:33:51.055364+00:00", "data": {"market": "0x075bcf678371a0eca1ace2b4f02e50d4de0988f681125d2c4d2dc40e6f0399e4", "price_changes": [{"asset_id": "44043083063635748160381310836270929809335612864286205545661695728400717697980", "price": "0.21", "size": "0", "side": "BUY", "hash": "572feeb5e6c3f2b10558c5c31cc8864c9602f783", "best_bid": "0.18", "best_ask": "0.68"}, {"asset_id": "37620797048389817881327185390019211177750201483753180268328239381247553652046", "price": "0.79", "size": "0", "side": "SELL", "hash": "cab8d4773ba57cfb869b67df94168c3cae6d44db", "best_bid": "0.32", "best_ask": "0.82"}], "timestamp": "1769384030988", "event_type": "price_change"}}
{"_local_timestamp": "2026-01-25T23:33:51.436266+00:00", "data": {"market": "0x075bcf678371a0eca1ace2b4f02e50d4de0988f681125d2c4d2dc40e6f0399e4", "price_changes": [{"asset_id": "44043083063635748160381310836270929809335612864286205545661695728400717697980", "price": "0.19", "size": "150", "side": "BUY", "hash": "faf5765a6b68028e6c763e1040c9085af1f3bc00", "best_bid": "0.19", "best_ask": "0.68"}, {"asset_id": "37620797048389817881327185390019211177750201483753180268328239381247553652046", "price": "0.81", "size": "150", "side": "SELL", "hash": "c72e9d9871c6121e2a6305a072f765b2d90e7ed6", "best_bid": "0.32", "best_ask": "0.81"}], "timestamp": "1769384031367", "event_type": "price_change"}}
{"_local_timestamp": "2026-01-25T23:33:58.153354+00:00", "data": {"market": "0x075bcf678371a0eca1ace2b4f02e50d4de0988f681125d2c4d2dc40e6f0399e4", "price_changes": [{"asset_id": "44043083063635748160381310836270929809335612864286205545661695728400717697980", "price": "0.12", "size": "0", "side": "BUY", "hash": "9578f5afcfcd217245e22a2cc9aa24f6298e0723", "best_bid": "0.19", "best_ask": "0.68"}, {"asset_id": "37620797048389817881327185390019211177750201483753180268328239381247553652046", "price": "0.88", "size": "0", "side": "SELL", "hash": "d2795d3dfa292b055eb3ae5d3ff967e705b4d58d", "best_bid": "0.32", "best_ask": "0.81"}], "timestamp": "1769384038083", "event_type": "price_change"}}
{"_local_timestamp": "2026-01-25T23:33:58.221615+00:00", "data": {"market": "0x075bcf678371a0eca1ace2b4f02e50d4de0988f681125d2c4d2dc40e6f0399e4", "price_changes": [{"asset_id": "44043083063635748160381310836270929809335612864286205545661695728400717697980", "price": "0.2", "size": "8.5", "side": "BUY", "hash": "b4aeab637103e52333c5f0647ad109c76355cc18", "best_bid": "0.2", "best_ask": "0.68"}, {"asset_id": "37620797048389817881327185390019211177750201483753180268328239381247553652046", "price": "0.8", "size": "8.5", "side": "SELL", "hash": "4be93ae5394d6bd2bccd60836774b4c51ed5b2f2", "best_bid": "0.32", "best_ask": "0.8"}], "timestamp": "1769384038148", "event_type": "price_change"}}
{"_local_timestamp": "2026-01-25T23:34:02.050568+00:00", "data": {"market": "0x075bcf678371a0eca1ace2b4f02e50d4de0988f681125d2c4d2dc40e6f0399e4", "price_changes": [{"asset_id": "44043083063635748160381310836270929809335612864286205545661695728400717697980", "price": "0.19", "size": "0", "side": "BUY", "hash": "edaebedff075f8c03cc731ca5ded6362b6c34bb5", "best_bid": "0.2", "best_ask": "0.68"}, {"asset_id": "37620797048389817881327185390019211177750201483753180268328239381247553652046", "price": "0.81", "size": "0", "side": "SELL", "hash": "b6c933cd204a6c3ed8760340960d7b3460907eb2", "best_bid": "0.32", "best_ask": "0.8"}], "timestamp": "1769384041967", "event_type": "price_change"}}
{"_local_timestamp": "2026-01-25T23:34:02.381274+00:00", "data": {"market": "0x075bcf678371a0eca1ace2b4f02e50d4de0988f681125d2c4d2dc40e6f0399e4", "price_changes": [{"asset_id": "44043083063635748160381310836270929809335612864286205545661695728400717697980", "price": "0.21", "size": "150", "side": "BUY", "hash": "24ead020b7a7d7ac221e645a66f03a9f44774d15", "best_bid": "0.21", "best_ask": "0.68"}, {"asset_id": "37620797048389817881327185390019211177750201483753180268328239381247553652046", "price": "0.79", "size": "150", "side": "SELL", "hash": "03bcb04cb0cfc840e9f182d8e9314447c251d3a7", "best_bid": "0.32", "best_ask": "0.79"}], "timestamp": "1769384042311", "event_type": "price_change"}}
{"_local_timestamp": "2026-01-25T23:34:07.930556+00:00", "data": {"market": "0x075bcf678371a0eca1ace2b4f02e50d4de0988f681125d2c4d2dc40e6f0399e4", "price_changes": [{"asset_id": "44043083063635748160381310836270929809335612864286205545661695728400717697980", "price": "0.2", "size": "0", "side": "BUY", "hash": "18d527fa440cff77088b12407d66bf138b6d81cc", "best_bid": "0.21", "best_ask": "0.68"}, {"asset_id": "37620797048389817881327185390019211177750201483753180268328239381247553652046", "price": "0.8", "size": "0", "side": "SELL", "hash": "3603fd1f0097e17a700196c28ef3cc8420065590", "best_bid": "0.32", "best_ask": "0.79"}], "timestamp": "1769384047845", "event_type": "price_change"}}
{"_local_timestamp": "2026-01-25T23:34:08.012017+00:00", "data": {"market": "0x075bcf678371a0eca1ace2b4f02e50d4de0988f681125d2c4d2dc40e6f0399e4", "price_changes": [{"asset_id": "44043083063635748160381310836270929809335612864286205545661695728400717697980", "price": "0.12", "size": "8.5", "side": "BUY", "hash": "28ee128bb5d3576ebe7b6a4044b8eb7ba54a6b71", "best_bid": "0.21", "best_ask": "0.68"}, {"asset_id": "37620797048389817881327185390019211177750201483753180268328239381247553652046", "price": "0.88", "size": "8.5", "side": "SELL", "hash": "ac5ca7419de579194a556a2a781a992bb4351d55", "best_bid": "0.32", "best_ask": "0.79"}], "timestamp": "1769384047911", "event_type": "price_change"}}
