{"_local_timestamp": "2026-01-25T23:33:45.239481+00:00", "data": [{"market": "0xe84eca57bd45badc67bc03e45f1572d9b7cb54c99f439cab8d1f5a8f706ed5aa", "asset_id": "40914385129726617553295008292757296803187090422865409939820153761951336447592", "timestamp": "1769383579503", "hash": "65596a402d10040d4ddcd8e9a36b6212e5631691", "bids": [{"price": "0.01", "size": "120.68"}, {"price": "0.02", "size": "10.04"}, {"price": "0.03", "size": "500"}, {"price": "0.04", "size": "212"}, {"price": "0.05", "size": "50"}, {"price": "0.06", "size": "12.28"}, {"price": "0.08", "size": "20"}, {"price": "0.09", "size": "144.44"}, {"price": "0.1", "size": "110"}, {"price": "0.11", "size": "62"}, {"price": "0.17", "size": "10"}, {"price": "0.18", "size": "150"}], "asks": [{"price": "0.99", "size": "121.89"}, {"price": "0.98", "size": "24.77"}, {"price": "0.96", "size": "1012"}, {"price": "0.95", "size": "345"}, {"price": "0.94", "size": "108"}, {"price": "0.93", "size": "8.63"}, {"price": "0.87", "size": "100"}, {"price": "0.86", "size": "78.57"}, {"price": "0.85", "size": "5.21"}, {"price": "0.82", "size": "158"}, {"price": "0.71", "size": "10"}, {"price": "0.7", "size": "150"}], "event_type": "book", "last_trade_price": ""}, {"market": "0x075bcf678371a0eca1ace2b4f02e50d4de0988f681125d2c4d2dc40e6f0399e4", "asset_id": "37620797048389817881327185390019211177750201483753180268328239381247553652046", "timestamp": "1769384020313", "hash": "cf1d75ec16e424de53c61f22b93528e79ad9f16a", "bids": [{"price": "0.01", "size": "1037.29"}, {"price": "0.02", "size": "700"}, {"price": "0.03", "size": "5.61"}, {"price": "0.04", "size": "12"}, {"price": "0.05", "size": "25.75"}, {"price": "0.06", "size": "333"}, {"price": "0.07", "size": "200"}, {"price": "0.08", "size": "506.47"}, {"price": "0.14", "size": "92.85"}, {"price": "0.15", "size": "5.49"}, {"price": "0.16", "size": "68.75"}, {"price": "0.17", "size": "34"}, {"price": "0.18", "size": "8.5"}, {"price": "0.31", "size": "10"}, {"price": "0.32", "size": "150"}], "asks": [{"price": "0.99", "size": "1027.47"}, {"price": "0.98", "size": "509.68"}, {"price": "0.97", "size": "200"}, {"price": "0.96", "size": "12"}, {"price": "0.95", "size": "40"}, {"price": "0.94", "size": "12.43"}, {"price": "0.92", "size": "162.5"}, {"price": "0.9", "size": "110"}, {"price": "0.89", "size": "55"}, {"price": "0.82", "size": "10"}, {"price": "0.8", "size": "8.5"}, {"price": "0.79", "size": "150"}], "event_type": "book", "last_trade_price": ""}, {"market": "0xe84eca57bd45badc67bc03e45f1572d9b7cb54c99f439cab8d1f5a8f706ed5aa", "asset_id": "57604927680313565537024476609266309679605748393322698936584890001973886141363", "timestamp": "1769383579503", "hash": "96520f5a2bf3f953190a1f8c80c66312e694344f", "bids": [{"price": "0.01", "size": "121.89"}, {"price": "0.02", "size": "24.77"}, {"price": "0.04", "size": "1012"}, {"price": "0.05", "size": "345"}, {"price": "0.06", "size": "108"}, {"price": "0.07", "size": "8.63"}, {"price": "0.13", "size": "100"}, {"price": "0.14", "size": "78.57"}, {"price": "0.15", "size": "5.21"}, {"price": "0.18", "size": "158"}, {"price": "0.29", "size": "10"}, {"price": "0.3", "size": "150"}], "asks": [{"price": "0.99", "size": "120.68"}, {"price": "0.98", "size": "10.04"}, {"price": "0.97", "size": "500"}, {"price": "0.96", "size": "212"}, {"price": "0.95", "size": "50"}, {"price": "0.94", "size": "12.28"}, {"price": "0.92", "size": "20"}, {"price": "0.91", "size": "144.44"}, {"price": "0.9", "size": "110"}, {"price": "0.89", "size": "62"}, {"price": "0.83", "size": "10"}, {"price": "0.82", "size": "150"}], "event_type": "book", "last_trade_price": ""}, {"market": "0x4a8759d2d875be9b0e249c7b1a3d3d49dc900e4284d9737a129cbc4e87d7da71", "asset_id": "7067416833910504014055125845884236381326744632778703622549349924849000358827", "timestamp": "1769383579503", "hash": "2595e9ef5071b89cdfa594723a539f1c5783c09d", "bids": [{"price": "0.01", "size": "1028.71"}, {"price": "0.02", "size": "22.83"}, {"price": "0.04", "size": "1012"}, {"price": "0.05", "size": "345"}, {"price": "0.06", "size": "108"}, {"price": "0.07", "size": "8.44"}, {"price": "0.12", "size": "208.33"}, {"price": "0.14", "size": "78.57"}, {"price": "0.15", "size": "44.57"}, {"price": "0.16", "size": "8.5"}, {"price": "0.3", "size": "10"}, {"price": "0.31", "size": "150"}], "asks": [{"price": "0.99", "size": "1022"}, {"price": "0.98", "size": "7.53"}, {"price": "0.96", "size": "1212"}, {"price": "0.95", "size": "760"}, {"price": "0.94", "size": "8.59"}, {"price": "0.9", "size": "400"}, {"price": "0.83", "size": "76.47"}, {"price": "0.82", "size": "99.11"}, {"price": "0.81", "size": "8.5"}, {"price": "0.66", "size": "10"}, {"price": "0.65", "size": "150"}], "event_type": "book", "last_trade_price": ""}, {"market": "0x075bcf678371a0eca1ace2b4f02e50d4de0988f681125d2c4d2dc40e6f0399e4", "asset_id": "44043083063635748160381310836270929809335612864286205545661695728400717697980", "timestamp": "1769384020313", "hash": "d8b7d394cfb30ec3469940ce8e08aa471166cf4e", "bids": [{"price": "0.01", "size": "1027.47"}, {"price": "0.02", "size": "509.68"}, {"price": "0.03", "size": "200"}, {"price": "0.04", "size": "12"}, {"price": "0.05", "size": "40"}, {"price": "0.06", "size": "12.43"}, {"price": "0.08", "size": "162.5"}, {"price": "0.1", "size": "110"}, {"price": "0.11", "size": "55"}, {"price": "0.18", "size": "10"}, {"price": "0.2", "size": "8.5"}, {"price": "0.21", "size": "150"}], "asks": [{"price": "0.99", "size": "1037.29"}, {"price": "0.98", "size": "700"}, {"price": "0.97", "size": "5.61"}, {"price": "0.96", "size": "12"}, {"price": "0.95", "size": "25.75"}, {"price": "0.94", "size": "333"}, {"price": "0.93", "size": "200"}, {"price": "0.92", "size": "506.47"}, {"price": "0.86", "size": "92.85"}, {"price": "0.85", "size": "5.49"}, {"price": "0.84", "size": "68.75"}, {"price": "0.83", "size": "34"}, {"price": "0.82", "size": "8.5"}, {"price": "0.69", "size": "10"}, {"price": "0.68", "size": "150"}], "event_type": "book", "last_trade_price": ""}, {"market": "0x4a8759d2d875be9b0e249c7b1a3d3d49dc900e4284d9737a129cbc4e87d7da71", "asset_id": "68613822600760797550354490673418846729952358124298380004368114705765533299136", "timestamp": "1769383579503", "hash": "c4907bd1ff75b34c128b2f7e4829c8d36ae78764", "bids": [{"price": "0.01", "size": "1022"}, {"price": "0.02", "size": "7.53"}, {"price": "0.04", "size": "1212"}, {"price": "0.05", "size": "760"}, {"price": "0.06", "size": "8.59"}, {"price": "0.1", "size": "400"}, {"price": "0.17", "size": "76.47"}, {"price": "0.18", "size": "99.11"}, {"price": "0.19", "size": "8.5"}, {"price": "0.34", "size": "10"}, {"price": "0.35", "size": "150"}], "asks": [{"price": "0.99", "size": "1028.71"}, {"price": "0.98", "size": "22.83"}, {"price": "0.96", "size": "1012"}, {"price": "0.95", "size": "345"}, {"price": "0.94", "size": "108"}, {"price": "0.93", "size": "8.44"}, {"price": "0.88", "size": "208.33"}, {"price": "0.86", "size": "78.57"}, {"price": "0.85", "size": "44.57"}, {"price": "0.84", "size": "8.5"}, {"price": "0.7", "size": "10"}, {"price": "0.69", "size": "150"}], "event_type": "book", "last_trade_price": ""}]}
{"_local_timestamp": "2026-01-25T23:33:46.425348+00:00", "data": {"market": "0x075bcf678371a0eca1ace2b4f02e50d4de0988f681125d2c4d2dc40e6f0399e4", "price_changes": [{"asset_id": "44043083063635748160381310836270929809335612864286205545661695728400717697980", "price": "0.2", "size": "0", "side": "BUY", "hash": "92df40d84efd509472bb64c8b53f885f0920dff1", "best_bid": "0.21", "best_ask": "0.68"}, {"asset_id": "37620797048389817881327185390019211177750201483753180268328239381247553652046", "price": "0.8", "size": "0", "side": "SELL", "hash": "a6a0231badf0ada207e58ee3546f3ef09419175b", "best_bid": "0.32", "best_ask": "0.79"}], "timestamp": "1769384026360", "event_type": "price_change"}}
{"_local_timestamp": "2026-01-25T23:33:46.491257+00:00", "data": {"market": "0x075bcf678371a0eca1ace2b4f02e50d4de0988f681125d2c4d2dc40e6f0399e4", "price_changes": [{"asset_id": "44043083063635748160381310836270929809335612864286205545661695728400717697980", "price": "0.12", "size": "8.5", "side": "BUY", "hash": "ef54589cb9b644aaf1bd6c5958fcfc1f229358dd", "best_bid": "0.21", "best_ask": "0.68"}, {"asset_id": "37620797048389817881327185390019211177750201483753180268328239381247553652046", "price": "0.88", "size": "8.5", "side": "SELL", "hash": "49421158a2a4a12455a866bd29df256a1a2b4fbf", "best_bid": "0.32", "best_ask": "0.79"}], "timestamp": "1769384026426", "event_type": "price_change"}}
{"_local_timestamp": "2026-01-25T23:33:51.055364+00:00", "data": {"market": "0x075bcf678371a0eca1ace2b4f02e50d4de0988f681125d2c4d2dc40e6f0399e4", "price_changes": [{"asset_id": "44043083063635748160381310836270929809335612864286205545661695728400717697980", "price": "0.21", "size": "0", "side": "BUY", "hash": "572feeb5e6c3f2b10558c5c31cc8864c9602f783", "best_bid": "0.18", "best_ask": "0.68"}, {"asset_id": "37620797048389817881327185390019211177750201483753180268328239381247553652046", "price": "0.79", "size": "0", "side": "SELL", "hash": "cab8d4773ba57cfb869b67df94168c3cae6d44db", "best_bid": "0.32", "best_ask": "0.82"}], "timestamp": "1769384030988", "event_type": "price_change"}}
{"_local_timestamp": "2026-01-25T23:33:51.436266+00:00", "data": {"market": "0x075bcf678371a0eca1ace2b4f02e50d4de0988f681125d2c4d2dc40e6f0399e4", "price_changes": [{"asset_id": "44043083063635748160381310836270929809335612864286205545661695728400717697980", "price": "0.19", "size": "150", "side": "BUY", "hash": "faf5765a6b68028e6c763e1040c9085af1f3bc00", "best_bid": "0.19", "best_ask": "0.68"}, {"asset_id": "37620797048389817881327185390019211177750201483753180268328239381247553652046", "price": "0.81", "size": "150", "side": "SELL", "hash": "c72e9d9871c6121e2a6305a072f765b2d90e7ed6", "best_bid": "0.32", "best_ask": "0.81"}], "timestamp": "1769384031367", "event_type": "price_change"}}
{"_local_timestamp": "2026-01-25T23:33:58.153354+00:00", "data": {"market": "0x075bcf678371a0eca1ace2b4f02e50d4de0988f681125d2c4d2dc40e6f0399e4", "price_changes": [{"asset_id": "44043083063635748160381310836270929809335612864286205545661695728400717697980", "price": "0.12", "size": "0", "side": "BUY", "hash": "9578f5afcfcd217245e22a2cc9aa24f6298e0723", "best_bid": "0.19", "best_ask": "0.68"}, {"asset_id": "37620797048389817881327185390019211177750201483753180268328239381247553652046", "price": "0.88", "size": "0", "side": "SELL", "hash": "d2795d3dfa292b055eb3ae5d3ff967e705b4d58d", "best_bid": "0.32", "best_ask": "0.81"}], "timestamp": "1769384038083", "event_type": "price_change"}}
{"_local_timestamp": "2026-01-25T23:33:58.221615+00:00", "data": {"market": "0x075bcf678371a0eca1ace2b4f02e50d4de0988f681125d2c4d2dc40e6f0399e4", "price_changes": [{"asset_id": "44043083063635748160381310836270929809335612864286205545661695728400717697980", "price": "0.2", "size": "8.5", "side": "BUY", "hash": "b4aeab637103e52333c5f0647ad109c76355cc18", "best_bid": "0.2", "best_ask": "0.68"}, {"asset_id": "37620797048389817881327185390019211177750201483753180268328239381247553652046", "price": "0.8", "size": "8.5", "side": "SELL", "hash": "4be93ae5394d6bd2bccd60836774b4c51ed5b2f2", "best_bid": "0.32", "best_ask": "0.8"}], "timestamp": "1769384038148", "event_type": "price_change"}}
{"_local_timestamp": "2026-01-25T23:34:02.050568+00:00", "data": {"market": "0x075bcf678371a0eca1ace2b4f02e50d4de0988f681125d2c4d2dc40e6f0399e4", "price_changes": [{"asset_id": "44043083063635748160381310836270929809335612864286205545661695728400717697980", "price": "0.19", "size": "0", "side": "BUY", "hash": "edaebedff075f8c03cc731ca5ded6362b6c34bb5", "best_bid": "0.2", "best_ask": "0.68"}, {"asset_id": "37620797048389817881327185390019211177750201483753180268328239381247553652046", "price": "0.81", "size": "0", "side": "SELL", "hash": "b6c933cd204a6c3ed8760340960d7b3460907eb2", "best_bid": "0.32", "best_ask": "0.8"}], "timestamp": "1769384041967", "event_type": "price_change"}}
{"_local_timestamp": "2026-01-25T23:34:02.381274+00:00", "data": {"market": "0x075bcf678371a0eca1ace2b4f02e50d4de0988f681125d2c4d2dc40e6f0399e4", "price_changes": [{"asset_id": "44043083063635748160381310836270929809335612864286205545661695728400717697980", "price": "0.21", "size": "150", "side": "BUY", "hash": "24ead020b7a7d7ac221e645a66f03a9f44774d15", "best_bid": "0.21", "best_ask": "0.68"}, {"asset_id": "37620797048389817881327185390019211177750201483753180268328239381247553652046", "price": "0.79", "size": "150", "side": "SELL", "hash": "03bcb04cb0cfc840e9f182d8e9314447c251d3a7", "best_bid": "0.32", "best_ask": "0.79"}], "timestamp": "1769384042311", "event_type": "price_change"}}
{"_local_timestamp": "2026-01-25T23:34:07.930556+00:00", "data": {"market": "0x075bcf678371a0eca1ace2b4f02e50d4de0988f681125d2c4d2dc40e6f0399e4", "price_changes": [{"asset_id": "44043083063635748160381310836270929809335612864286205545661695728400717697980", "price": "0.2", "size": "0", "side": "BUY", "hash": "18d527fa440cff77088b12407d66bf138b6d81cc", "best_bid": "0.21", "best_ask": "0.68"}, {"asset_id": "37620797048389817881327185390019211177750201483753180268328239381247553652046", "price": "0.8", "size": "0", "side": "SELL", "hash": "3603fd1f0097e17a700196c28ef3cc8420065590", "best_bid": "0.32", "best_ask": "0.79"}], "timestamp": "1769384047845", "event_type": "price_change"}}
{"_local_timestamp": "2026-01-25T23:34:08.012017+00:00", "data": {"market": "0x075bcf678371a0eca1ace2b4f02e50d4de0988f681125d2c4d2dc40e6f0399e4", "price_changes": [{"asset_id": "44043083063635748160381310836270929809335612864286205545661695728400717697980", "price": "0.12", "size": "8.5", "side": "BUY", "hash": "28ee128bb5d3576ebe7b6a4044b8eb7ba54a6b71", "best_bid": "0.21", "best_ask": "0.68"}, {"asset_id": "37620797048389817881327185390019211177750201483753180268328239381247553652046", "price": "0.88", "size": "8.5", "side": "SELL", "hash": "ac5ca7419de579194a556a2a781a992bb4351d55", "best_bid": "0.32", "best_ask": "0.79"}], "timestamp": "1769384047911", "event_type": "price_change"}}
{"_local_timestamp": "2026-01-25T23:34:13.178403+00:00", "data": {"market": "0x075bcf678371a0eca1ace2b4f02e50d4de0988f681125d2c4d2dc40e6f0399e4", "price_changes": [{"asset_id": "44043083063635748160381310836270929809335612864286205545661695728400717697980", "price": "0.21", "size": "0", "side": "BUY", "hash": "e2fd11d98b4de87a5aa0b38f16bc49e461b68be8", "best_bid": "0.18", "best_ask": "0.68"}, {"asset_id": "37620797048389817881327185390019211177750201483753180268328239381247553652046", "price": "0.79", "size": "0", "side": "SELL", "hash": "f2e783923f87c14c25866b23bdbce121caf2e537", "best_bid": "0.32", "best_ask": "0.82"}], "timestamp": "1769384053055", "event_type": "price_change"}}
{"_local_timestamp": "2026-01-25T23:34:13.543334+00:00", "data": {"market": "0x075bcf678371a0eca1ace2b4f02e50d4de0988f681125d2c4d2dc40e6f0399e4", "price_changes": [{"asset_id": "44043083063635748160381310836270929809335612864286205545661695728400717697980", "price": "0.19", "size": "150", "side": "BUY", "hash": "c54ad8c67004a7e14d3ab0eec5d33a5f1ba2fdd5", "best_bid": "0.19", "best_ask": "0.68"}, {"asset_id": "37620797048389817881327185390019211177750201483753180268328239381247553652046", "price": "0.81", "size": "150", "side": "SELL", "hash": "22bc95a012eaac1524c897171b6489d8a73c519e", "best_bid": "0.32", "best_ask": "0.81"}], "timestamp": "1769384053360", "event_type": "price_change"}}
{"_local_timestamp": "2026-01-25T23:34:21.276473+00:00", "data": {"market": "0x075bcf678371a0eca1ace2b4f02e50d4de0988f681125d2c4d2dc40e6f0399e4", "price_changes": [{"asset_id": "44043083063635748160381310836270929809335612864286205545661695728400717697980", "price": "0.12", "size": "0", "side": "BUY", "hash": "1b0a35bb8a1f198a5a9feb9cab1a69354d67c148", "best_bid": "0.19", "best_ask": "0.68"}, {"asset_id": "37620797048389817881327185390019211177750201483753180268328239381247553652046", "price": "0.88", "size": "0", "side": "SELL", "hash": "558075d7ba705e7d769013e4a42963cca1584bed", "best_bid": "0.32", "best_ask": "0.81"}], "timestamp": "1769384061192", "event_type": "price_change"}}
{"_local_timestamp": "2026-01-25T23:34:21.321603+00:00", "data": {"market": "0x075bcf678371a0eca1ace2b4f02e50d4de0988f681125d2c4d2dc40e6f0399e4", "price_changes": [{"asset_id": "44043083063635748160381310836270929809335612864286205545661695728400717697980", "price": "0.2", "size": "8.5", "side": "BUY", "hash": "47246af982b43bb38390654193cffa1e26660641", "best_bid": "0.2", "best_ask": "0.68"}, {"asset_id": "37620797048389817881327185390019211177750201483753180268328239381247553652046", "price": "0.8", "size": "8.5", "side": "SELL", "hash": "a14ad808fb86c688b63608d77a24af5178f5808c", "best_bid": "0.32", "best_ask": "0.8"}], "timestamp": "1769384061257", "event_type": "price_change"}}
{"_local_timestamp": "2026-01-25T23:34:23.082161+00:00", "data": {"market": "0x4a8759d2d875be9b0e249c7b1a3d3d49dc900e4284d9737a129cbc4e87d7da71", "price_changes": [{"asset_id": "7067416833910504014055125845884236381326744632778703622549349924849000358827", "price": "0.05", "size": "20", "side": "BUY", "hash": "7a145a0da15b32f291b54070f147ffd8a9fe934f", "best_bid": "0.31", "best_ask": "0.65"}, {"asset_id": "68613822600760797550354490673418846729952358124298380004368114705765533299136", "price": "0.95", "size": "20", "side": "SELL", "hash": "3f58c7ab2b800cd3ebbecc1f850e23b4d3b5d133", "best_bid": "0.35", "best_ask": "0.69"}], "timestamp": "1769384063005", "event_type": "price_change"}}
{"_local_timestamp": "2026-01-25T23:34:23.084166+00:00", "data": {"market": "0x4a8759d2d875be9b0e249c7b1a3d3d49dc900e4284d9737a129cbc4e87d7da71", "price_changes": [{"asset_id": "7067416833910504014055125845884236381326744632778703622549349924849000358827", "price": "0.04", "size": "712", "side": "BUY", "hash": "7a145a0da15b32f291b54070f147ffd8a9fe934f", "best_bid": "0.31", "best_ask": "0.65"}, {"asset_id": "68613822600760797550354490673418846729952358124298380004368114705765533299136", "price": "0.96", "size": "712", "side": "SELL", "hash": "3f58c7ab2b800cd3ebbecc1f850e23b4d3b5d133", "best_bid": "0.35", "best_ask": "0.69"}], "timestamp": "1769384063005", "event_type": "price_change"}}
{"_local_timestamp": "2026-01-25T23:34:23.085997+00:00", "data": {"market": "0x4a8759d2d875be9b0e249c7b1a3d3d49dc900e4284d9737a129cbc4e87d7da71", "price_changes": [{"asset_id": "7067416833910504014055125845884236381326744632778703622549349924849000358827", "price": "0.06", "size": "33", "side": "BUY", "hash": "7a145a0da15b32f291b54070f147ffd8a9fe934f", "best_bid": "0.31", "best_ask": "0.65"}, {"asset_id": "68613822600760797550354490673418846729952358124298380004368114705765533299136", "price": "0.94", "size": "33", "side": "SELL", "hash": "3f58c7ab2b800cd3ebbecc1f850e23b4d3b5d133", "best_bid": "0.35", "best_ask": "0.69"}], "timestamp": "1769384063005", "event_type": "price_change"}}
{"_local_timestamp": "2026-01-25T23:34:23.087805+00:00", "data": {"market": "0x4a8759d2d875be9b0e249c7b1a3d3d49dc900e4284d9737a129cbc4e87d7da71", "price_changes": [{"asset_id": "68613822600760797550354490673418846729952358124298380004368114705765533299136", "price": "0.04", "size": "712", "side": "BUY", "hash": "02effb03cf396a411247b8c2162241c92ee35b29", "best_bid": "0.35", "best_ask": "0.69"}, {"asset_id": "7067416833910504014055125845884236381326744632778703622549349924849000358827", "price": "0.96", "size": "712", "side": "SELL", "hash": "d2fd89e46110d14f0679a1c7eb85a1e5ddfc6c12", "best_bid": "0.31", "best_ask": "0.65"}], "timestamp": "1769384063005", "event_type": "price_change"}}
{"_local_timestamp": "2026-01-25T23:34:23.091423+00:00", "data": {"market": "0x4a8759d2d875be9b0e249c7b1a3d3d49dc900e4284d9737a129cbc4e87d7da71", "price_changes": [{"asset_id": "68613822600760797550354490673418846729952358124298380004368114705765533299136", "price": "0.05", "size": "560", "side": "BUY", "hash": "02effb03cf396a411247b8c2162241c92ee35b29", "best_bid": "0.35", "best_ask": "0.69"}, {"asset_id": "7067416833910504014055125845884236381326744632778703622549349924849000358827", "price": "0.95", "size": "560", "side": "SELL", "hash": "d2fd89e46110d14f0679a1c7eb85a1e5ddfc6c12", "best_bid": "0.31", "best_ask": "0.65"}], "timestamp": "1769384063005", "event_type": "price_change"}}
{"_local_timestamp": "2026-01-25T23:34:23.936607+00:00", "data": {"market": "0x075bcf678371a0eca1ace2b4f02e50d4de0988f681125d2c4d2dc40e6f0399e4", "price_changes": [{"asset_id": "44043083063635748160381310836270929809335612864286205545661695728400717697980", "price": "0.19", "size": "0", "side": "BUY", "hash": "b4175f5db5174188a5e7b57fcca653b87db6d08e", "best_bid": "0.2", "best_ask": "0.68"}, {"asset_id": "37620797048389817881327185390019211177750201483753180268328239381247553652046", "price": "0.81", "size": "0", "side": "SELL", "hash": "bcb7394271882f334ecdcae25c759d8ea1ec2fb0", "best_bid": "0.32", "best_ask": "0.8"}], "timestamp": "1769384063868", "event_type": "price_change"}}
{"_local_timestamp": "2026-01-25T23:34:24.384345+00:00", "data": {"market": "0x075bcf678371a0eca1ace2b4f02e50d4de0988f681125d2c4d2dc40e6f0399e4", "price_changes": [{"asset_id": "44043083063635748160381310836270929809335612864286205545661695728400717697980", "price": "0.21", "size": "150", "side": "BUY", "hash": "ceb68d793fb852ce3f0da24acc8cbc75ad315127", "best_bid": "0.21", "best_ask": "0.68"}, {"asset_id": "37620797048389817881327185390019211177750201483753180268328239381247553652046", "price": "0.79", "size": "150", "side": "SELL", "hash": "4d2f238d95151c1e47230e5c4b1d05e44d142a6d", "best_bid": "0.32", "best_ask": "0.79"}], "timestamp": "1769384064318", "event_type": "price_change"}}
{"_local_timestamp": "2026-01-25T23:34:25.094975+00:00", "data": {"market": "0x4a8759d2d875be9b0e249c7b1a3d3d49dc900e4284d9737a129cbc4e87d7da71", "price_changes": [{"asset_id": "68613822600760797550354490673418846729952358124298380004368114705765533299136", "price": "0.15", "size": "125", "side": "BUY", "hash": "3131ec1fcfb125284ae8685bb009b2a60870c3b8", "best_bid": "0.35", "best_ask": "0.69"}, {"asset_id": "7067416833910504014055125845884236381326744632778703622549349924849000358827", "price": "0.85", "size": "125", "side": "SELL", "hash": "d149652f0027a5036adc0de83c3a8fb45d8fd322", "best_bid": "0.31", "best_ask": "0.65"}], "timestamp": "1769384065029", "event_type": "price_change"}}
{"_local_timestamp": "2026-01-25T23:34:25.102156+00:00", "data": {"market": "0x4a8759d2d875be9b0e249c7b1a3d3d49dc900e4284d9737a129cbc4e87d7da71", "price_changes": [{"asset_id": "7067416833910504014055125845884236381326744632778703622549349924849000358827", "price": "0.13", "size": "125", "side": "BUY", "hash": "488631d9ee8f070df5f73fd3c0a1b4d687d0dcee", "best_bid": "0.31", "best_ask": "0.65"}, {"asset_id": "68613822600760797550354490673418846729952358124298380004368114705765533299136", "price": "0.87", "size": "125", "side": "SELL", "hash": "8fc40435e3e46ae11169b6cf382ad061319adfd2", "best_bid": "0.35", "best_ask": "0.69"}], "timestamp": "1769384065031", "event_type": "price_change"}}
{"_local_timestamp": "2026-01-25T23:34:25.102661+00:00", "data": {"market": "0x4a8759d2d875be9b0e249c7b1a3d3d49dc900e4284d9737a129cbc4e87d7da71", "price_changes": [{"asset_id": "7067416833910504014055125845884236381326744632778703622549349924849000358827", "price": "0.11", "size": "300", "side": "BUY", "hash": "c9d05dd5b7c38f446e4f3fae606933ba07fdf43d", "best_bid": "0.31", "best_ask": "0.65"}, {"asset_id": "68613822600760797550354490673418846729952358124298380004368114705765533299136", "price": "0.89", "size": "300", "side": "SELL", "hash": "5b509ba70d2bc2d240263c4a5c3070d976413db4", "best_bid": "0.35", "best_ask": "0.69"}], "timestamp": "1769384065032", "event_type": "price_change"}}
{"_local_timestamp": "2026-01-25T23:34:25.109453+00:00", "data": {"market": "0x4a8759d2d875be9b0e249c7b1a3d3d49dc900e4284d9737a129cbc4e87d7da71", "price_changes": [{"asset_id": "7067416833910504014055125845884236381326744632778703622549349924849000358827", "price": "0.12", "size": "408.33", "side": "BUY", "hash": "32a6e44178e44ca30a7fc9e46124efcee34e9557", "best_bid": "0.31", "best_ask": "0.65"}, {"asset_id": "68613822600760797550354490673418846729952358124298380004368114705765533299136", "price": "0.88", "size": "408.33", "side": "SELL", "hash": "aff793d02486782833328775e196cb705106af2a", "best_bid": "0.35", "best_ask": "0.69"}], "timestamp": "1769384065034", "event_type": "price_change"}}
{"_local_timestamp": "2026-01-25T23:34:25.109933+00:00", "data": {"market": "0x4a8759d2d875be9b0e249c7b1a3d3d49dc900e4284d9737a129cbc4e87d7da71", "price_changes": [{"asset_id": "68613822600760797550354490673418846729952358124298380004368114705765533299136", "price": "0.16", "size": "75", "side": "BUY", "hash": "0119c85a81b9cb4ba3d204291e4605add1697464", "best_bid": "0.35", "best_ask": "0.69"}, {"asset_id": "7067416833910504014055125845884236381326744632778703622549349924849000358827", "price": "0.84", "size": "75", "side": "SELL", "hash": "8fdef53d96b45fc1e7c4ad28bf192eb58325414e", "best_bid": "0.31", "best_ask": "0.65"}], "timestamp": "1769384065035", "event_type": "price_change"}}
{"_local_timestamp": "2026-01-25T23:34:25.110332+00:00", "data": {"market": "0x4a8759d2d875be9b0e249c7b1a3d3d49dc900e4284d9737a129cbc4e87d7da71", "price_changes": [{"asset_id": "68613822600760797550354490673418846729952358124298380004368114705765533299136", "price": "0.14", "size": "200", "side": "BUY", "hash": "bac436bb124c914efb4a735ddf1de27d37b80f15", "best_bid": "0.35", "best_ask": "0.69"}, {"asset_id": "7067416833910504014055125845884236381326744632778703622549349924849000358827", "price": "0.86", "size": "200", "side": "SELL", "hash": "c7b4fc37ba4faf0e2cc5a4d3acda0a92a2b95804", "best_bid": "0.31", "best_ask": "0.65"}], "timestamp": "1769384065037", "event_type": "price_change"}}
{"_local_timestamp": "2026-01-25T23:34:25.117137+00:00", "data": {"market": "0x4a8759d2d875be9b0e249c7b1a3d3d49dc900e4284d9737a129cbc4e87d7da71", "price_changes": [{"asset_id": "7067416833910504014055125845884236381326744632778703622549349924849000358827", "price": "0.14", "size": "153.57", "side": "BUY", "hash": "44165c47c8c68ad8669acf64cfc31d37d0e8e662", "best_bid": "0.31", "best_ask": "0.65"}, {"asset_id": "68613822600760797550354490673418846729952358124298380004368114705765533299136", "price": "0.86", "size": "153.57", "side": "SELL", "hash": "3380893d782f4bc76335dbcaa957b3dca50f646b", "best_bid": "0.35", "best_ask": "0.69"}], "timestamp": "1769384065038", "event_type": "price_change"}}
{"_local_timestamp": "2026-01-25T23:34:25.117577+00:00", "data": {"market": "0x4a8759d2d875be9b0e249c7b1a3d3d49dc900e4284d9737a129cbc4e87d7da71", "price_changes": [{"asset_id": "68613822600760797550354490673418846729952358124298380004368114705765533299136", "price": "0.12", "size": "300", "side": "BUY", "hash": "57919ddb9703ad8632c0b0e30e3397d389e67ca7", "best_bid": "0.35", "best_ask": "0.69"}, {"asset_id": "7067416833910504014055125845884236381326744632778703622549349924849000358827", "price": "0.88", "size": "300", "side": "SELL", "hash": "d5d2f6ae974e2983f861e0be5d9ac651e3330d64", "best_bid": "0.31", "best_ask": "0.65"}], "timestamp": "1769384065040", "event_type": "price_change"}}
{"_local_timestamp": "2026-01-25T23:34:25.312654+00:00", "data": {"market": "0xe84eca57bd45badc67bc03e45f1572d9b7cb54c99f439cab8d1f5a8f706ed5aa", "price_changes": [{"asset_id": "57604927680313565537024476609266309679605748393322698936584890001973886141363", "price": "0.06", "size": "33", "side": "BUY", "hash": "746d71429605ee647a95c701f3005c73acc873f7", "best_bid": "0.3", "best_ask": "0.82"}, {"asset_id": "40914385129726617553295008292757296803187090422865409939820153761951336447592", "price": "0.94", "size": "33", "side": "SELL", "hash": "5da8d035cfe3ed2414edda22dc04c7f3198e42a6", "best_bid": "0.18", "best_ask": "0.7"}], "timestamp": "1769384065227", "event_type": "price_change"}}
{"_local_timestamp": "2026-01-25T23:34:25.315155+00:00", "data": {"market": "0xe84eca57bd45badc67bc03e45f1572d9b7cb54c99f439cab8d1f5a8f706ed5aa", "price_changes": [{"asset_id": "57604927680313565537024476609266309679605748393322698936584890001973886141363", "price": "0.05", "size": "20", "side": "BUY", "hash": "746d71429605ee647a95c701f3005c73acc873f7", "best_bid": "0.3", "best_ask": "0.82"}, {"asset_id": "40914385129726617553295008292757296803187090422865409939820153761951336447592", "price": "0.95", "size": "20", "side": "SELL", "hash": "5da8d035cfe3ed2414edda22dc04c7f3198e42a6", "best_bid": "0.18", "best_ask": "0.7"}], "timestamp": "1769384065227", "event_type": "price_change"}}
{"_local_timestamp": "2026-01-25T23:34:25.316339+00:00", "data": {"market": "0xe84eca57bd45badc67bc03e45f1572d9b7cb54c99f439cab8d1f5a8f706ed5aa", "price_changes": [{"asset_id": "57604927680313565537024476609266309679605748393322698936584890001973886141363", "price": "0.04", "size": "712", "side": "BUY", "hash": "746d71429605ee647a95c701f3005c73acc873f7", "best_bid": "0.3", "best_ask": "0.82"}, {"asset_id": "40914385129726617553295008292757296803187090422865409939820153761951336447592", "price": "0.96", "size": "712", "side": "SELL", "hash": "5da8d035cfe3ed2414edda22dc04c7f3198e42a6", "best_bid": "0.18", "best_ask": "0.7"}], "timestamp": "1769384065227", "event_type": "price_change"}}
{"_local_timestamp": "2026-01-25T23:34:25.327362+00:00", "data": {"market": "0xe84eca57bd45badc67bc03e45f1572d9b7cb54c99f439cab8d1f5a8f706ed5aa", "price_changes": [{"asset_id": "40914385129726617553295008292757296803187090422865409939820153761951336447592", "price": "0.04", "size": "12", "side": "BUY", "hash": "f887d5ea15eebdeead22e849d884c042afbbead8", "best_bid": "0.18", "best_ask": "0.7"}, {"asset_id": "57604927680313565537024476609266309679605748393322698936584890001973886141363", "price": "0.96", "size": "12", "side": "SELL", "hash": "42624811f87e4c067f94924c72822785c9f8102d", "best_bid": "0.3", "best_ask": "0.82"}], "timestamp": "1769384065227", "event_type": "price_change"}}
{"_local_timestamp": "2026-01-25T23:34:25.329817+00:00", "data": {"market": "0xe84eca57bd45badc67bc03e45f1572d9b7cb54c99f439cab8d1f5a8f706ed5aa", "price_changes": [{"asset_id": "40914385129726617553295008292757296803187090422865409939820153761951336447592", "price": "0.03", "size": "0", "side": "BUY", "hash": "f887d5ea15eebdeead22e849d884c042afbbead8", "best_bid": "0.18", "best_ask": "0.7"}, {"asset_id": "57604927680313565537024476609266309679605748393322698936584890001973886141363", "price": "0.97", "size": "0", "side": "SELL", "hash": "42624811f87e4c067f94924c72822785c9f8102d", "best_bid": "0.3", "best_ask": "0.82"}], "timestamp": "1769384065227", "event_type": "price_change"}}
{"_local_timestamp": "2026-01-25T23:34:26.120330+00:00", "data": {"market": "0xe84eca57bd45badc67bc03e45f1572d9b7cb54c99f439cab8d1f5a8f706ed5aa", "price_changes": [{"asset_id": "57604927680313565537024476609266309679605748393322698936584890001973886141363", "price": "0.3", "size": "229", "side": "BUY", "hash": "1437da6e055c3208c84347f1a2ccb67d35f13936", "best_bid": "0.3", "best_ask": "0.82"}, {"asset_id": "40914385129726617553295008292757296803187090422865409939820153761951336447592", "price": "0.7", "size": "229", "side": "SELL", "hash": "36396a17a52a51260ab40f7079f6281eb69a8ecf", "best_bid": "0.18", "best_ask": "0.7"}], "timestamp": "1769384066026", "event_type": "price_change"}}
{"_local_timestamp": "2026-01-25T23:34:26.120817+00:00", "data": {"market": "0x075bcf678371a0eca1ace2b4f02e50d4de0988f681125d2c4d2dc40e6f0399e4", "price_changes": [{"asset_id": "37620797048389817881327185390019211177750201483753180268328239381247553652046", "price": "0.32", "size": "189", "side": "BUY", "hash": "ca6c750238694f7d9cda0a574ff5b3de61ecbf23", "best_bid": "0.32", "best_ask": "0.79"}, {"asset_id": "44043083063635748160381310836270929809335612864286205545661695728400717697980", "price": "0.68", "size": "189", "side": "SELL", "hash": "e3b38115b4e28c3f34774d9ddccb9cc3566a44c2", "best_bid": "0.21", "best_ask": "0.68"}], "timestamp": "1769384066026", "event_type": "price_change"}}
{"_local_timestamp": "2026-01-25T23:34:26.121174+00:00", "data": {"market": "0x4a8759d2d875be9b0e249c7b1a3d3d49dc900e4284d9737a129cbc4e87d7da71", "price_changes": [{"asset_id": "7067416833910504014055125845884236381326744632778703622549349924849000358827", "price": "0.32", "size": "158", "side": "BUY", "hash": "1374ea691a1868107de534b6e485f45cb5938b08", "best_bid": "0.32", "best_ask": "0.65"}, {"asset_id": "68613822600760797550354490673418846729952358124298380004368114705765533299136", "price": "0.68", "size": "158", "side": "SELL", "hash": "c5c37ddfcc71873e857e35906926623e310c0253", "best_bid": "0.35", "best_ask": "0.68"}], "timestamp": "1769384066027", "event_type": "price_change"}}
{"_local_timestamp": "2026-01-25T23:34:26.121559+00:00", "data": {"market": "0xe84eca57bd45badc67bc03e45f1572d9b7cb54c99f439cab8d1f5a8f706ed5aa", "price_changes": [{"asset_id": "57604927680313565537024476609266309679605748393322698936584890001973886141363", "price": "0.31", "size": "316.66", "side": "BUY", "hash": "6dd453e2e48ce2644cb649b57184d0944ba7aad7", "best_bid": "0.31", "best_ask": "0.82"}, {"asset_id": "40914385129726617553295008292757296803187090422865409939820153761951336447592", "price": "0.69", "size": "316.66", "side": "SELL", "hash": "377670a72aed21845558c887cde55049db011f7a", "best_bid": "0.18", "best_ask": "0.69"}], "timestamp": "1769384066028", "event_type": "price_change"}}
{"_local_timestamp": "2026-01-25T23:34:26.122340+00:00", "data": {"market": "0x075bcf678371a0eca1ace2b4f02e50d4de0988f681125d2c4d2dc40e6f0399e4", "price_changes": [{"asset_id": "37620797048389817881327185390019211177750201483753180268328239381247553652046", "price": "0.33", "size": "316.66", "side": "BUY", "hash": "177c2a14292e8feee88706b06ce696b4a91bd5f6", "best_bid": "0.33", "best_ask": "0.79"}, {"asset_id": "44043083063635748160381310836270929809335612864286205545661695728400717697980", "price": "0.67", "size": "316.66", "side": "SELL", "hash": "0285d3d1d9894d9c2864ad30a3c7ff2658c972bc", "best_bid": "0.21", "best_ask": "0.67"}], "timestamp": "1769384066028", "event_type": "price_change"}}
{"_local_timestamp": "2026-01-25T23:34:27.245048+00:00", "data": {"market": "0xe84eca57bd45badc67bc03e45f1572d9b7cb54c99f439cab8d1f5a8f706ed5aa", "price_changes": [{"asset_id": "57604927680313565537024476609266309679605748393322698936584890001973886141363", "price": "0.11", "size": "300", "side": "BUY", "hash": "51719a02d92bc80701f4b9d739efae214fcd9b19", "best_bid": "0.31", "best_ask": "0.82"}, {"asset_id": "40914385129726617553295008292757296803187090422865409939820153761951336447592", "price": "0.89", "size": "300", "side": "SELL", "hash": "10854ef31cc00183c1ca943a543825ba0afa06ec", "best_bid": "0.18", "best_ask": "0.69"}], "timestamp": "1769384067180", "event_type": "price_change"}}
{"_local_timestamp": "2026-01-25T23:34:27.259161+00:00", "data": {"market": "0xe84eca57bd45badc67bc03e45f1572d9b7cb54c99f439cab8d1f5a8f706ed5aa", "price_changes": [{"asset_id": "40914385129726617553295008292757296803187090422865409939820153761951336447592", "price": "0.08", "size": "220", "side": "BUY", "hash": "c87616b33cc92992da14e8beaa3a3f7067737fc5", "best_bid": "0.18", "best_ask": "0.69"}, {"asset_id": "57604927680313565537024476609266309679605748393322698936584890001973886141363", "price": "0.92", "size": "220", "side": "SELL", "hash": "caaa5504990b48ef1c1034b1b96907c01c762e3f", "best_bid": "0.31", "best_ask": "0.82"}], "timestamp": "1769384067192", "event_type": "price_change"}}
{"_local_timestamp": "2026-01-25T23:34:27.278648+00:00", "data": {"market": "0xe84eca57bd45badc67bc03e45f1572d9b7cb54c99f439cab8d1f5a8f706ed5aa", "price_changes": [{"asset_id": "40914385129726617553295008292757296803187090422865409939820153761951336447592", "price": "0.07", "size": "300", "side": "BUY", "hash": "b2a1040595942fce9ee942f955c476e4e0a5c019", "best_bid": "0.18", "best_ask": "0.69"}, {"asset_id": "57604927680313565537024476609266309679605748393322698936584890001973886141363", "price": "0.93", "size": "300", "side": "SELL", "hash": "2d50c16cb8be9d52eccdcc68a8cf7bda434386b1", "best_bid": "0.31", "best_ask": "0.82"}], "timestamp": "1769384067204", "event_type": "price_change"}}
{"_local_timestamp": "2026-01-25T23:34:27.279700+00:00", "data": {"market": "0xe84eca57bd45badc67bc03e45f1572d9b7cb54c99f439cab8d1f5a8f706ed5aa", "price_changes": [{"asset_id": "40914385129726617553295008292757296803187090422865409939820153761951336447592", "price": "0.09", "size": "219.44", "side": "BUY", "hash": "9bcc39221eed698e18b6d7cba6fd1e36f8dd9a0a", "best_bid": "0.18", "best_ask": "0.69"}, {"asset_id": "57604927680313565537024476609266309679605748393322698936584890001973886141363", "price": "0.91", "size": "219.44", "side": "SELL", "hash": "5bd6e25cc1c2d99eaab465981ede805ab442864b", "best_bid": "0.31", "best_ask": "0.82"}], "timestamp": "1769384067214", "event_type": "price_change"}}
{"_local_timestamp": "2026-01-25T23:34:27.293569+00:00", "data": {"market": "0xe84eca57bd45badc67bc03e45f1572d9b7cb54c99f439cab8d1f5a8f706ed5aa", "price_changes": [{"asset_id": "57604927680313565537024476609266309679605748393322698936584890001973886141363", "price": "0.12", "size": "200", "side": "BUY", "hash": "9b0398cb64f7b81d73af88eba4c69032125ceb8d", "best_bid": "0.31", "best_ask": "0.82"}, {"asset_id": "40914385129726617553295008292757296803187090422865409939820153761951336447592", "price": "0.88", "size": "200", "side": "SELL", "hash": "ae076dae5635238339e20f4596efc7f4beb43ad3", "best_bid": "0.18", "best_ask": "0.69"}], "timestamp": "1769384067222", "event_type": "price_change"}}
{"_local_timestamp": "2026-01-25T23:34:27.296828+00:00", "data": {"market": "0xe84eca57bd45badc67bc03e45f1572d9b7cb54c99f439cab8d1f5a8f706ed5aa", "price_changes": [{"asset_id": "57604927680313565537024476609266309679605748393322698936584890001973886141363", "price": "0.13", "size": "225", "side": "BUY", "hash": "78c8f4169849236186c6fa1796b7a5e734fb9398", "best_bid": "0.31", "best_ask": "0.82"}, {"asset_id": "40914385129726617553295008292757296803187090422865409939820153761951336447592", "price": "0.87", "size": "225", "side": "SELL", "hash": "a8490da9065713a22d90b412aa43a3af32e7fe3c", "best_bid": "0.18", "best_ask": "0.69"}], "timestamp": "1769384067234", "event_type": "price_change"}}
{"_local_timestamp": "2026-01-25T23:34:27.305661+00:00", "data": {"market": "0xe84eca57bd45badc67bc03e45f1572d9b7cb54c99f439cab8d1f5a8f706ed5aa", "price_changes": [{"asset_id": "40914385129726617553295008292757296803187090422865409939820153761951336447592", "price": "0.08", "size": "345", "side": "BUY", "hash": "c35dfda7ea731dadfb2b2891bfdc8c3100b2796f", "best_bid": "0.18", "best_ask": "0.69"}, {"asset_id": "57604927680313565537024476609266309679605748393322698936584890001973886141363", "price": "0.92", "size": "345", "side": "SELL", "hash": "d12dfe13646fbc254af9b6c6575ea837cb9ada0a", "best_bid": "0.31", "best_ask": "0.82"}], "timestamp": "1769384067244", "event_type": "price_change"}}
{"_local_timestamp": "2026-01-25T23:34:27.318239+00:00", "data": {"market": "0xe84eca57bd45badc67bc03e45f1572d9b7cb54c99f439cab8d1f5a8f706ed5aa", "price_changes": [{"asset_id": "57604927680313565537024476609266309679605748393322698936584890001973886141363", "price": "0.14", "size": "153.57", "side": "BUY", "hash": "5906659c0161cfdb5d93ff6add59c4b162eaf497", "best_bid": "0.31", "best_ask": "0.82"}, {"asset_id": "40914385129726617553295008292757296803187090422865409939820153761951336447592", "price": "0.86", "size": "153.57", "side": "SELL", "hash": "82080a9d9091a7178740baa32a99b867767e4fec", "best_bid": "0.18", "best_ask": "0.69"}], "timestamp": "1769384067252", "event_type": "price_change"}}
{"_local_timestamp": "2026-01-25T23:34:27.533234+00:00", "data": {"market": "0x075bcf678371a0eca1ace2b4f02e50d4de0988f681125d2c4d2dc40e6f0399e4", "price_changes": [{"asset_id": "37620797048389817881327185390019211177750201483753180268328239381247553652046", "price": "0.08", "size": "306.47", "side": "BUY", "hash": "887c1bacebd1c18a7f3d3f05a9b9949ceea17f74", "best_bid": "0.33", "best_ask": "0.79"}, {"asset_id": "44043083063635748160381310836270929809335612864286205545661695728400717697980", "price": "0.92", "size": "306.47", "side": "SELL", "hash": "247d7dff2672be4de4ff6430ce095ba42cb5ab04", "best_bid": "0.21", "best_ask": "0.67"}], "timestamp": "1769384067468", "event_type": "price_change"}}
{"_local_timestamp": "2026-01-25T23:34:27.534792+00:00", "data": {"market": "0x075bcf678371a0eca1ace2b4f02e50d4de0988f681125d2c4d2dc40e6f0399e4", "price_changes": [{"asset_id": "37620797048389817881327185390019211177750201483753180268328239381247553652046", "price": "0.07", "size": "0", "side": "BUY", "hash": "887c1bacebd1c18a7f3d3f05a9b9949ceea17f74", "best_bid": "0.33", "best_ask": "0.79"}, {"asset_id": "44043083063635748160381310836270929809335612864286205545661695728400717697980", "price": "0.93", "size": "0", "side": "SELL", "hash": "247d7dff2672be4de4ff6430ce095ba42cb5ab04", "best_bid": "0.21", "best_ask": "0.67"}], "timestamp": "1769384067468", "event_type": "price_change"}}
{"_local_timestamp": "2026-01-25T23:34:27.535665+00:00", "data": {"market": "0x075bcf678371a0eca1ace2b4f02e50d4de0988f681125d2c4d2dc40e6f0399e4", "price_changes": [{"asset_id": "37620797048389817881327185390019211177750201483753180268328239381247553652046", "price": "0.06", "size": "33", "side": "BUY", "hash": "887c1bacebd1c18a7f3d3f05a9b9949ceea17f74", "best_bid": "0.33", "best_ask": "0.79"}, {"asset_id": "44043083063635748160381310836270929809335612864286205545661695728400717697980", "price": "0.94", "size": "33", "side": "SELL", "hash": "247d7dff2672be4de4ff6430ce095ba42cb5ab04", "best_bid": "0.21", "best_ask": "0.67"}], "timestamp": "1769384067468", "event_type": "price_change"}}
{"_local_timestamp": "2026-01-25T23:34:27.536719+00:00", "data": {"market": "0x075bcf678371a0eca1ace2b4f02e50d4de0988f681125d2c4d2dc40e6f0399e4", "price_changes": [{"asset_id": "44043083063635748160381310836270929809335612864286205545661695728400717697980", "price": "0.03", "size": "0", "side": "BUY", "hash": "c13eb1de24662b97c76519c75ac96fe379382cc5", "best_bid": "0.21", "best_ask": "0.67"}, {"asset_id": "37620797048389817881327185390019211177750201483753180268328239381247553652046", "price": "0.97", "size": "0", "side": "SELL", "hash": "ede92c4c5672a71e46fbd8628ac67e4edbd53c76", "best_bid": "0.33", "best_ask": "0.79"}], "timestamp": "1769384067468", "event_type": "price_change"}}
{"_local_timestamp": "2026-01-25T23:34:27.537185+00:00", "data": {"market": "0x075bcf678371a0eca1ace2b4f02e50d4de0988f681125d2c4d2dc40e6f0399e4", "price_changes": [{"asset_id": "44043083063635748160381310836270929809335612864286205545661695728400717697980", "price": "0.02", "size": "9.68", "side": "BUY", "hash": "c13eb1de24662b97c76519c75ac96fe379382cc5", "best_bid": "0.21", "best_ask": "0.67"}, {"asset_id": "37620797048389817881327185390019211177750201483753180268328239381247553652046", "price": "0.98", "size": "9.68", "side": "SELL", "hash": "ede92c4c5672a71e46fbd8628ac67e4edbd53c76", "best_bid": "0.33", "best_ask": "0.79"}], "timestamp": "1769384067468", "event_type": "price_change"}}
{"_local_timestamp": "2026-01-25T23:34:29.440426+00:00", "data": {"market": "0x075bcf678371a0eca1ace2b4f02e50d4de0988f681125d2c4d2dc40e6f0399e4", "price_changes": [{"asset_id": "44043083063635748160381310836270929809335612864286205545661695728400717697980", "price": "0.2", "size": "0", "side": "BUY", "hash": "c607e690f7e8484b55a34a51cd31f84d71fcc6d1", "best_bid": "0.21", "best_ask": "0.67"}, {"asset_id": "37620797048389817881327185390019211177750201483753180268328239381247553652046", "price": "0.8", "size": "0", "side": "SELL", "hash": "ffd2f3b3ec9a6e132fea3097bf3cf87e52eab1ed", "best_bid": "0.33", "best_ask": "0.79"}], "timestamp": "1769384069345", "event_type": "price_change"}}
{"_local_timestamp": "2026-01-25T23:34:29.472261+00:00", "data": {"market": "0x075bcf678371a0eca1ace2b4f02e50d4de0988f681125d2c4d2dc40e6f0399e4", "price_changes": [{"asset_id": "44043083063635748160381310836270929809335612864286205545661695728400717697980", "price": "0.12", "size": "8.5", "side": "BUY", "hash": "26548b4e6678d6c4d2eb0b3bd856878462946d12", "best_bid": "0.21", "best_ask": "0.67"}, {"asset_id": "37620797048389817881327185390019211177750201483753180268328239381247553652046", "price": "0.88", "size": "8.5", "side": "SELL", "hash": "b5daa33f3fbe5d00ee20ae674c14e9ceb82e3a26", "best_bid": "0.33", "best_ask": "0.79"}], "timestamp": "1769384069407", "event_type": "price_change"}}
{"_local_timestamp": "2026-01-25T23:34:29.603096+00:00", "data": {"market": "0x4a8759d2d875be9b0e249c7b1a3d3d49dc900e4284d9737a129cbc4e87d7da71", "price_changes": [{"asset_id": "7067416833910504014055125845884236381326744632778703622549349924849000358827", "price": "0.31", "size": "0", "side": "BUY", "hash": "413949d5416b77a67e73e40a17964224492ec82e", "best_bid": "0.32", "best_ask": "0.65"}, {"asset_id": "68613822600760797550354490673418846729952358124298380004368114705765533299136", "price": "0.69", "size": "0", "side": "SELL", "hash": "c181f84886b32ea01398affacfdb6780f0e538b2", "best_bid": "0.35", "best_ask": "0.68"}], "timestamp": "1769384069524", "event_type": "price_change"}}
{"_local_timestamp": "2026-01-25T23:34:29.606560+00:00", "data": {"market": "0x075bcf678371a0eca1ace2b4f02e50d4de0988f681125d2c4d2dc40e6f0399e4", "price_changes": [{"asset_id": "37620797048389817881327185390019211177750201483753180268328239381247553652046", "price": "0.32", "size": "39", "side": "BUY", "hash": "b17563abdd0995e95a68483d07c474d3e64a3201", "best_bid": "0.33", "best_ask": "0.79"}, {"asset_id": "44043083063635748160381310836270929809335612864286205545661695728400717697980", "price": "0.68", "size": "39", "side": "SELL", "hash": "5baac43032cdc220ef290fb2ba9eeadca5028cd0", "best_bid": "0.21", "best_ask": "0.67"}], "timestamp": "1769384069524", "event_type": "price_change"}}
{"_local_timestamp": "2026-01-25T23:34:29.607767+00:00", "data": {"market": "0xe84eca57bd45badc67bc03e45f1572d9b7cb54c99f439cab8d1f5a8f706ed5aa", "price_changes": [{"asset_id": "57604927680313565537024476609266309679605748393322698936584890001973886141363", "price": "0.3", "size": "79", "side": "BUY", "hash": "235c09348f0aed8d91084199c2d20406099add4a", "best_bid": "0.31", "best_ask": "0.82"}, {"asset_id": "40914385129726617553295008292757296803187090422865409939820153761951336447592", "price": "0.7", "size": "79", "side": "SELL", "hash": "f08a4f7baeaceea93a4bc3a095ca9b1eea6be3a6", "best_bid": "0.18", "best_ask": "0.69"}], "timestamp": "1769384069524", "event_type": "price_change"}}
{"_local_timestamp": "2026-01-25T23:34:29.608268+00:00", "data": {"market": "0x075bcf678371a0eca1ace2b4f02e50d4de0988f681125d2c4d2dc40e6f0399e4", "price_changes": [{"asset_id": "44043083063635748160381310836270929809335612864286205545661695728400717697980", "price": "0.21", "size": "0", "side": "BUY", "hash": "a52386a814309880fa9a30262a94824903da59d8", "best_bid": "0.18", "best_ask": "0.67"}, {"asset_id": "37620797048389817881327185390019211177750201483753180268328239381247553652046", "price": "0.79", "size": "0", "side": "SELL", "hash": "f442b51b64780f112495fecef175883565ad8bdf", "best_bid": "0.33", "best_ask": "0.82"}], "timestamp": "1769384069525", "event_type": "price_change"}}
{"_local_timestamp": "2026-01-25T23:34:29.908226+00:00", "data": {"market": "0x075bcf678371a0eca1ace2b4f02e50d4de0988f681125d2c4d2dc40e6f0399e4", "price_changes": [{"asset_id": "37620797048389817881327185390019211177750201483753180268328239381247553652046", "price": "0.18", "size": "133.5", "side": "BUY", "hash": "3d075ff307ec41a35674d48c29d98a64ed0868c2", "best_bid": "0.33", "best_ask": "0.82"}, {"asset_id": "44043083063635748160381310836270929809335612864286205545661695728400717697980", "price": "0.82", "size": "133.5", "side": "SELL", "hash": "331079a548b76bd52f2822245b4614d01ed2d634", "best_bid": "0.18", "best_ask": "0.67"}], "timestamp": "1769384069727", "event_type": "price_change"}}
{"_local_timestamp": "2026-01-25T23:34:29.909433+00:00", "data": {"market": "0x075bcf678371a0eca1ace2b4f02e50d4de0988f681125d2c4d2dc40e6f0399e4", "price_changes": [{"asset_id": "37620797048389817881327185390019211177750201483753180268328239381247553652046", "price": "0.15", "size": "305.49", "side": "BUY", "hash": "41c97eb5cd436d593a895981a94e5673cbc273e7", "best_bid": "0.33", "best_ask": "0.82"}, {"asset_id": "44043083063635748160381310836270929809335612864286205545661695728400717697980", "price": "0.85", "size": "305.49", "side": "SELL", "hash": "8f0defc276c9c2ff750bb70dfb03f6a091072018", "best_bid": "0.18", "best_ask": "0.67"}], "timestamp": "1769384069729", "event_type": "price_change"}}
{"_local_timestamp": "2026-01-25T23:34:29.910851+00:00", "data": {"market": "0x075bcf678371a0eca1ace2b4f02e50d4de0988f681125d2c4d2dc40e6f0399e4", "price_changes": [{"asset_id": "44043083063635748160381310836270929809335612864286205545661695728400717697980", "price": "0.07", "size": "300", "side": "BUY", "hash": "8b286d8b22c60855ae4340a7fa3f4560a72553dd", "best_bid": "0.18", "best_ask": "0.67"}, {"asset_id": "37620797048389817881327185390019211177750201483753180268328239381247553652046", "price": "0.93", "size": "300", "side": "SELL", "hash": "7f40031b5998cd3d07e14387605abc9a83a07f60", "best_bid": "0.33", "best_ask": "0.82"}], "timestamp": "1769384069730", "event_type": "price_change"}}
{"_local_timestamp": "2026-01-25T23:34:29.911580+00:00", "data": {"market": "0x075bcf678371a0eca1ace2b4f02e50d4de0988f681125d2c4d2dc40e6f0399e4", "price_changes": [{"asset_id": "37620797048389817881327185390019211177750201483753180268328239381247553652046", "price": "0.19", "size": "75", "side": "BUY", "hash": "d08afbcc0e6d5a98c59bae36a27e8393b8a486ff", "best_bid": "0.33", "best_ask": "0.82"}, {"asset_id": "44043083063635748160381310836270929809335612864286205545661695728400717697980", "price": "0.81", "size": "75", "side": "SELL", "hash": "acbed1fda8d0e8ef4ccb88d6a30e0f661817c9a5", "best_bid": "0.18", "best_ask": "0.67"}], "timestamp": "1769384069732", "event_type": "price_change"}}
{"_local_timestamp": "2026-01-25T23:34:29.912109+00:00", "data": {"market": "0x075bcf678371a0eca1ace2b4f02e50d4de0988f681125d2c4d2dc40e6f0399e4", "price_changes": [{"asset_id": "44043083063635748160381310836270929809335612864286205545661695728400717697980", "price": "0.09", "size": "125", "side": "BUY", "hash": "fbd1e792ae17bd81d56a8edb6ae6fb94c2bd73f9", "best_bid": "0.18", "best_ask": "0.67"}, {"asset_id": "37620797048389817881327185390019211177750201483753180268328239381247553652046", "price": "0.91", "size": "125", "side": "SELL", "hash": "83dc35ae192a8c53a5c75517aa47faefea937763", "best_bid": "0.33", "best_ask": "0.82"}], "timestamp": "1769384069734", "event_type": "price_change"}}
{"_local_timestamp": "2026-01-25T23:34:29.912568+00:00", "data": {"market": "0x075bcf678371a0eca1ace2b4f02e50d4de0988f681125d2c4d2dc40e6f0399e4", "price_changes": [{"asset_id": "44043083063635748160381310836270929809335612864286205545661695728400717697980", "price": "0.08", "size": "362.5", "side": "BUY", "hash": "09741df7365fa941c80091cc813d7395094a0f26", "best_bid": "0.18", "best_ask": "0.67"}, {"asset_id": "37620797048389817881327185390019211177750201483753180268328239381247553652046", "price": "0.92", "size": "362.5", "side": "SELL", "hash": "8dcc0cebacf50b7ab940b312f4265b9355f184b1", "best_bid": "0.33", "best_ask": "0.82"}], "timestamp": "1769384069735", "event_type": "price_change"}}
{"_local_timestamp": "2026-01-25T23:34:29.913080+00:00", "data": {"market": "0x075bcf678371a0eca1ace2b4f02e50d4de0988f681125d2c4d2dc40e6f0399e4", "price_changes": [{"asset_id": "44043083063635748160381310836270929809335612864286205545661695728400717697980", "price": "0.1", "size": "185", "side": "BUY", "hash": "50e624b064adf0a37ee10ce6862e306dc455a115", "best_bid": "0.18", "best_ask": "0.67"}, {"asset_id": "37620797048389817881327185390019211177750201483753180268328239381247553652046", "price": "0.9", "size": "185", "side": "SELL", "hash": "e4771cc4c6a5ddc701f7e0ae2ba56368ca515bb6", "best_bid": "0.33", "best_ask": "0.82"}], "timestamp": "1769384069737", "event_type": "price_change"}}
{"_local_timestamp": "2026-01-25T23:34:29.914250+00:00", "data": {"market": "0x075bcf678371a0eca1ace2b4f02e50d4de0988f681125d2c4d2dc40e6f0399e4", "price_changes": [{"asset_id": "37620797048389817881327185390019211177750201483753180268328239381247553652046", "price": "0.16", "size": "268.75", "side": "BUY", "hash": "159181ac3e7b72ee9eaaa287ce7047a3093e25bb", "best_bid": "0.33", "best_ask": "0.82"}, {"asset_id": "44043083063635748160381310836270929809335612864286205545661695728400717697980", "price": "0.84", "size": "268.75", "side": "SELL", "hash": "13832b9391307ea0fe402ceff10ca0219dd0f5ce", "best_bid": "0.18", "best_ask": "0.67"}], "timestamp": "1769384069739", "event_type": "price_change"}}
{"_local_timestamp": "2026-01-25T23:34:30.319174+00:00", "data": {"market": "0x075bcf678371a0eca1ace2b4f02e50d4de0988f681125d2c4d2dc40e6f0399e4", "price_changes": [{"asset_id": "37620797048389817881327185390019211177750201483753180268328239381247553652046", "price": "0.34", "size": "150", "side": "BUY", "hash": "c3e020beff10f11d80f5b4265aa0791e3eac82b2", "best_bid": "0.34", "best_ask": "0.82"}, {"asset_id": "44043083063635748160381310836270929809335612864286205545661695728400717697980", "price": "0.66", "size": "150", "side": "SELL", "hash": "1a3aaa2e98982d3c98a902aee43405f1c2628b95", "best_bid": "0.18", "best_ask": "0.66"}], "timestamp": "1769384070143", "event_type": "price_change"}}
{"_local_timestamp": "2026-01-25T23:34:30.320903+00:00", "data": {"market": "0xe84eca57bd45badc67bc03e45f1572d9b7cb54c99f439cab8d1f5a8f706ed5aa", "price_changes": [{"asset_id": "57604927680313565537024476609266309679605748393322698936584890001973886141363", "price": "0.32", "size": "150", "side": "BUY", "hash": "9e818c97bad19cee2a498875015d29a79e52f710", "best_bid": "0.32", "best_ask": "0.82"}, {"asset_id": "40914385129726617553295008292757296803187090422865409939820153761951336447592", "price": "0.68", "size": "150", "side": "SELL", "hash": "e9c956af71bc0f3c0519cdd7928bc060d908bbe0", "best_bid": "0.18", "best_ask": "0.68"}], "timestamp": "1769384070144", "event_type": "price_change"}}
{"_local_timestamp": "2026-01-25T23:34:30.323022+00:00", "data": {"market": "0x4a8759d2d875be9b0e249c7b1a3d3d49dc900e4284d9737a129cbc4e87d7da71", "price_changes": [{"asset_id": "7067416833910504014055125845884236381326744632778703622549349924849000358827", "price": "0.33", "size": "150", "side": "BUY", "hash": "5a3f8ca58efb574693a8cdc412ca313fdab4ed0d", "best_bid": "0.33", "best_ask": "0.65"}, {"asset_id": "68613822600760797550354490673418846729952358124298380004368114705765533299136", "price": "0.67", "size": "150", "side": "SELL", "hash": "17b506c9345cec36cf231732e619b79cb0c81366", "best_bid": "0.35", "best_ask": "0.67"}], "timestamp": "1769384070144", "event_type": "price_change"}}
{"_local_timestamp": "2026-01-25T23:34:30.325463+00:00", "data": {"market": "0x075bcf678371a0eca1ace2b4f02e50d4de0988f681125d2c4d2dc40e6f0399e4", "price_changes": [{"asset_id": "44043083063635748160381310836270929809335612864286205545661695728400717697980", "price": "0.19", "size": "150", "side": "BUY", "hash": "de4ff75c90d1ed576c5beb9eb8580767159c3813", "best_bid": "0.19", "best_ask": "0.66"}, {"asset_id": "37620797048389817881327185390019211177750201483753180268328239381247553652046", "price": "0.81", "size": "150", "side": "SELL", "hash": "02684d5dcc6fd5307cc7be4174aac19d4e13641e", "best_bid": "0.34", "best_ask": "0.81"}], "timestamp": "1769384070144", "event_type": "price_change"}}
