{"_local_timestamp": "2026-01-25T23:41:24.392139+00:00", "data": [{"market": "0xc2e942d36f7ed9b71b0a90e9afd2a4c0465bea9d4a88f1a48a84fa0ff7e61592", "asset_id": "59310602456233407315205342245041921442570239920247738607164461989926759379992", "timestamp": "1769382587020", "hash": "14e886251d45d6958f4ad7b7c46605c484f3474b", "bids": [{"price": "0.01", "size": "572.04"}, {"price": "0.02", "size": "160.48"}, {"price": "0.03", "size": "85.65"}, {"price": "0.04", "size": "14.72"}], "asks": [{"price": "0.99", "size": "550"}, {"price": "0.98", "size": "325"}], "event_type": "book", "last_trade_price": ""}, {"market": "0xc2e942d36f7ed9b71b0a90e9afd2a4c0465bea9d4a88f1a48a84fa0ff7e61592", "asset_id": "68370998043756344235557399375837211359899718208126771318339962195152659478972", "timestamp": "1769382587020", "hash": "8efd2d93f834d987fa5ff58d32874a4cd229e2d9", "bids": [{"price": "0.01", "size": "550"}, {"price": "0.02", "size": "325"}], "asks": [{"price": "0.99", "size": "572.04"}, {"price": "0.98", "size": "160.48"}, {"price": "0.97", "size": "85.65"}, {"price": "0.96", "size": "14.72"}], "event_type": "book", "last_trade_price": ""}, {"market": "0x264cae45eef5575b238f4b607439923d7f802477892faed2b78413c4421a715b", "asset_id": "91865246915403048562733967138079577011347423286373944658040643206435643128908", "timestamp": "1769382484885", "hash": "a15a33720881596b8e77fe8ab672cfdc63af0520", "bids": [{"price": "0.01", "size": "572.04"}, {"price": "0.02", "size": "160.48"}, {"price": "0.03", "size": "85.65"}, {"price": "0.04", "size": "14.72"}], "asks": [{"price": "0.99", "size": "550"}, {"price": "0.98", "size": "325"}], "event_type": "book", "last_trade_price": ""}, {"market": "0x2600ac614632d7d28444e896d4735dca8b1cacaa6a157ebf05d9b27992e72a5f", "asset_id": "37861140571827039836936284494186285936036928896149315737762813382691136881683", "timestamp": "1769382484900", "hash": "59891ebb8067cf724121a65cd0a61c05c17e53bc", "bids": [{"price": "0.01", "size": "550"}, {"price": "0.02", "size": "325"}], "asks": [{"price": "0.99", "size": "572.04"}, {"price": "0.98", "size": "160.48"}, {"price": "0.97", "size": "85.65"}, {"price": "0.96", "size": "14.72"}], "event_type": "book", "last_trade_price": ""}, {"market": "0xb8283d47424b765234829746438c6e02e42077d9d64367f3ebf6f20b38b40d2f", "asset_id": "84280113851159629856382766832736450951175506173985418041388962925107802598534", "timestamp": "1769382483686", "hash": "274b8c0f00740636e827357300d7186b7f4c07d5", "bids": [{"price": "0.01", "size": "550"}, {"price": "0.02", "size": "325"}], "asks": [{"price": "0.99", "size": "572.04"}, {"price": "0.98", "size": "160.48"}, {"price": "0.97", "size": "85.65"}, {"price": "0.96", "size": "14.72"}], "event_type": "book", "last_trade_price": ""}, {"market": "0x264cae45eef5575b238f4b607439923d7f802477892faed2b78413c4421a715b", "asset_id": "55648730430031605794800416980288901880170491596728404264634590344289861083841", "timestamp": "1769382484885", "hash": "4c549ae38a98f1cb14995c2203c96108eb25aff3", "bids": [{"price": "0.01", "size": "550"}, {"price": "0.02", "size": "325"}], "asks": [{"price": "0.99", "size": "572.04"}, {"price": "0.98", "size": "160.48"}, {"price": "0.97", "size": "85.65"}, {"price": "0.96", "size": "14.72"}], "event_type": "book", "last_trade_price": ""}, {"market": "0x9e0bc82013962fe0a2ddfb1463686d287ccc6364e21b8deb63c77c6a5d02421b", "asset_id": "93976553290812700383391685195131593321251417704577739300931863276405223723321", "timestamp": "1769382484889", "hash": "c1155db2e1ab75947606c012099353edf5e03fc7", "bids": [{"price": "0.01", "size": "714.79"}, {"price": "0.02", "size": "157.03"}, {"price": "0.03", "size": "12.74"}, {"price": "0.04", "size": "95"}, {"price": "0.05", "size": "60"}, {"price": "0.06", "size": "38.48"}], "asks": [{"price": "0.99", "size": "714.79"}, {"price": "0.98", "size": "157.03"}, {"price": "0.97", "size": "12.74"}, {"price": "0.95", "size": "128"}, {"price": "0.94", "size": "43.95"}], "event_type": "book", "last_trade_price": ""}, {"market": "0x2600ac614632d7d28444e896d4735dca8b1cacaa6a157ebf05d9b27992e72a5f", "asset_id": "49942283743782571432363808124001026849783591135874122328235714285216053884088", "timestamp": "1769382484900", "hash": "27f7a5c573097b5876caadce43ecdd46726a5b96", "bids": [{"price": "0.01", "size": "572.04"}, {"price": "0.02", "size": "160.48"}, {"price": "0.03", "size": "85.65"}, {"price": "0.04", "size": "14.72"}], "asks": [{"price": "0.99", "size": "550"}, {"price": "0.98", "size": "325"}], "event_type": "book", "last_trade_price": ""}, {"market": "0xb8283d47424b765234829746438c6e02e42077d9d64367f3ebf6f20b38b40d2f", "asset_id": "79950996551343343759088807242739240013286765091757205402951765057346993283169", "timestamp": "1769382483686", "hash": "fadae97ce58af6543bf9de69318978e9d7ca4745", "bids": [{"price": "0.01", "size": "572.04"}, {"price": "0.02", "size": "160.48"}, {"price": "0.03", "size": "85.65"}, {"price": "0.04", "size": "14.72"}], "asks": [{"price": "0.99", "size": "550"}, {"price": "0.98", "size": "325"}], "event_type": "book", "last_trade_price": ""}, {"market": "0x9e0bc82013962fe0a2ddfb1463686d287ccc6364e21b8deb63c77c6a5d02421b", "asset_id": "38242566786674620678794903334735238175786061002014733732783533940092759554721", "timestamp": "1769382484889", "hash": "2885ddff2e396ec879ecabba5731231c810604f7", "bids": [{"price": "0.01", "size": "714.79"}, {"price": "0.02", "size": "157.03"}, {"price": "0.03", "size": "12.74"}, {"price": "0.05", "size": "128"}, {"price": "0.06", "size": "43.95"}], "asks": [{"price": "0.99", "size": "714.79"}, {"price": "0.98", "size": "157.03"}, {"price": "0.97", "size": "12.74"}, {"price": "0.96", "size": "95"}, {"price": "0.95", "size": "60"}, {"price": "0.94", "size": "38.48"}], "event_type": "book", "last_trade_price": ""}]}
