{"_local_timestamp": "2026-01-25T23:33:58.915826+00:00", "data": [{"market": "0x227d7a7faaef7c73838d6b385aaffce4f8b023efbf5902aec88071b6bddd68ce", "asset_id": "103742587221266679947449485721627576058056948090876569768164080402461307076435", "timestamp": "1769382745051", "hash": "935181a6a411f2571168ffbbc94566e4df6217e3", "bids": [{"price": "0.01", "size": "262.54"}, {"price": "0.02", "size": "156.05"}, {"price": "0.03", "size": "6.76"}, {"price": "0.05", "size": "30"}, {"price": "0.06", "size": "11.01"}, {"price": "0.08", "size": "300"}, {"price": "0.09", "size": "261.11"}, {"price": "0.1", "size": "200"}, {"price": "0.12", "size": "108.33"}, {"price": "0.13", "size": "54"}, {"price": "0.14", "size": "164.35"}, {"price": "0.25", "size": "10"}], "asks": [{"price": "0.99", "size": "267.5"}, {"price": "0.98", "size": "150"}, {"price": "0.97", "size": "621.94"}, {"price": "0.96", "size": "300"}, {"price": "0.95", "size": "361.66"}, {"price": "0.94", "size": "75"}, {"price": "0.93", "size": "5.47"}, {"price": "0.92", "size": "74"}, {"price": "0.91", "size": "20"}, {"price": "0.9", "size": "56"}], "event_type": "book", "last_trade_price": ""}, {"market": "0x54a1048a465ee6cbb407e0df9a477bc58d84524807232f013217e1551f05ae61", "asset_id": "63644961166269872243700757497379127635704534217797412452382150793716971716076", "timestamp": "1769383260541", "hash": "82a3cb6726532007aef064adac6fd09e5cdd797f", "bids": [{"price": "0.01", "size": "356.5"}, {"price": "0.02", "size": "150"}, {"price": "0.03", "size": "621.94"}, {"price": "0.04", "size": "300"}, {"price": "0.05", "size": "361.66"}, {"price": "0.06", "size": "75"}, {"price": "0.07", "size": "5.47"}, {"price": "0.08", "size": "74"}, {"price": "0.09", "size": "20"}, {"price": "0.1", "size": "60"}], "asks": [{"price": "0.99", "size": "351.54"}, {"price": "0.98", "size": "156.05"}, {"price": "0.97", "size": "8.13"}, {"price": "0.96", "size": "8.22"}, {"price": "0.95", "size": "30"}, {"price": "0.94", "size": "91.66"}, {"price": "0.93", "size": "7.42"}, {"price": "0.92", "size": "300"}, {"price": "0.91", "size": "200"}, {"price": "0.9", "size": "200"}, {"price": "0.89", "size": "118.18"}, {"price": "0.88", "size": "5.51"}, {"price": "0.87", "size": "70"}, {"price": "0.86", "size": "158"}, {"price": "0.82", "size": "10"}, {"price": "0.81", "size": "39"}], "event_type": "book", "last_trade_price": ""}, {"market": "0x5e78e38b1e7b140d5b12fc87092748ba6e01061f49b21584c6c106129de397dc", "asset_id": "42085828179862607095117578132833983280511418653984874807547823150223094103735", "timestamp": "1769383260542", "hash": "b3c786e04b8dffe8aacb682e433c2a3c7814158e", "bids": [{"price": "0.01", "size": "356.5"}, {"price": "0.02", "size": "150"}, {"price": "0.03", "size": "621.94"}, {"price": "0.04", "size": "300"}, {"price": "0.05", "size": "361.66"}, {"price": "0.06", "size": "75"}, {"price": "0.07", "size": "55.47"}, {"price": "0.09", "size": "20"}, {"price": "0.1", "size": "60"}], "asks": [{"price": "0.99", "size": "351.51"}, {"price": "0.98", "size": "156.05"}, {"price": "0.97", "size": "14.69"}, {"price": "0.95", "size": "30"}, {"price": "0.94", "size": "91.66"}, {"price": "0.93", "size": "7.14"}, {"price": "0.92", "size": "300"}, {"price": "0.91", "size": "200"}, {"price": "0.9", "size": "200"}, {"price": "0.88", "size": "108.33"}, {"price": "0.87", "size": "54"}, {"price": "0.86", "size": "163.8"}, {"price": "0.75", "size": "10"}], "event_type": "book", "last_trade_price": ""}, {"market": "0x227d7a7faaef7c73838d6b385aaffce4f8b023efbf5902aec88071b6bddd68ce", "asset_id": "65222912135775997020781570981097598645600311242457958194921347438831506238673", "timestamp": "1769382745051", "hash": "5e4a0852e3fa3f198f022b0ac15870555bb3b0ea", "bids": [{"price": "0.01", "size": "267.5"}, {"price": "0.02", "size": "150"}, {"price": "0.03", "size": "621.94"}, {"price": "0.04", "size": "300"}, {"price": "0.05", "size": "361.66"}, {"price": "0.06", "size": "75"}, {"price": "0.07", "size": "5.47"}, {"price": "0.08", "size": "74"}, {"price": "0.09", "size": "20"}, {"price": "0.1", "size": "56"}], "asks": [{"price": "0.99", "size": "262.54"}, {"price": "0.98", "size": "156.05"}, {"price": "0.97", "size": "6.76"}, {"price": "0.95", "size": "30"}, {"price": "0.94", "size": "11.01"}, {"price": "0.92", "size": "300"}, {"price": "0.91", "size": "261.11"}, {"price": "0.9", "size": "200"}, {"price": "0.88", "size": "108.33"}, {"price": "0.87", "size": "54"}, {"price": "0.86", "size": "164.35"}, {"price": "0.75", "size": "10"}], "event_type": "book", "last_trade_price": ""}, {"market": "0x54a1048a465ee6cbb407e0df9a477bc58d84524807232f013217e1551f05ae61", "asset_id": "9249921566366993003783313001084535885572230764572860889651230379639534340476", "timestamp": "1769383260541", "hash": "eed05e60efe02ae6be18e9cb96018b6dc40e2787", "bids": [{"price": "0.01", "size": "351.54"}, {"price": "0.02", "size": "156.05"}, {"price": "0.03", "size": "8.13"}, {"price": "0.04", "size": "8.22"}, {"price": "0.05", "size": "30"}, {"price": "0.06", "size": "91.66"}, {"price": "0.07", "size": "7.42"}, {"price": "0.08", "size": "300"}, {"price": "0.09", "size": "200"}, {"price": "0.1", "size": "200"}, {"price": "0.11", "size": "118.18"}, {"price": "0.12", "size": "5.51"}, {"price": "0.13", "size": "70"}, {"price": "0.14", "size": "158"}, {"price": "0.18", "size": "10"}, {"price": "0.19", "size": "39"}], "asks": [{"price": "0.99", "size": "356.5"}, {"price": "0.98", "size": "150"}, {"price": "0.97", "size": "621.94"}, {"price": "0.96", "size": "300"}, {"price": "0.95", "size": "361.66"}, {"price": "0.94", "size": "75"}, {"price": "0.93", "size": "5.47"}, {"price": "0.92", "size": "74"}, {"price": "0.91", "size": "20"}, {"price": "0.9", "size": "60"}], "event_type": "book", "last_trade_price": ""}, {"market": "0x5e78e38b1e7b140d5b12fc87092748ba6e01061f49b21584c6c106129de397dc", "asset_id": "19868620111874623932953569382915233144988948245505180337458369083515564648815", "timestamp": "1769383260542", "hash": "6f326b219e420319050a9108b836c2c35f82f285", "bids": [{"price": "0.01", "size": "351.51"}, {"price": "0.02", "size": "156.05"}, {"price": "0.03", "size": "14.69"}, {"price": "0.05", "size": "30"}, {"price": "0.06", "size": "91.66"}, {"price": "0.07", "size": "7.14"}, {"price": "0.08", "size": "300"}, {"price": "0.09", "size": "200"}, {"price": "0.1", "size": "200"}, {"price": "0.12", "size": "108.33"}, {"price": "0.13", "size": "54"}, {"price": "0.14", "size": "163.8"}, {"price": "0.25", "size": "10"}], "asks": [{"price": "0.99", "size": "356.5"}, {"price": "0.98", "size": "150"}, {"price": "0.97", "size": "621.94"}, {"price": "0.96", "size": "300"}, {"price": "0.95", "size": "361.66"}, {"price": "0.94", "size": "75"}, {"price": "0.93", "size": "55.47"}, {"price": "0.91", "size": "20"}, {"price": "0.9", "size": "60"}], "event_type": "book", "last_trade_price": ""}]}
{"_local_timestamp": "2026-01-25T23:34:05.436543+00:00", "data": {"market": "0x227d7a7faaef7c73838d6b385aaffce4f8b023efbf5902aec88071b6bddd68ce", "price_changes": [{"asset_id": "103742587221266679947449485721627576058056948090876569768164080402461307076435", "price": "0.14", "size": "158", "side": "BUY", "hash": "29c42cab31ee465f624e75a9bf9cc01aca9f2d69", "best_bid": "0.25", "best_ask": "0.9"}, {"asset_id": "65222912135775997020781570981097598645600311242457958194921347438831506238673", "price": "0.86", "size": "158", "side": "SELL", "hash": "a0f0ced8db424a4044948aa61462ce23d0101a94", "best_bid": "0.1", "best_ask": "0.75"}], "timestamp": "1769384045364", "event_type": "price_change"}}
{"_local_timestamp": "2026-01-25T23:34:05.437144+00:00", "data": {"market": "0x54a1048a465ee6cbb407e0df9a477bc58d84524807232f013217e1551f05ae61", "price_changes": [{"asset_id": "9249921566366993003783313001084535885572230764572860889651230379639534340476", "price": "0.04", "size": "0", "side": "BUY", "hash": "23104204a0d60569d6238eb21dfc444f05d350c5", "best_bid": "0.19", "best_ask": "0.9"}, {"asset_id": "63644961166269872243700757497379127635704534217797412452382150793716971716076", "price": "0.96", "size": "0", "side": "SELL", "hash": "0fa69e925364449d728c3341d6a5cc7a91ca8528", "best_bid": "0.1", "best_ask": "0.81"}], "timestamp": "1769384045364", "event_type": "price_change"}}
{"_local_timestamp": "2026-01-25T23:34:07.098278+00:00", "data": {"market": "0x227d7a7faaef7c73838d6b385aaffce4f8b023efbf5902aec88071b6bddd68ce", "price_changes": [{"asset_id": "103742587221266679947449485721627576058056948090876569768164080402461307076435", "price": "0.14", "size": "164.35", "side": "BUY", "hash": "4f2d4372d77c546767b35a12c036e2df673a1e04", "best_bid": "0.25", "best_ask": "0.9"}, {"asset_id": "65222912135775997020781570981097598645600311242457958194921347438831506238673", "price": "0.86", "size": "164.35", "side": "SELL", "hash": "73c3afff1e095bf97b663117e27ffa1424cf0402", "best_bid": "0.1", "best_ask": "0.75"}], "timestamp": "1769384047011", "event_type": "price_change"}}
{"_local_timestamp": "2026-01-25T23:34:07.101570+00:00", "data": {"market": "0x54a1048a465ee6cbb407e0df9a477bc58d84524807232f013217e1551f05ae61", "price_changes": [{"asset_id": "9249921566366993003783313001084535885572230764572860889651230379639534340476", "price": "0.03", "size": "19.1", "side": "BUY", "hash": "86d5e94c7a26d5c8d6b2111a3c410fc11683136f", "best_bid": "0.19", "best_ask": "0.9"}, {"asset_id": "63644961166269872243700757497379127635704534217797412452382150793716971716076", "price": "0.97", "size": "19.1", "side": "SELL", "hash": "c40ea8e3c7840b810f2f31b7cbb68d5dfa24fc78", "best_bid": "0.1", "best_ask": "0.81"}], "timestamp": "1769384047011", "event_type": "price_change"}}
