{"_local_timestamp": "2026-01-25T23:33:45.267602+00:00", "data": [{"market": "0xf5f1da6b4e154877efc4f17f4bab1048eb4cc16e92fc61e2f97b0c4f8e49e938", "asset_id": "69103578602577506445128884144969758220407685799853106314819017171186286635199", "timestamp": "1769383855359", "hash": "9afdabee9141cd7826d313f1259076ab058c6e69", "bids": [{"price": "0.01", "size": "131.09"}, {"price": "0.02", "size": "300"}, {"price": "0.03", "size": "406.36"}, {"price": "0.05", "size": "10"}, {"price": "0.06", "size": "40"}, {"price": "0.07", "size": "10.67"}, {"price": "0.08", "size": "462.5"}, {"price": "0.09", "size": "61.11"}, {"price": "0.11", "size": "73"}, {"price": "0.17", "size": "10"}, {"price": "0.18", "size": "150"}], "asks": [{"price": "0.99", "size": "125.91"}, {"price": "0.98", "size": "708.94"}, {"price": "0.97", "size": "8.22"}, {"price": "0.96", "size": "9.85"}, {"price": "0.95", "size": "30"}, {"price": "0.94", "size": "333"}, {"price": "0.93", "size": "200"}, {"price": "0.92", "size": "500"}, {"price": "0.91", "size": "11.9"}, {"price": "0.83", "size": "76.47"}, {"price": "0.82", "size": "38"}, {"price": "0.81", "size": "57.89"}, {"price": "0.68", "size": "10"}, {"price": "0.67", "size": "150"}], "event_type": "book", "last_trade_price": ""}, {"market": "0xf5f1da6b4e154877efc4f17f4bab1048eb4cc16e92fc61e2f97b0c4f8e49e938", "asset_id": "63815437350843670858589643246383750933010151607978271815924624456575230269248", "timestamp": "1769383855359", "hash": "e3dd5a84761a24d8c9beac94e955d82480b129ef", "bids": [{"price": "0.01", "size": "125.91"}, {"price": "0.02", "size": "708.94"}, {"price": "0.03", "size": "8.22"}, {"price": "0.04", "size": "9.85"}, {"price": "0.05", "size": "30"}, {"price": "0.06", "size": "333"}, {"price": "0.07", "size": "200"}, {"price": "0.08", "size": "500"}, {"price": "0.09", "size": "11.9"}, {"price": "0.17", "size": "76.47"}, {"price": "0.18", "size": "38"}, {"price": "0.19", "size": "57.89"}, {"price": "0.32", "size": "10"}, {"price": "0.33", "size": "150"}], "asks": [{"price": "0.99", "size": "131.09"}, {"price": "0.98", "size": "300"}, {"price": "0.97", "size": "406.36"}, {"price": "0.95", "size": "10"}, {"price": "0.94", "size": "40"}, {"price": "0.93", "size": "10.67"}, {"price": "0.92", "size": "462.5"}, {"price": "0.91", "size": "61.11"}, {"price": "0.89", "size": "73"}, {"price": "0.83", "size": "10"}, {"price": "0.82", "size": "150"}], "event_type": "book", "last_trade_price": ""}, {"market": "0x9b0fd1a525b7f5c8c4ce05bd29c3cdc0918a199818a499ced9441b25232abfd6", "asset_id": "28503009987019343485309232594198559023441239825108348608134465045789169845902", "timestamp": "1769383855359", "hash": "50bfff09e1429f6c22d4d6bd5d65dc912c57bf9f", "bids": [{"price": "0.01", "size": "1034.32"}, {"price": "0.02", "size": "25.17"}, {"price": "0.04", "size": "1000"}, {"price": "0.05", "size": "355"}, {"price": "0.06", "size": "108"}, {"price": "0.07", "size": "8.24"}, {"price": "0.12", "size": "208.33"}, {"price": "0.14", "size": "78.57"}, {"price": "0.15", "size": "46.31"}, {"price": "0.16", "size": "8.5"}, {"price": "0.17", "size": "5.88"}, {"price": "0.28", "size": "10"}, {"price": "0.29", "size": "150"}], "asks": [{"price": "0.99", "size": "1027"}, {"price": "0.98", "size": "9.3"}, {"price": "0.96", "size": "1200"}, {"price": "0.95", "size": "230"}, {"price": "0.94", "size": "40"}, {"price": "0.93", "size": "6.86"}, {"price": "0.9", "size": "400"}, {"price": "0.83", "size": "76.47"}, {"price": "0.82", "size": "38"}, {"price": "0.81", "size": "57.89"}, {"price": "0.8", "size": "8.5"}, {"price": "0.67", "size": "10"}, {"price": "0.66", "size": "150"}], "event_type": "book", "last_trade_price": ""}, {"market": "0xabc298cc3b8f2f71e5b5fac93c143511febd8881a8789477649d16799628fd22", "asset_id": "69416253506612672665445917464735860963819479446257172285288784162224167788583", "timestamp": "1769384020313", "hash": "20b935d9575e4f9667743a1ea5bddfbefd61b258", "bids": [{"price": "0.01", "size": "1042.36"}, {"price": "0.02", "size": "700"}, {"price": "0.03", "size": "14.99"}, {"price": "0.05", "size": "30"}, {"price": "0.06", "size": "33"}, {"price": "0.07", "size": "300"}, {"price": "0.08", "size": "631.33"}, {"price": "0.09", "size": "75"}, {"price": "0.14", "size": "92.85"}, {"price": "0.15", "size": "5.6"}, {"price": "0.16", "size": "68.75"}, {"price": "0.17", "size": "34"}, {"price": "0.18", "size": "8.5"}, {"price": "0.32", "size": "10"}, {"price": "0.33", "size": "150"}], "asks": [{"price": "0.99", "size": "1036.77"}, {"price": "0.98", "size": "700"}, {"price": "0.97", "size": "5.61"}, {"price": "0.95", "size": "10"}, {"price": "0.94", "size": "40"}, {"price": "0.93", "size": "11.19"}, {"price": "0.92", "size": "462.5"}, {"price": "0.91", "size": "61.11"}, {"price": "0.87", "size": "62"}, {"price": "0.81", "size": "10"}, {"price": "0.79", "size": "8.5"}, {"price": "0.78", "size": "150"}], "event_type": "book", "last_trade_price": ""}, {"market": "0x9b0fd1a525b7f5c8c4ce05bd29c3cdc0918a199818a499ced9441b25232abfd6", "asset_id": "36834864503550793459212222243452202031650171378978923530338545665508485984256", "timestamp": "1769383855359", "hash": "84e2caf0c8c0bbe5fd7495f7b76c91c45d160dbe", "bids": [{"price": "0.01", "size": "1027"}, {"price": "0.02", "size": "9.3"}, {"price": "0.04", "size": "1200"}, {"price": "0.05", "size": "230"}, {"price": "0.06", "size": "40"}, {"price": "0.07", "size": "6.86"}, {"price": "0.1", "size": "400"}, {"price": "0.17", "size": "76.47"}, {"price": "0.18", "size": "38"}, {"price": "0.19", "size": "57.89"}, {"price": "0.2", "size": "8.5"}, {"price": "0.33", "size": "10"}, {"price": "0.34", "size": "150"}], "asks": [{"price": "0.99", "size": "1034.32"}, {"price": "0.98", "size": "25.17"}, {"price": "0.96", "size": "1000"}, {"price": "0.95", "size": "355"}, {"price": "0.94", "size": "108"}, {"price": "0.93", "size": "8.24"}, {"price": "0.88", "size": "208.33"}, {"price": "0.86", "size": "78.57"}, {"price": "0.85", "size": "46.31"}, {"price": "0.84", "size": "8.5"}, {"price": "0.83", "size": "5.88"}, {"price": "0.72", "size": "10"}, {"price": "0.71", "size": "150"}], "event_type": "book", "last_trade_price": ""}, {"market": "0xabc298cc3b8f2f71e5b5fac93c143511febd8881a8789477649d16799628fd22", "asset_id": "103484252200720329038183287117844612461976965767900045310070621317188250923489", "timestamp": "1769384020313", "hash": "17d1b7e4bd5f445a823394b0610ce02e229697f0", "bids": [{"price": "0.01", "size": "1036.77"}, {"price": "0.02", "size": "700"}, {"price": "0.03", "size": "5.61"}, {"price": "0.05", "size": "10"}, {"price": "0.06", "size": "40"}, {"price": "0.07", "size": "11.19"}, {"price": "0.08", "size": "462.5"}, {"price": "0.09", "size": "61.11"}, {"price": "0.13", "size": "62"}, {"price": "0.19", "size": "10"}, {"price": "0.21", "size": "8.5"}, {"price": "0.22", "size": "150"}], "asks": [{"price": "0.99", "size": "1042.36"}, {"price": "0.98", "size": "700"}, {"price": "0.97", "size": "14.99"}, {"price": "0.95", "size": "30"}, {"price": "0.94", "size": "33"}, {"price": "0.93", "size": "300"}, {"price": "0.92", "size": "631.33"}, {"price": "0.91", "size": "75"}, {"price": "0.86", "size": "92.85"}, {"price": "0.85", "size": "5.6"}, {"price": "0.84", "size": "68.75"}, {"price": "0.83", "size": "34"}, {"price": "0.82", "size": "8.5"}, {"price": "0.68", "size": "10"}, {"price": "0.67", "size": "150"}], "event_type": "book", "last_trade_price": ""}]}
{"_local_timestamp": "2026-01-25T23:33:46.524570+00:00", "data": {"market": "0xabc298cc3b8f2f71e5b5fac93c143511febd8881a8789477649d16799628fd22", "price_changes": [{"asset_id": "69416253506612672665445917464735860963819479446257172285288784162224167788583", "price": "0.18", "size": "0", "side": "BUY", "hash": "f35291bdd0c08875136e770646cd84b537049a4a", "best_bid": "0.33", "best_ask": "0.78"}, {"asset_id": "103484252200720329038183287117844612461976965767900045310070621317188250923489", "price": "0.82", "size": "0", "side": "SELL", "hash": "4a458a082480297fda51cec2af390696559a7f1a", "best_bid": "0.22", "best_ask": "0.67"}], "timestamp": "1769384026453", "event_type": "price_change"}}
{"_local_timestamp": "2026-01-25T23:33:46.527221+00:00", "data": {"market": "0xabc298cc3b8f2f71e5b5fac93c143511febd8881a8789477649d16799628fd22", "price_changes": [{"asset_id": "103484252200720329038183287117844612461976965767900045310070621317188250923489", "price": "0.21", "size": "0", "side": "BUY", "hash": "1e51bc4589add8d3760eec5df2b0e4bb3061e646", "best_bid": "0.22", "best_ask": "0.67"}, {"asset_id": "69416253506612672665445917464735860963819479446257172285288784162224167788583", "price": "0.79", "size": "0", "side": "SELL", "hash": "3d31b95bf0c45df328a8593a93922343f1e2eb11", "best_bid": "0.33", "best_ask": "0.78"}], "timestamp": "1769384026453", "event_type": "price_change"}}
{"_local_timestamp": "2026-01-25T23:33:51.058535+00:00", "data": {"market": "0xabc298cc3b8f2f71e5b5fac93c143511febd8881a8789477649d16799628fd22", "price_changes": [{"asset_id": "103484252200720329038183287117844612461976965767900045310070621317188250923489", "price": "0.22", "size": "0", "side": "BUY", "hash": "65287e62367cbbe694e64187365f806e863f0ff3", "best_bid": "0.19", "best_ask": "0.67"}, {"asset_id": "69416253506612672665445917464735860963819479446257172285288784162224167788583", "price": "0.78", "size": "0", "side": "SELL", "hash": "be69990018e81a90cc2f087c0c8f3249aa7bb9e3", "best_bid": "0.33", "best_ask": "0.81"}], "timestamp": "1769384030988", "event_type": "price_change"}}
{"_local_timestamp": "2026-01-25T23:33:51.447825+00:00", "data": {"market": "0xabc298cc3b8f2f71e5b5fac93c143511febd8881a8789477649d16799628fd22", "price_changes": [{"asset_id": "103484252200720329038183287117844612461976965767900045310070621317188250923489", "price": "0.2", "size": "150", "side": "BUY", "hash": "2f9294c57d4768af4738ddf6462d2b0866d55c4f", "best_bid": "0.2", "best_ask": "0.67"}, {"asset_id": "69416253506612672665445917464735860963819479446257172285288784162224167788583", "price": "0.8", "size": "150", "side": "SELL", "hash": "dc7ee0d004f4cbcf16aa02e0ad63ed5c9c5c971f", "best_bid": "0.33", "best_ask": "0.8"}], "timestamp": "1769384031376", "event_type": "price_change"}}
{"_local_timestamp": "2026-01-25T23:33:58.324966+00:00", "data": {"market": "0xabc298cc3b8f2f71e5b5fac93c143511febd8881a8789477649d16799628fd22", "price_changes": [{"asset_id": "69416253506612672665445917464735860963819479446257172285288784162224167788583", "price": "0.18", "size": "8.5", "side": "BUY", "hash": "eb185c95b5c64d2f9e1f6047b77ca4d4b0a9ea4e", "best_bid": "0.33", "best_ask": "0.8"}, {"asset_id": "103484252200720329038183287117844612461976965767900045310070621317188250923489", "price": "0.82", "size": "8.5", "side": "SELL", "hash": "ce86a37e6513a16f1c892ea8c1ae1637e9864649", "best_bid": "0.2", "best_ask": "0.67"}], "timestamp": "1769384038238", "event_type": "price_change"}}
{"_local_timestamp": "2026-01-25T23:33:58.331755+00:00", "data": {"market": "0xabc298cc3b8f2f71e5b5fac93c143511febd8881a8789477649d16799628fd22", "price_changes": [{"asset_id": "103484252200720329038183287117844612461976965767900045310070621317188250923489", "price": "0.21", "size": "8.5", "side": "BUY", "hash": "e3ee10e4be5333599ad8d2ae15e4b8d434b3005c", "best_bid": "0.21", "best_ask": "0.67"}, {"asset_id": "69416253506612672665445917464735860963819479446257172285288784162224167788583", "price": "0.79", "size": "8.5", "side": "SELL", "hash": "78b267df26c4d5714113afaf74e5eb25224ea5fb", "best_bid": "0.33", "best_ask": "0.79"}], "timestamp": "1769384038239", "event_type": "price_change"}}
{"_local_timestamp": "2026-01-25T23:34:02.043549+00:00", "data": {"market": "0xabc298cc3b8f2f71e5b5fac93c143511febd8881a8789477649d16799628fd22", "price_changes": [{"asset_id": "103484252200720329038183287117844612461976965767900045310070621317188250923489", "price": "0.2", "size": "0", "side": "BUY", "hash": "6a3a984ef65783d6d0126f3ce43f5796543b9bf5", "best_bid": "0.21", "best_ask": "0.67"}, {"asset_id": "69416253506612672665445917464735860963819479446257172285288784162224167788583", "price": "0.8", "size": "0", "side": "SELL", "hash": "d70a129ebe93137d4813627f94895c12c63ee42e", "best_bid": "0.33", "best_ask": "0.79"}], "timestamp": "1769384041967", "event_type": "price_change"}}
{"_local_timestamp": "2026-01-25T23:34:02.385162+00:00", "data": {"market": "0xabc298cc3b8f2f71e5b5fac93c143511febd8881a8789477649d16799628fd22", "price_changes": [{"asset_id": "103484252200720329038183287117844612461976965767900045310070621317188250923489", "price": "0.22", "size": "150", "side": "BUY", "hash": "d3d1a2142bd2853d905771b9f9e4b07bc78b4922", "best_bid": "0.22", "best_ask": "0.67"}, {"asset_id": "69416253506612672665445917464735860963819479446257172285288784162224167788583", "price": "0.78", "size": "150", "side": "SELL", "hash": "daac320bcc568c0d50c89141731d21d309e11807", "best_bid": "0.33", "best_ask": "0.78"}], "timestamp": "1769384042311", "event_type": "price_change"}}
{"_local_timestamp": "2026-01-25T23:34:08.037447+00:00", "data": {"market": "0xabc298cc3b8f2f71e5b5fac93c143511febd8881a8789477649d16799628fd22", "price_changes": [{"asset_id": "103484252200720329038183287117844612461976965767900045310070621317188250923489", "price": "0.21", "size": "0", "side": "BUY", "hash": "ca91719c0cb440ad8fc182a4d9e9e80938facc2c", "best_bid": "0.22", "best_ask": "0.67"}, {"asset_id": "69416253506612672665445917464735860963819479446257172285288784162224167788583", "price": "0.79", "size": "0", "side": "SELL", "hash": "74d14fd7e2957ea8bf0e1107b327c893dd175dad", "best_bid": "0.33", "best_ask": "0.78"}], "timestamp": "1769384047942", "event_type": "price_change"}}
{"_local_timestamp": "2026-01-25T23:34:08.042009+00:00", "data": {"market": "0xabc298cc3b8f2f71e5b5fac93c143511febd8881a8789477649d16799628fd22", "price_changes": [{"asset_id": "69416253506612672665445917464735860963819479446257172285288784162224167788583", "price": "0.18", "size": "0", "side": "BUY", "hash": "6957bb702ca9feb209b2855682d30eb04c341330", "best_bid": "0.33", "best_ask": "0.78"}, {"asset_id": "103484252200720329038183287117844612461976965767900045310070621317188250923489", "price": "0.82", "size": "0", "side": "SELL", "hash": "51dea5884c53e4eed629d11d5a9398a22acd54fb", "best_bid": "0.22", "best_ask": "0.67"}], "timestamp": "1769384047942", "event_type": "price_change"}}
{"_local_timestamp": "2026-01-25T23:34:13.177615+00:00", "data": {"market": "0xabc298cc3b8f2f71e5b5fac93c143511febd8881a8789477649d16799628fd22", "price_changes": [{"asset_id": "103484252200720329038183287117844612461976965767900045310070621317188250923489", "price": "0.22", "size": "0", "side": "BUY", "hash": "1378c8517d644736913b4e34ad005180ab90e495", "best_bid": "0.19", "best_ask": "0.67"}, {"asset_id": "69416253506612672665445917464735860963819479446257172285288784162224167788583", "price": "0.78", "size": "0", "side": "SELL", "hash": "7e6899194a59cd91d6aae35314cf907e79716d65", "best_bid": "0.33", "best_ask": "0.81"}], "timestamp": "1769384053055", "event_type": "price_change"}}
{"_local_timestamp": "2026-01-25T23:34:13.552822+00:00", "data": {"market": "0xabc298cc3b8f2f71e5b5fac93c143511febd8881a8789477649d16799628fd22", "price_changes": [{"asset_id": "103484252200720329038183287117844612461976965767900045310070621317188250923489", "price": "0.2", "size": "150", "side": "BUY", "hash": "687baf25734dd88eb1a92b0e4c87cacb2bab4783", "best_bid": "0.2", "best_ask": "0.67"}, {"asset_id": "69416253506612672665445917464735860963819479446257172285288784162224167788583", "price": "0.8", "size": "150", "side": "SELL", "hash": "12f88b969ffce73c4c2444b6beb9144f7b927a7f", "best_bid": "0.33", "best_ask": "0.8"}], "timestamp": "1769384053370", "event_type": "price_change"}}
{"_local_timestamp": "2026-01-25T23:34:21.443294+00:00", "data": {"market": "0xabc298cc3b8f2f71e5b5fac93c143511febd8881a8789477649d16799628fd22", "price_changes": [{"asset_id": "69416253506612672665445917464735860963819479446257172285288784162224167788583", "price": "0.18", "size": "8.5", "side": "BUY", "hash": "89ba4224f1128a70324892aedc111133b88629f4", "best_bid": "0.33", "best_ask": "0.8"}, {"asset_id": "103484252200720329038183287117844612461976965767900045310070621317188250923489", "price": "0.82", "size": "8.5", "side": "SELL", "hash": "1374c0b411651621625ae2aa5843cc29bb67b78d", "best_bid": "0.2", "best_ask": "0.67"}], "timestamp": "1769384061347", "event_type": "price_change"}}
{"_local_timestamp": "2026-01-25T23:34:21.448069+00:00", "data": {"market": "0xabc298cc3b8f2f71e5b5fac93c143511febd8881a8789477649d16799628fd22", "price_changes": [{"asset_id": "103484252200720329038183287117844612461976965767900045310070621317188250923489", "price": "0.21", "size": "8.5", "side": "BUY", "hash": "81be4356ad033d0ea1481bbb53f9ee7e7499b66e", "best_bid": "0.21", "best_ask": "0.67"}, {"asset_id": "69416253506612672665445917464735860963819479446257172285288784162224167788583", "price": "0.79", "size": "8.5", "side": "SELL", "hash": "5d6876d99b9665f6c6105e28672fbf65b2d14412", "best_bid": "0.33", "best_ask": "0.79"}], "timestamp": "1769384061347", "event_type": "price_change"}}
{"_local_timestamp": "2026-01-25T23:34:23.948877+00:00", "data": {"market": "0xabc298cc3b8f2f71e5b5fac93c143511febd8881a8789477649d16799628fd22", "price_changes": [{"asset_id": "103484252200720329038183287117844612461976965767900045310070621317188250923489", "price": "0.2", "size": "0", "side": "BUY", "hash": "0944d730b20375bb7127f1ef7a79269b535f1192", "best_bid": "0.21", "best_ask": "0.67"}, {"asset_id": "69416253506612672665445917464735860963819479446257172285288784162224167788583", "price": "0.8", "size": "0", "side": "SELL", "hash": "6236f89e3e3ee97506d171f11d3f91a91a2748da", "best_bid": "0.33", "best_ask": "0.79"}], "timestamp": "1769384063868", "event_type": "price_change"}}
{"_local_timestamp": "2026-01-25T23:34:24.416407+00:00", "data": {"market": "0xabc298cc3b8f2f71e5b5fac93c143511febd8881a8789477649d16799628fd22", "price_changes": [{"asset_id": "103484252200720329038183287117844612461976965767900045310070621317188250923489", "price": "0.22", "size": "150", "side": "BUY", "hash": "5d28ce100ea591890042332b0d620d9b6fc6005e", "best_bid": "0.22", "best_ask": "0.67"}, {"asset_id": "69416253506612672665445917464735860963819479446257172285288784162224167788583", "price": "0.78", "size": "150", "side": "SELL", "hash": "764662c9b79b3f29cdaa2846fd58e328b304130b", "best_bid": "0.33", "best_ask": "0.78"}], "timestamp": "1769384064318", "event_type": "price_change"}}
{"_local_timestamp": "2026-01-25T23:34:29.521852+00:00", "data": {"market": "0xabc298cc3b8f2f71e5b5fac93c143511febd8881a8789477649d16799628fd22", "price_changes": [{"asset_id": "69416253506612672665445917464735860963819479446257172285288784162224167788583", "price": "0.18", "size": "0", "side": "BUY", "hash": "e303c93eb2a9d5e3fc0302061570c17cd055b127", "best_bid": "0.33", "best_ask": "0.78"}, {"asset_id": "103484252200720329038183287117844612461976965767900045310070621317188250923489", "price": "0.82", "size": "0", "side": "SELL", "hash": "8cc348e57f62f9703dba2f4ed0d8749b11b23586", "best_bid": "0.22", "best_ask": "0.67"}], "timestamp": "1769384069437", "event_type": "price_change"}}
{"_local_timestamp": "2026-01-25T23:34:29.533486+00:00", "data": {"market": "0xabc298cc3b8f2f71e5b5fac93c143511febd8881a8789477649d16799628fd22", "price_changes": [{"asset_id": "103484252200720329038183287117844612461976965767900045310070621317188250923489", "price": "0.21", "size": "0", "side": "BUY", "hash": "3356018408431364771810e10e5c73c577ed79c9", "best_bid": "0.22", "best_ask": "0.67"}, {"asset_id": "69416253506612672665445917464735860963819479446257172285288784162224167788583", "price": "0.79", "size": "0", "side": "SELL", "hash": "e46b40904575b2da70b5b9fae0eb8dce2ede7f58", "best_bid": "0.33", "best_ask": "0.78"}], "timestamp": "1769384069437", "event_type": "price_change"}}
{"_local_timestamp": "2026-01-25T23:34:32.886931+00:00", "data": {"market": "0xabc298cc3b8f2f71e5b5fac93c143511febd8881a8789477649d16799628fd22", "price_changes": [{"asset_id": "69416253506612672665445917464735860963819479446257172285288784162224167788583", "price": "0.33", "size": "189", "side": "BUY", "hash": "6fb6ed6e6512d0216573bab6ba91ea1853ed958d", "best_bid": "0.33", "best_ask": "0.78"}, {"asset_id": "103484252200720329038183287117844612461976965767900045310070621317188250923489", "price": "0.67", "size": "189", "side": "SELL", "hash": "a332bc3093a1ca1ca3128b8088005379021eefac", "best_bid": "0.22", "best_ask": "0.67"}], "timestamp": "1769384072816", "event_type": "price_change"}}
{"_local_timestamp": "2026-01-25T23:34:32.887498+00:00", "data": {"market": "0xf5f1da6b4e154877efc4f17f4bab1048eb4cc16e92fc61e2f97b0c4f8e49e938", "price_changes": [{"asset_id": "63815437350843670858589643246383750933010151607978271815924624456575230269248", "price": "0.33", "size": "229", "side": "BUY", "hash": "ef61dc4d88ad759cf192c2879ea41b2f843fb71a", "best_bid": "0.33", "best_ask": "0.82"}, {"asset_id": "69103578602577506445128884144969758220407685799853106314819017171186286635199", "price": "0.67", "size": "229", "side": "SELL", "hash": "6fcafe552259d53c3aa66708994126c5723abcb0", "best_bid": "0.18", "best_ask": "0.67"}], "timestamp": "1769384072816", "event_type": "price_change"}}
{"_local_timestamp": "2026-01-25T23:34:32.887881+00:00", "data": {"market": "0x9b0fd1a525b7f5c8c4ce05bd29c3cdc0918a199818a499ced9441b25232abfd6", "price_changes": [{"asset_id": "28503009987019343485309232594198559023441239825108348608134465045789169845902", "price": "0.3", "size": "158", "side": "BUY", "hash": "ae8502ba5e35a60289886cb3d75edff45a578823", "best_bid": "0.3", "best_ask": "0.66"}, {"asset_id": "36834864503550793459212222243452202031650171378978923530338545665508485984256", "price": "0.7", "size": "158", "side": "SELL", "hash": "9927a7d3d346b0cd97d5e12fdbf9fb779ba96716", "best_bid": "0.34", "best_ask": "0.7"}], "timestamp": "1769384072816", "event_type": "price_change"}}
{"_local_timestamp": "2026-01-25T23:34:32.888250+00:00", "data": {"market": "0xabc298cc3b8f2f71e5b5fac93c143511febd8881a8789477649d16799628fd22", "price_changes": [{"asset_id": "69416253506612672665445917464735860963819479446257172285288784162224167788583", "price": "0.34", "size": "316.66", "side": "BUY", "hash": "3c773e39568ec11c5c206615d66980f50f7d716a", "best_bid": "0.34", "best_ask": "0.78"}, {"asset_id": "103484252200720329038183287117844612461976965767900045310070621317188250923489", "price": "0.66", "size": "316.66", "side": "SELL", "hash": "8286865a60e4227d92e7c31f19002893c08a6d49", "best_bid": "0.22", "best_ask": "0.66"}], "timestamp": "1769384072817", "event_type": "price_change"}}
{"_local_timestamp": "2026-01-25T23:34:32.888575+00:00", "data": {"market": "0xf5f1da6b4e154877efc4f17f4bab1048eb4cc16e92fc61e2f97b0c4f8e49e938", "price_changes": [{"asset_id": "63815437350843670858589643246383750933010151607978271815924624456575230269248", "price": "0.34", "size": "316.66", "side": "BUY", "hash": "9368f9c4ba5b3e77e1b45b56da0f9b1fb4990929", "best_bid": "0.34", "best_ask": "0.82"}, {"asset_id": "69103578602577506445128884144969758220407685799853106314819017171186286635199", "price": "0.66", "size": "316.66", "side": "SELL", "hash": "e30e913ebaab8e8e684572b876bd066f821d80b6", "best_bid": "0.18", "best_ask": "0.66"}], "timestamp": "1769384072817", "event_type": "price_change"}}
{"_local_timestamp": "2026-01-25T23:34:35.377250+00:00", "data": {"market": "0x9b0fd1a525b7f5c8c4ce05bd29c3cdc0918a199818a499ced9441b25232abfd6", "price_changes": [{"asset_id": "28503009987019343485309232594198559023441239825108348608134465045789169845902", "price": "0.29", "size": "0", "side": "BUY", "hash": "9c181b4496254d10b9e6074221ec456115c86a6b", "best_bid": "0.3", "best_ask": "0.66"}, {"asset_id": "36834864503550793459212222243452202031650171378978923530338545665508485984256", "price": "0.71", "size": "0", "side": "SELL", "hash": "07da1e44fb13e64b0c09e15446d97e255a7a36db", "best_bid": "0.34", "best_ask": "0.7"}], "timestamp": "1769384075307", "event_type": "price_change"}}
{"_local_timestamp": "2026-01-25T23:34:35.380078+00:00", "data": {"market": "0xf5f1da6b4e154877efc4f17f4bab1048eb4cc16e92fc61e2f97b0c4f8e49e938", "price_changes": [{"asset_id": "63815437350843670858589643246383750933010151607978271815924624456575230269248", "price": "0.33", "size": "79", "side": "BUY", "hash": "c85d8201cc291a916ab97b11b56ab1c812137b4a", "best_bid": "0.34", "best_ask": "0.82"}, {"asset_id": "69103578602577506445128884144969758220407685799853106314819017171186286635199", "price": "0.67", "size": "79", "side": "SELL", "hash": "8cd42a604347fbf6c7494f4eb81fd37c0a46312c", "best_bid": "0.18", "best_ask": "0.66"}], "timestamp": "1769384075307", "event_type": "price_change"}}
{"_local_timestamp": "2026-01-25T23:34:35.381585+00:00", "data": {"market": "0xabc298cc3b8f2f71e5b5fac93c143511febd8881a8789477649d16799628fd22", "price_changes": [{"asset_id": "103484252200720329038183287117844612461976965767900045310070621317188250923489", "price": "0.22", "size": "0", "side": "BUY", "hash": "da82b5d6860c113e59f60596d055ee5fc892db67", "best_bid": "0.19", "best_ask": "0.66"}, {"asset_id": "69416253506612672665445917464735860963819479446257172285288784162224167788583", "price": "0.78", "size": "0", "side": "SELL", "hash": "6b96b39455116aafe281ec84788dd3b7678af50c", "best_bid": "0.34", "best_ask": "0.81"}], "timestamp": "1769384075307", "event_type": "price_change"}}
{"_local_timestamp": "2026-01-25T23:34:35.381967+00:00", "data": {"market": "0xabc298cc3b8f2f71e5b5fac93c143511febd8881a8789477649d16799628fd22", "price_changes": [{"asset_id": "69416253506612672665445917464735860963819479446257172285288784162224167788583", "price": "0.33", "size": "39", "side": "BUY", "hash": "bfca79d6c1d2e184e4ac61e0045547f333feae22", "best_bid": "0.34", "best_ask": "0.81"}, {"asset_id": "103484252200720329038183287117844612461976965767900045310070621317188250923489", "price": "0.67", "size": "39", "side": "SELL", "hash": "64a84fcdde321c9c1977ac0439fd5d42d660c89d", "best_bid": "0.19", "best_ask": "0.66"}], "timestamp": "1769384075308", "event_type": "price_change"}}
{"_local_timestamp": "2026-01-25T23:34:35.790246+00:00", "data": {"market": "0xabc298cc3b8f2f71e5b5fac93c143511febd8881a8789477649d16799628fd22", "price_changes": [{"asset_id": "69416253506612672665445917464735860963819479446257172285288784162224167788583", "price": "0.35", "size": "150", "side": "BUY", "hash": "4bd1c70c593f76865ac15706a6029c6e443e2634", "best_bid": "0.35", "best_ask": "0.81"}, {"asset_id": "103484252200720329038183287117844612461976965767900045310070621317188250923489", "price": "0.65", "size": "150", "side": "SELL", "hash": "5c64ab0527755459e2a3501c83b1f9d10453f3e0", "best_bid": "0.19", "best_ask": "0.65"}], "timestamp": "1769384075715", "event_type": "price_change"}}
{"_local_timestamp": "2026-01-25T23:34:35.798167+00:00", "data": {"market": "0xabc298cc3b8f2f71e5b5fac93c143511febd8881a8789477649d16799628fd22", "price_changes": [{"asset_id": "103484252200720329038183287117844612461976965767900045310070621317188250923489", "price": "0.2", "size": "150", "side": "BUY", "hash": "f1bcfadd1695f3785792b3c324fb024ef9e661c3", "best_bid": "0.2", "best_ask": "0.65"}, {"asset_id": "69416253506612672665445917464735860963819479446257172285288784162224167788583", "price": "0.8", "size": "150", "side": "SELL", "hash": "11ca0793382190c6a262729c855d70b0c1be83f1", "best_bid": "0.35", "best_ask": "0.8"}], "timestamp": "1769384075716", "event_type": "price_change"}}
{"_local_timestamp": "2026-01-25T23:34:35.798599+00:00", "data": {"market": "0x9b0fd1a525b7f5c8c4ce05bd29c3cdc0918a199818a499ced9441b25232abfd6", "price_changes": [{"asset_id": "28503009987019343485309232594198559023441239825108348608134465045789169845902", "price": "0.31", "size": "150", "side": "BUY", "hash": "ab086f22fd639970a487fd995d85880a19ee52b3", "best_bid": "0.31", "best_ask": "0.66"}, {"asset_id": "36834864503550793459212222243452202031650171378978923530338545665508485984256", "price": "0.69", "size": "150", "side": "SELL", "hash": "31ef49d660dfcc77c9336a4a253a1bf9e54eda07", "best_bid": "0.34", "best_ask": "0.69"}], "timestamp": "1769384075727", "event_type": "price_change"}}
{"_local_timestamp": "2026-01-25T23:34:35.801343+00:00", "data": {"market": "0xf5f1da6b4e154877efc4f17f4bab1048eb4cc16e92fc61e2f97b0c4f8e49e938", "price_changes": [{"asset_id": "63815437350843670858589643246383750933010151607978271815924624456575230269248", "price": "0.35", "size": "150", "side": "BUY", "hash": "151edf7c9015339ba172c17d2a08c25d75f56162", "best_bid": "0.35", "best_ask": "0.82"}, {"asset_id": "69103578602577506445128884144969758220407685799853106314819017171186286635199", "price": "0.65", "size": "150", "side": "SELL", "hash": "26c7d2781283f8ab232e1b0200604781d571eefb", "best_bid": "0.18", "best_ask": "0.65"}], "timestamp": "1769384075727", "event_type": "price_change"}}
{"_local_timestamp": "2026-01-25T23:34:40.397296+00:00", "data": {"market": "0xabc298cc3b8f2f71e5b5fac93c143511febd8881a8789477649d16799628fd22", "price_changes": [{"asset_id": "103484252200720329038183287117844612461976965767900045310070621317188250923489", "price": "0.02", "size": "1400", "side": "BUY", "hash": "70f6534f0461330831fd21596fa9308f67aeb209", "best_bid": "0.2", "best_ask": "0.65"}, {"asset_id": "69416253506612672665445917464735860963819479446257172285288784162224167788583", "price": "0.98", "size": "1400", "side": "SELL", "hash": "7ba0017ab962dd1916bc54a6da51be5629248e8c", "best_bid": "0.35", "best_ask": "0.8"}], "timestamp": "1769384080146", "event_type": "price_change"}}
{"_local_timestamp": "2026-01-25T23:34:40.685053+00:00", "data": {"market": "0xabc298cc3b8f2f71e5b5fac93c143511febd8881a8789477649d16799628fd22", "price_changes": [{"asset_id": "103484252200720329038183287117844612461976965767900045310070621317188250923489", "price": "0.21", "size": "8.5", "side": "BUY", "hash": "7b4e4bd6e42ae3de101eae99f287aeeaed552437", "best_bid": "0.21", "best_ask": "0.65"}, {"asset_id": "69416253506612672665445917464735860963819479446257172285288784162224167788583", "price": "0.79", "size": "8.5", "side": "SELL", "hash": "ba3656c51b08273db754c5476bd94c7661f4ac9a", "best_bid": "0.35", "best_ask": "0.79"}], "timestamp": "1769384080538", "event_type": "price_change"}}
{"_local_timestamp": "2026-01-25T23:34:40.690487+00:00", "data": {"market": "0xabc298cc3b8f2f71e5b5fac93c143511febd8881a8789477649d16799628fd22", "price_changes": [{"asset_id": "69416253506612672665445917464735860963819479446257172285288784162224167788583", "price": "0.18", "size": "8.5", "side": "BUY", "hash": "4b88580b09ef5c667b9d09c33f080262a9e2dbc8", "best_bid": "0.35", "best_ask": "0.79"}, {"asset_id": "103484252200720329038183287117844612461976965767900045310070621317188250923489", "price": "0.82", "size": "8.5", "side": "SELL", "hash": "50e636935806d0d293b1e11a28cf6fc5cba3ddc3", "best_bid": "0.21", "best_ask": "0.65"}], "timestamp": "1769384080539", "event_type": "price_change"}}
{"_local_timestamp": "2026-01-25T23:34:41.002255+00:00", "data": {"market": "0xabc298cc3b8f2f71e5b5fac93c143511febd8881a8789477649d16799628fd22", "price_changes": [{"asset_id": "103484252200720329038183287117844612461976965767900045310070621317188250923489", "price": "0.2", "size": "0", "side": "BUY", "hash": "4bf1a74343ab38c7f97af0f840ae0090c2342b7d", "best_bid": "0.21", "best_ask": "0.65"}, {"asset_id": "69416253506612672665445917464735860963819479446257172285288784162224167788583", "price": "0.8", "size": "0", "side": "SELL", "hash": "80674a3559cde99f6e9b0ef655c70dc120571645", "best_bid": "0.35", "best_ask": "0.79"}], "timestamp": "1769384080922", "event_type": "price_change"}}
{"_local_timestamp": "2026-01-25T23:34:41.409729+00:00", "data": {"market": "0xabc298cc3b8f2f71e5b5fac93c143511febd8881a8789477649d16799628fd22", "price_changes": [{"asset_id": "103484252200720329038183287117844612461976965767900045310070621317188250923489", "price": "0.22", "size": "150", "side": "BUY", "hash": "12bc0f18ca99e2fb0f185074c3de9763dbba3bc5", "best_bid": "0.22", "best_ask": "0.65"}, {"asset_id": "69416253506612672665445917464735860963819479446257172285288784162224167788583", "price": "0.78", "size": "150", "side": "SELL", "hash": "42a81b7b190261efa6ddf3612e6aa7e412552866", "best_bid": "0.35", "best_ask": "0.78"}], "timestamp": "1769384081337", "event_type": "price_change"}}
{"_local_timestamp": "2026-01-25T23:34:45.980283+00:00", "data": {"market": "0xabc298cc3b8f2f71e5b5fac93c143511febd8881a8789477649d16799628fd22", "price_changes": [{"asset_id": "103484252200720329038183287117844612461976965767900045310070621317188250923489", "price": "0.21", "size": "0", "side": "BUY", "hash": "91d3200c54b662b250f27ff1444d1acf425b542e", "best_bid": "0.22", "best_ask": "0.65"}, {"asset_id": "69416253506612672665445917464735860963819479446257172285288784162224167788583", "price": "0.79", "size": "0", "side": "SELL", "hash": "98b7bbec11c282f48fc257782af0f83231e445c1", "best_bid": "0.35", "best_ask": "0.78"}], "timestamp": "1769384085904", "event_type": "price_change"}}
{"_local_timestamp": "2026-01-25T23:34:45.980869+00:00", "data": {"market": "0xabc298cc3b8f2f71e5b5fac93c143511febd8881a8789477649d16799628fd22", "price_changes": [{"asset_id": "69416253506612672665445917464735860963819479446257172285288784162224167788583", "price": "0.18", "size": "0", "side": "BUY", "hash": "984f44a5efe2d5fc73fa18f24da7d349595d598d", "best_bid": "0.35", "best_ask": "0.78"}, {"asset_id": "103484252200720329038183287117844612461976965767900045310070621317188250923489", "price": "0.82", "size": "0", "side": "SELL", "hash": "8a73eacc7efd368e9af1acdb0131dd9d73679626", "best_bid": "0.22", "best_ask": "0.65"}], "timestamp": "1769384085904", "event_type": "price_change"}}
{"_local_timestamp": "2026-01-25T23:34:46.582053+00:00", "data": {"market": "0xabc298cc3b8f2f71e5b5fac93c143511febd8881a8789477649d16799628fd22", "price_changes": [{"asset_id": "103484252200720329038183287117844612461976965767900045310070621317188250923489", "price": "0.22", "size": "0", "side": "BUY", "hash": "f8280e9799ae89f7569893c85e9058d416f7884c", "best_bid": "0.19", "best_ask": "0.65"}, {"asset_id": "69416253506612672665445917464735860963819479446257172285288784162224167788583", "price": "0.78", "size": "0", "side": "SELL", "hash": "f106f429b7c02812586d62b6be278f8d6c20859e", "best_bid": "0.35", "best_ask": "0.81"}], "timestamp": "1769384086500", "event_type": "price_change"}}
{"_local_timestamp": "2026-01-25T23:34:46.848829+00:00", "data": {"market": "0xabc298cc3b8f2f71e5b5fac93c143511febd8881a8789477649d16799628fd22", "price_changes": [{"asset_id": "103484252200720329038183287117844612461976965767900045310070621317188250923489", "price": "0.2", "size": "150", "side": "BUY", "hash": "db7782bd49914ee3df15a1e333f09cde89676961", "best_bid": "0.2", "best_ask": "0.65"}, {"asset_id": "69416253506612672665445917464735860963819479446257172285288784162224167788583", "price": "0.8", "size": "150", "side": "SELL", "hash": "2518542bf3b238dbbe523480e15e3ad69bbab441", "best_bid": "0.35", "best_ask": "0.8"}], "timestamp": "1769384086775", "event_type": "price_change"}}
{"_local_timestamp": "2026-01-25T23:34:52.797305+00:00", "data": {"market": "0xabc298cc3b8f2f71e5b5fac93c143511febd8881a8789477649d16799628fd22", "price_changes": [{"asset_id": "69416253506612672665445917464735860963819479446257172285288784162224167788583", "price": "0.18", "size": "8.5", "side": "BUY", "hash": "319acb7619fc59a622c233a735f0345280f27cf3", "best_bid": "0.35", "best_ask": "0.8"}, {"asset_id": "103484252200720329038183287117844612461976965767900045310070621317188250923489", "price": "0.82", "size": "8.5", "side": "SELL", "hash": "93654fc98804ce76b8792964fb1932cdd1050a54", "best_bid": "0.2", "best_ask": "0.65"}], "timestamp": "1769384092724", "event_type": "price_change"}}
{"_local_timestamp": "2026-01-25T23:34:52.800627+00:00", "data": {"market": "0xabc298cc3b8f2f71e5b5fac93c143511febd8881a8789477649d16799628fd22", "price_changes": [{"asset_id": "103484252200720329038183287117844612461976965767900045310070621317188250923489", "price": "0.21", "size": "8.5", "side": "BUY", "hash": "899bfea2f28c5baa11f755e3d6f64c85c0b597c3", "best_bid": "0.21", "best_ask": "0.65"}, {"asset_id": "69416253506612672665445917464735860963819479446257172285288784162224167788583", "price": "0.79", "size": "8.5", "side": "SELL", "hash": "153365576e3e2f5e6337b077edc50529105ffb05", "best_bid": "0.35", "best_ask": "0.79"}], "timestamp": "1769384092724", "event_type": "price_change"}}
{"_local_timestamp": "2026-01-25T23:34:57.396895+00:00", "data": {"market": "0xabc298cc3b8f2f71e5b5fac93c143511febd8881a8789477649d16799628fd22", "price_changes": [{"asset_id": "103484252200720329038183287117844612461976965767900045310070621317188250923489", "price": "0.2", "size": "0", "side": "BUY", "hash": "3bf746b305799c4e8247de14642bcfed4711facc", "best_bid": "0.21", "best_ask": "0.65"}, {"asset_id": "69416253506612672665445917464735860963819479446257172285288784162224167788583", "price": "0.8", "size": "0", "side": "SELL", "hash": "82ebd0ee9df68f4fb3b6b52317f6f56d99e79771", "best_bid": "0.35", "best_ask": "0.79"}], "timestamp": "1769384097328", "event_type": "price_change"}}
{"_local_timestamp": "2026-01-25T23:34:57.806599+00:00", "data": {"market": "0xabc298cc3b8f2f71e5b5fac93c143511febd8881a8789477649d16799628fd22", "price_changes": [{"asset_id": "103484252200720329038183287117844612461976965767900045310070621317188250923489", "price": "0.22", "size": "150", "side": "BUY", "hash": "c6ed03682c33237579c339e99e11bfbec177433f", "best_bid": "0.22", "best_ask": "0.65"}, {"asset_id": "69416253506612672665445917464735860963819479446257172285288784162224167788583", "price": "0.78", "size": "150", "side": "SELL", "hash": "e88d083b8cdb6e251232c26fa2789a1d103478a4", "best_bid": "0.35", "best_ask": "0.78"}], "timestamp": "1769384097729", "event_type": "price_change"}}
{"_local_timestamp": "2026-01-25T23:34:58.692749+00:00", "data": {"market": "0x9b0fd1a525b7f5c8c4ce05bd29c3cdc0918a199818a499ced9441b25232abfd6", "price_changes": [{"asset_id": "36834864503550793459212222243452202031650171378978923530338545665508485984256", "price": "0.04", "size": "700", "side": "BUY", "hash": "e5acd8be139dc7cc555529b306eadb938bca3b34", "best_bid": "0.34", "best_ask": "0.69"}, {"asset_id": "28503009987019343485309232594198559023441239825108348608134465045789169845902", "price": "0.96", "size": "700", "side": "SELL", "hash": "b580a908b10d047b6096e589eaff46d19781da5c", "best_bid": "0.31", "best_ask": "0.66"}], "timestamp": "1769384098622", "event_type": "price_change"}}
{"_local_timestamp": "2026-01-25T23:34:58.693275+00:00", "data": {"market": "0x9b0fd1a525b7f5c8c4ce05bd29c3cdc0918a199818a499ced9441b25232abfd6", "price_changes": [{"asset_id": "36834864503550793459212222243452202031650171378978923530338545665508485984256", "price": "0.05", "size": "30", "side": "BUY", "hash": "e5acd8be139dc7cc555529b306eadb938bca3b34", "best_bid": "0.34", "best_ask": "0.69"}, {"asset_id": "28503009987019343485309232594198559023441239825108348608134465045789169845902", "price": "0.95", "size": "30", "side": "SELL", "hash": "b580a908b10d047b6096e589eaff46d19781da5c", "best_bid": "0.31", "best_ask": "0.66"}], "timestamp": "1769384098622", "event_type": "price_change"}}
{"_local_timestamp": "2026-01-25T23:34:58.700540+00:00", "data": {"market": "0x9b0fd1a525b7f5c8c4ce05bd29c3cdc0918a199818a499ced9441b25232abfd6", "price_changes": [{"asset_id": "28503009987019343485309232594198559023441239825108348608134465045789169845902", "price": "0.05", "size": "30", "side": "BUY", "hash": "8276f6f0f1b124aa7c6c5f47048929952656d45d", "best_bid": "0.31", "best_ask": "0.66"}, {"asset_id": "36834864503550793459212222243452202031650171378978923530338545665508485984256", "price": "0.95", "size": "30", "side": "SELL", "hash": "6cd6dbb0825987bc64741585f864947965487898", "best_bid": "0.34", "best_ask": "0.69"}], "timestamp": "1769384098622", "event_type": "price_change"}}
{"_local_timestamp": "2026-01-25T23:34:58.700969+00:00", "data": {"market": "0x9b0fd1a525b7f5c8c4ce05bd29c3cdc0918a199818a499ced9441b25232abfd6", "price_changes": [{"asset_id": "28503009987019343485309232594198559023441239825108348608134465045789169845902", "price": "0.06", "size": "33", "side": "BUY", "hash": "8276f6f0f1b124aa7c6c5f47048929952656d45d", "best_bid": "0.31", "best_ask": "0.66"}, {"asset_id": "36834864503550793459212222243452202031650171378978923530338545665508485984256", "price": "0.94", "size": "33", "side": "SELL", "hash": "6cd6dbb0825987bc64741585f864947965487898", "best_bid": "0.34", "best_ask": "0.69"}], "timestamp": "1769384098622", "event_type": "price_change"}}
{"_local_timestamp": "2026-01-25T23:34:58.701323+00:00", "data": {"market": "0x9b0fd1a525b7f5c8c4ce05bd29c3cdc0918a199818a499ced9441b25232abfd6", "price_changes": [{"asset_id": "28503009987019343485309232594198559023441239825108348608134465045789169845902", "price": "0.04", "size": "700", "side": "BUY", "hash": "8276f6f0f1b124aa7c6c5f47048929952656d45d", "best_bid": "0.31", "best_ask": "0.66"}, {"asset_id": "36834864503550793459212222243452202031650171378978923530338545665508485984256", "price": "0.96", "size": "700", "side": "SELL", "hash": "6cd6dbb0825987bc64741585f864947965487898", "best_bid": "0.34", "best_ask": "0.69"}], "timestamp": "1769384098622", "event_type": "price_change"}}
{"_local_timestamp": "2026-01-25T23:34:58.925496+00:00", "data": {"market": "0x9b0fd1a525b7f5c8c4ce05bd29c3cdc0918a199818a499ced9441b25232abfd6", "price_changes": [{"asset_id": "28503009987019343485309232594198559023441239825108348608134465045789169845902", "price": "0.3", "size": "0", "side": "BUY", "hash": "261c142b5ddf3555b09419e4ec8cb3b78ddf1320", "best_bid": "0.31", "best_ask": "0.66"}, {"asset_id": "36834864503550793459212222243452202031650171378978923530338545665508485984256", "price": "0.7", "size": "0", "side": "SELL", "hash": "b0e82af4d6cbb279d348edfb59311eb2eaf3ad18", "best_bid": "0.34", "best_ask": "0.69"}], "timestamp": "1769384098856", "event_type": "price_change"}}
{"_local_timestamp": "2026-01-25T23:34:58.926027+00:00", "data": {"market": "0xabc298cc3b8f2f71e5b5fac93c143511febd8881a8789477649d16799628fd22", "price_changes": [{"asset_id": "69416253506612672665445917464735860963819479446257172285288784162224167788583", "price": "0.34", "size": "0", "side": "BUY", "hash": "4f9c7823042c7dff6b641fcc1897fde42abab65c", "best_bid": "0.35", "best_ask": "0.78"}, {"asset_id": "103484252200720329038183287117844612461976965767900045310070621317188250923489", "price": "0.66", "size": "0", "side": "SELL", "hash": "c8e46f1bb7807865ec8c88b46e93a7ae6d5479d0", "best_bid": "0.22", "best_ask": "0.65"}], "timestamp": "1769384098856", "event_type": "price_change"}}
{"_local_timestamp": "2026-01-25T23:34:58.926501+00:00", "data": {"market": "0xf5f1da6b4e154877efc4f17f4bab1048eb4cc16e92fc61e2f97b0c4f8e49e938", "price_changes": [{"asset_id": "63815437350843670858589643246383750933010151607978271815924624456575230269248", "price": "0.34", "size": "0", "side": "BUY", "hash": "ffb334ced4bcd2835bc5b7b63177bf48dc3570bb", "best_bid": "0.35", "best_ask": "0.82"}, {"asset_id": "69103578602577506445128884144969758220407685799853106314819017171186286635199", "price": "0.66", "size": "0", "side": "SELL", "hash": "7a30202a70c4e3f5481d01976f4f87aef69b2784", "best_bid": "0.18", "best_ask": "0.65"}], "timestamp": "1769384098856", "event_type": "price_change"}}
{"_local_timestamp": "2026-01-25T23:34:58.926903+00:00", "data": {"market": "0xabc298cc3b8f2f71e5b5fac93c143511febd8881a8789477649d16799628fd22", "price_changes": [{"asset_id": "69416253506612672665445917464735860963819479446257172285288784162224167788583", "price": "0.33", "size": "0", "side": "BUY", "hash": "4f9c7823042c7dff6b641fcc1897fde42abab65c", "best_bid": "0.35", "best_ask": "0.78"}, {"asset_id": "103484252200720329038183287117844612461976965767900045310070621317188250923489", "price": "0.67", "size": "0", "side": "SELL", "hash": "c8e46f1bb7807865ec8c88b46e93a7ae6d5479d0", "best_bid": "0.22", "best_ask": "0.65"}], "timestamp": "1769384098856", "event_type": "price_change"}}
{"_local_timestamp": "2026-01-25T23:34:58.927316+00:00", "data": {"market": "0xf5f1da6b4e154877efc4f17f4bab1048eb4cc16e92fc61e2f97b0c4f8e49e938", "price_changes": [{"asset_id": "63815437350843670858589643246383750933010151607978271815924624456575230269248", "price": "0.33", "size": "0", "side": "BUY", "hash": "ffb334ced4bcd2835bc5b7b63177bf48dc3570bb", "best_bid": "0.35", "best_ask": "0.82"}, {"asset_id": "69103578602577506445128884144969758220407685799853106314819017171186286635199", "price": "0.67", "size": "0", "side": "SELL", "hash": "7a30202a70c4e3f5481d01976f4f87aef69b2784", "best_bid": "0.18", "best_ask": "0.65"}], "timestamp": "1769384098856", "event_type": "price_change"}}
{"_local_timestamp": "2026-01-25T23:35:01.037308+00:00", "data": {"market": "0x9b0fd1a525b7f5c8c4ce05bd29c3cdc0918a199818a499ced9441b25232abfd6", "price_changes": [{"asset_id": "28503009987019343485309232594198559023441239825108348608134465045789169845902", "price": "0.14", "size": "153.57", "side": "BUY", "hash": "ce872d3e3b59d0c855fd9ed8573828be8cac95d4", "best_bid": "0.31", "best_ask": "0.66"}, {"asset_id": "36834864503550793459212222243452202031650171378978923530338545665508485984256", "price": "0.86", "size": "153.57", "side": "SELL", "hash": "52a4216afa13ff058184ca667f4d504fc277b234", "best_bid": "0.34", "best_ask": "0.69"}], "timestamp": "1769384100937", "event_type": "price_change"}}
{"_local_timestamp": "2026-01-25T23:35:01.037817+00:00", "data": {"market": "0x9b0fd1a525b7f5c8c4ce05bd29c3cdc0918a199818a499ced9441b25232abfd6", "price_changes": [{"asset_id": "28503009987019343485309232594198559023441239825108348608134465045789169845902", "price": "0.11", "size": "300", "side": "BUY", "hash": "1a8e956a0619945cc5ea9fc08dad1781c9c177db", "best_bid": "0.31", "best_ask": "0.66"}, {"asset_id": "36834864503550793459212222243452202031650171378978923530338545665508485984256", "price": "0.89", "size": "300", "side": "SELL", "hash": "60baf3eb564ec7b6c4b192f93ffa0301e0ddd49b", "best_bid": "0.34", "best_ask": "0.69"}], "timestamp": "1769384100939", "event_type": "price_change"}}
{"_local_timestamp": "2026-01-25T23:35:01.041402+00:00", "data": {"market": "0x9b0fd1a525b7f5c8c4ce05bd29c3cdc0918a199818a499ced9441b25232abfd6", "price_changes": [{"asset_id": "28503009987019343485309232594198559023441239825108348608134465045789169845902", "price": "0.13", "size": "125", "side": "BUY", "hash": "87568c0132eca2cf6ef29e3e18c74a0d51b8481c", "best_bid": "0.31", "best_ask": "0.66"}, {"asset_id": "36834864503550793459212222243452202031650171378978923530338545665508485984256", "price": "0.87", "size": "125", "side": "SELL", "hash": "c4273175a45a82b9c0dbfa52d88574e8d483e5e8", "best_bid": "0.34", "best_ask": "0.69"}], "timestamp": "1769384100941", "event_type": "price_change"}}
{"_local_timestamp": "2026-01-25T23:35:01.041859+00:00", "data": {"market": "0x9b0fd1a525b7f5c8c4ce05bd29c3cdc0918a199818a499ced9441b25232abfd6", "price_changes": [{"asset_id": "36834864503550793459212222243452202031650171378978923530338545665508485984256", "price": "0.14", "size": "200", "side": "BUY", "hash": "814c8f9f34c226eb45a50226d09d69756f2b1e4d", "best_bid": "0.34", "best_ask": "0.69"}, {"asset_id": "28503009987019343485309232594198559023441239825108348608134465045789169845902", "price": "0.86", "size": "200", "side": "SELL", "hash": "64c566523f8c2767eaeac2ae854c55078d4390f3", "best_bid": "0.31", "best_ask": "0.66"}], "timestamp": "1769384100942", "event_type": "price_change"}}
{"_local_timestamp": "2026-01-25T23:35:01.044211+00:00", "data": {"market": "0x9b0fd1a525b7f5c8c4ce05bd29c3cdc0918a199818a499ced9441b25232abfd6", "price_changes": [{"asset_id": "36834864503550793459212222243452202031650171378978923530338545665508485984256", "price": "0.15", "size": "125", "side": "BUY", "hash": "437ddf6d3448ff19113a5ba491a7b4b07f2bd30b", "best_bid": "0.34", "best_ask": "0.69"}, {"asset_id": "28503009987019343485309232594198559023441239825108348608134465045789169845902", "price": "0.85", "size": "125", "side": "SELL", "hash": "aecd02c4e82f766f524e6f32d0d2f48e83e51872", "best_bid": "0.31", "best_ask": "0.66"}], "timestamp": "1769384100944", "event_type": "price_change"}}
{"_local_timestamp": "2026-01-25T23:35:01.044640+00:00", "data": {"market": "0x9b0fd1a525b7f5c8c4ce05bd29c3cdc0918a199818a499ced9441b25232abfd6", "price_changes": [{"asset_id": "36834864503550793459212222243452202031650171378978923530338545665508485984256", "price": "0.13", "size": "300", "side": "BUY", "hash": "c24c45bb9dcdab6aeccd505ea894c6dfddeadeab", "best_bid": "0.34", "best_ask": "0.69"}, {"asset_id": "28503009987019343485309232594198559023441239825108348608134465045789169845902", "price": "0.87", "size": "300", "side": "SELL", "hash": "23f4d73b47ca439e38ae6c951228c2b3b8baa0ac", "best_bid": "0.31", "best_ask": "0.66"}], "timestamp": "1769384100946", "event_type": "price_change"}}
{"_local_timestamp": "2026-01-25T23:35:01.045019+00:00", "data": {"market": "0x9b0fd1a525b7f5c8c4ce05bd29c3cdc0918a199818a499ced9441b25232abfd6", "price_changes": [{"asset_id": "28503009987019343485309232594198559023441239825108348608134465045789169845902", "price": "0.12", "size": "408.33", "side": "BUY", "hash": "c5aa79ab2632df7898b52269cee18a002d521aab", "best_bid": "0.31", "best_ask": "0.66"}, {"asset_id": "36834864503550793459212222243452202031650171378978923530338545665508485984256", "price": "0.88", "size": "408.33", "side": "SELL", "hash": "743fc480934145d54f58fcb7732e3cf8d24d505f", "best_bid": "0.34", "best_ask": "0.69"}], "timestamp": "1769384100947", "event_type": "price_change"}}
{"_local_timestamp": "2026-01-25T23:35:01.056984+00:00", "data": {"market": "0x9b0fd1a525b7f5c8c4ce05bd29c3cdc0918a199818a499ced9441b25232abfd6", "price_changes": [{"asset_id": "36834864503550793459212222243452202031650171378978923530338545665508485984256", "price": "0.17", "size": "151.47", "side": "BUY", "hash": "ee6a515cbc4f38d1216cda8bde8b4e272d196ba9", "best_bid": "0.34", "best_ask": "0.69"}, {"asset_id": "28503009987019343485309232594198559023441239825108348608134465045789169845902", "price": "0.83", "size": "151.47", "side": "SELL", "hash": "cdcc09e85da2ca9f8a0efe6e4742713ae4a64b34", "best_bid": "0.31", "best_ask": "0.66"}], "timestamp": "1769384100949", "event_type": "price_change"}}
{"_local_timestamp": "2026-01-25T23:35:01.206168+00:00", "data": {"market": "0xabc298cc3b8f2f71e5b5fac93c143511febd8881a8789477649d16799628fd22", "price_changes": [{"asset_id": "69416253506612672665445917464735860963819479446257172285288784162224167788583", "price": "0.18", "size": "0", "side": "BUY", "hash": "72ce2793cd2961c617e5fcf589010907a1235e00", "best_bid": "0.35", "best_ask": "0.78"}, {"asset_id": "103484252200720329038183287117844612461976965767900045310070621317188250923489", "price": "0.82", "size": "0", "side": "SELL", "hash": "d25f3db1068f2575559ba3469e24779862c00131", "best_bid": "0.22", "best_ask": "0.65"}], "timestamp": "1769384101083", "event_type": "price_change"}}
{"_local_timestamp": "2026-01-25T23:35:01.214662+00:00", "data": {"market": "0xabc298cc3b8f2f71e5b5fac93c143511febd8881a8789477649d16799628fd22", "price_changes": [{"asset_id": "103484252200720329038183287117844612461976965767900045310070621317188250923489", "price": "0.21", "size": "0", "side": "BUY", "hash": "6f348293bae26441a55a73312d5a6c28fe4a50b7", "best_bid": "0.22", "best_ask": "0.65"}, {"asset_id": "69416253506612672665445917464735860963819479446257172285288784162224167788583", "price": "0.79", "size": "0", "side": "SELL", "hash": "35e54ab08db25f3b95a49dfd97bea513c246ab96", "best_bid": "0.35", "best_ask": "0.78"}], "timestamp": "1769384101083", "event_type": "price_change"}}
{"_local_timestamp": "2026-01-25T23:35:01.238159+00:00", "data": {"market": "0xf5f1da6b4e154877efc4f17f4bab1048eb4cc16e92fc61e2f97b0c4f8e49e938", "price_changes": [{"asset_id": "63815437350843670858589643246383750933010151607978271815924624456575230269248", "price": "0.07", "size": "0", "side": "BUY", "hash": "aa58fa5919aa1987a67ae08af9aeb3f6fb5f4e9e", "best_bid": "0.35", "best_ask": "0.82"}, {"asset_id": "69103578602577506445128884144969758220407685799853106314819017171186286635199", "price": "0.93", "size": "0", "side": "SELL", "hash": "066e71c0519c59d2028ade108b933533c4cd16d7", "best_bid": "0.18", "best_ask": "0.65"}], "timestamp": "1769384101130", "event_type": "price_change"}}
{"_local_timestamp": "2026-01-25T23:35:01.238645+00:00", "data": {"market": "0xf5f1da6b4e154877efc4f17f4bab1048eb4cc16e92fc61e2f97b0c4f8e49e938", "price_changes": [{"asset_id": "63815437350843670858589643246383750933010151607978271815924624456575230269248", "price": "0.08", "size": "300", "side": "BUY", "hash": "aa58fa5919aa1987a67ae08af9aeb3f6fb5f4e9e", "best_bid": "0.35", "best_ask": "0.82"}, {"asset_id": "69103578602577506445128884144969758220407685799853106314819017171186286635199", "price": "0.92", "size": "300", "side": "SELL", "hash": "066e71c0519c59d2028ade108b933533c4cd16d7", "best_bid": "0.18", "best_ask": "0.65"}], "timestamp": "1769384101130", "event_type": "price_change"}}
{"_local_timestamp": "2026-01-25T23:35:01.239068+00:00", "data": {"market": "0xf5f1da6b4e154877efc4f17f4bab1048eb4cc16e92fc61e2f97b0c4f8e49e938", "price_changes": [{"asset_id": "63815437350843670858589643246383750933010151607978271815924624456575230269248", "price": "0.06", "size": "33", "side": "BUY", "hash": "aa58fa5919aa1987a67ae08af9aeb3f6fb5f4e9e", "best_bid": "0.35", "best_ask": "0.82"}, {"asset_id": "69103578602577506445128884144969758220407685799853106314819017171186286635199", "price": "0.94", "size": "33", "side": "SELL", "hash": "066e71c0519c59d2028ade108b933533c4cd16d7", "best_bid": "0.18", "best_ask": "0.65"}], "timestamp": "1769384101130", "event_type": "price_change"}}
{"_local_timestamp": "2026-01-25T23:35:01.240738+00:00", "data": {"market": "0xf5f1da6b4e154877efc4f17f4bab1048eb4cc16e92fc61e2f97b0c4f8e49e938", "price_changes": [{"asset_id": "69103578602577506445128884144969758220407685799853106314819017171186286635199", "price": "0.03", "size": "6.36", "side": "BUY", "hash": "d35b12fb62b91c648d5b96ea64290b6d782d347d", "best_bid": "0.18", "best_ask": "0.65"}, {"asset_id": "63815437350843670858589643246383750933010151607978271815924624456575230269248", "price": "0.97", "size": "6.36", "side": "SELL", "hash": "0308788b24b3b93ed357150b60acd7619c8a0eda", "best_bid": "0.35", "best_ask": "0.82"}], "timestamp": "1769384101130", "event_type": "price_change"}}
{"_local_timestamp": "2026-01-25T23:35:01.241233+00:00", "data": {"market": "0xf5f1da6b4e154877efc4f17f4bab1048eb4cc16e92fc61e2f97b0c4f8e49e938", "price_changes": [{"asset_id": "69103578602577506445128884144969758220407685799853106314819017171186286635199", "price": "0.02", "size": "0", "side": "BUY", "hash": "d35b12fb62b91c648d5b96ea64290b6d782d347d", "best_bid": "0.18", "best_ask": "0.65"}, {"asset_id": "63815437350843670858589643246383750933010151607978271815924624456575230269248", "price": "0.98", "size": "0", "side": "SELL", "hash": "0308788b24b3b93ed357150b60acd7619c8a0eda", "best_bid": "0.35", "best_ask": "0.82"}], "timestamp": "1769384101130", "event_type": "price_change"}}
{"_local_timestamp": "2026-01-25T23:35:03.048536+00:00", "data": {"market": "0xabc298cc3b8f2f71e5b5fac93c143511febd8881a8789477649d16799628fd22", "price_changes": [{"asset_id": "103484252200720329038183287117844612461976965767900045310070621317188250923489", "price": "0.22", "size": "0", "side": "BUY", "hash": "344f1daca20720440772a25be7eea85cb4fa939f", "best_bid": "0.19", "best_ask": "0.65"}, {"asset_id": "69416253506612672665445917464735860963819479446257172285288784162224167788583", "price": "0.78", "size": "0", "side": "SELL", "hash": "933f6fafa46080e93f63a9c8d9d04b95398299a3", "best_bid": "0.35", "best_ask": "0.81"}], "timestamp": "1769384102878", "event_type": "price_change"}}
{"_local_timestamp": "2026-01-25T23:35:03.049135+00:00", "data": {"market": "0x9b0fd1a525b7f5c8c4ce05bd29c3cdc0918a199818a499ced9441b25232abfd6", "price_changes": [{"asset_id": "28503009987019343485309232594198559023441239825108348608134465045789169845902", "price": "0.31", "size": "0", "side": "BUY", "hash": "fe092acbf5cfaa73e5e48939137da24c9e15ed3a", "best_bid": "0.28", "best_ask": "0.66"}, {"asset_id": "36834864503550793459212222243452202031650171378978923530338545665508485984256", "price": "0.69", "size": "0", "side": "SELL", "hash": "040265381bc03904703dd33726dba26f8f5c070d", "best_bid": "0.34", "best_ask": "0.72"}], "timestamp": "1769384102878", "event_type": "price_change"}}
{"_local_timestamp": "2026-01-25T23:35:03.049626+00:00", "data": {"market": "0xf5f1da6b4e154877efc4f17f4bab1048eb4cc16e92fc61e2f97b0c4f8e49e938", "price_changes": [{"asset_id": "63815437350843670858589643246383750933010151607978271815924624456575230269248", "price": "0.35", "size": "0", "side": "BUY", "hash": "eae459ffb1b4c60b7f11b36720c763611271c716", "best_bid": "0.32", "best_ask": "0.82"}, {"asset_id": "69103578602577506445128884144969758220407685799853106314819017171186286635199", "price": "0.65", "size": "0", "side": "SELL", "hash": "d847ebe256fb4db09abcc5108fd8be184335efe3", "best_bid": "0.18", "best_ask": "0.68"}], "timestamp": "1769384102878", "event_type": "price_change"}}
{"_local_timestamp": "2026-01-25T23:35:03.050100+00:00", "data": {"market": "0xabc298cc3b8f2f71e5b5fac93c143511febd8881a8789477649d16799628fd22", "price_changes": [{"asset_id": "69416253506612672665445917464735860963819479446257172285288784162224167788583", "price": "0.35", "size": "0", "side": "BUY", "hash": "27657a93126a792559e8a0ef1bf536f279633c50", "best_bid": "0.32", "best_ask": "0.81"}, {"asset_id": "103484252200720329038183287117844612461976965767900045310070621317188250923489", "price": "0.65", "size": "0", "side": "SELL", "hash": "64ed34b9601335b07e496187bf4264a9b5211db8", "best_bid": "0.19", "best_ask": "0.68"}], "timestamp": "1769384102878", "event_type": "price_change"}}
{"_local_timestamp": "2026-01-25T23:35:03.701352+00:00", "data": {"market": "0xabc298cc3b8f2f71e5b5fac93c143511febd8881a8789477649d16799628fd22", "price_changes": [{"asset_id": "69416253506612672665445917464735860963819479446257172285288784162224167788583", "price": "0.33", "size": "150", "side": "BUY", "hash": "046344b751b6f87eac99ba9f1ca95727888a6fbe", "best_bid": "0.33", "best_ask": "0.81"}, {"asset_id": "103484252200720329038183287117844612461976965767900045310070621317188250923489", "price": "0.67", "size": "150", "side": "SELL", "hash": "9a481c1efc8f901238f631249f18b86226417f7d", "best_bid": "0.19", "best_ask": "0.67"}], "timestamp": "1769384103562", "event_type": "price_change"}}
{"_local_timestamp": "2026-01-25T23:35:03.702131+00:00", "data": {"market": "0xabc298cc3b8f2f71e5b5fac93c143511febd8881a8789477649d16799628fd22", "price_changes": [{"asset_id": "103484252200720329038183287117844612461976965767900045310070621317188250923489", "price": "0.2", "size": "150", "side": "BUY", "hash": "8d51ff6631208aeb26eca69561d65d665719ec2c", "best_bid": "0.2", "best_ask": "0.67"}, {"asset_id": "69416253506612672665445917464735860963819479446257172285288784162224167788583", "price": "0.8", "size": "150", "side": "SELL", "hash": "7da3e68e54c9669da7f825efad447a4861fb685e", "best_bid": "0.33", "best_ask": "0.8"}], "timestamp": "1769384103563", "event_type": "price_change"}}
{"_local_timestamp": "2026-01-25T23:35:03.709179+00:00", "data": {"market": "0x9b0fd1a525b7f5c8c4ce05bd29c3cdc0918a199818a499ced9441b25232abfd6", "price_changes": [{"asset_id": "28503009987019343485309232594198559023441239825108348608134465045789169845902", "price": "0.29", "size": "150", "side": "BUY", "hash": "607ac7ee897c69486d19ba467cc0db43136d7084", "best_bid": "0.29", "best_ask": "0.66"}, {"asset_id": "36834864503550793459212222243452202031650171378978923530338545665508485984256", "price": "0.71", "size": "150", "side": "SELL", "hash": "b2f25481cfb73e99ced3d8345c9f6ba11793db39", "best_bid": "0.34", "best_ask": "0.71"}], "timestamp": "1769384103572", "event_type": "price_change"}}
{"_local_timestamp": "2026-01-25T23:35:03.721133+00:00", "data": {"market": "0xf5f1da6b4e154877efc4f17f4bab1048eb4cc16e92fc61e2f97b0c4f8e49e938", "price_changes": [{"asset_id": "63815437350843670858589643246383750933010151607978271815924624456575230269248", "price": "0.33", "size": "150", "side": "BUY", "hash": "aaf62d7685eaad7b36866f0bf9167076c03bb9e8", "best_bid": "0.33", "best_ask": "0.82"}, {"asset_id": "69103578602577506445128884144969758220407685799853106314819017171186286635199", "price": "0.67", "size": "150", "side": "SELL", "hash": "64da6c3f0adc70e568457e0ffcc680ec7c703b3d", "best_bid": "0.18", "best_ask": "0.67"}], "timestamp": "1769384103583", "event_type": "price_change"}}
{"_local_timestamp": "2026-01-25T23:35:03.918717+00:00", "data": {"market": "0xf5f1da6b4e154877efc4f17f4bab1048eb4cc16e92fc61e2f97b0c4f8e49e938", "price_changes": [{"asset_id": "63815437350843670858589643246383750933010151607978271815924624456575230269248", "price": "0.14", "size": "200", "side": "BUY", "hash": "c3f7fe0e6dbb4e02fc583c554d99b7ece21f5294", "best_bid": "0.33", "best_ask": "0.82"}, {"asset_id": "69103578602577506445128884144969758220407685799853106314819017171186286635199", "price": "0.86", "size": "200", "side": "SELL", "hash": "020335de570299c952baca6dbcea592b394fb4b8", "best_bid": "0.18", "best_ask": "0.67"}], "timestamp": "1769384103788", "event_type": "price_change"}}
{"_local_timestamp": "2026-01-25T23:35:03.921015+00:00", "data": {"market": "0xf5f1da6b4e154877efc4f17f4bab1048eb4cc16e92fc61e2f97b0c4f8e49e938", "price_changes": [{"asset_id": "63815437350843670858589643246383750933010151607978271815924624456575230269248", "price": "0.16", "size": "125", "side": "BUY", "hash": "c9676fb53915c536e02c5deba13bdcdd3cfc322b", "best_bid": "0.33", "best_ask": "0.82"}, {"asset_id": "69103578602577506445128884144969758220407685799853106314819017171186286635199", "price": "0.84", "size": "125", "side": "SELL", "hash": "1524b02e63c6de2517c717b73790f0cd19abf713", "best_bid": "0.18", "best_ask": "0.67"}], "timestamp": "1769384103789", "event_type": "price_change"}}
{"_local_timestamp": "2026-01-25T23:35:03.924820+00:00", "data": {"market": "0xf5f1da6b4e154877efc4f17f4bab1048eb4cc16e92fc61e2f97b0c4f8e49e938", "price_changes": [{"asset_id": "63815437350843670858589643246383750933010151607978271815924624456575230269248", "price": "0.17", "size": "151.47", "side": "BUY", "hash": "a2fca3f791b16c5cc1594876ce87cf39b355c55d", "best_bid": "0.33", "best_ask": "0.82"}, {"asset_id": "69103578602577506445128884144969758220407685799853106314819017171186286635199", "price": "0.83", "size": "151.47", "side": "SELL", "hash": "f8da018e87bf6de9b73fe726eaee61a70fba85e5", "best_bid": "0.18", "best_ask": "0.67"}], "timestamp": "1769384103791", "event_type": "price_change"}}
{"_local_timestamp": "2026-01-25T23:35:03.925337+00:00", "data": {"market": "0xf5f1da6b4e154877efc4f17f4bab1048eb4cc16e92fc61e2f97b0c4f8e49e938", "price_changes": [{"asset_id": "63815437350843670858589643246383750933010151607978271815924624456575230269248", "price": "0.13", "size": "300", "side": "BUY", "hash": "3fcd2e9c3d111e38da01ebdfcd446711ca079429", "best_bid": "0.33", "best_ask": "0.82"}, {"asset_id": "69103578602577506445128884144969758220407685799853106314819017171186286635199", "price": "0.87", "size": "300", "side": "SELL", "hash": "01fe4c6f89c4777bea0f50585aba82b5a8799604", "best_bid": "0.18", "best_ask": "0.67"}], "timestamp": "1769384103792", "event_type": "price_change"}}
{"_local_timestamp": "2026-01-25T23:35:03.926710+00:00", "data": {"market": "0xf5f1da6b4e154877efc4f17f4bab1048eb4cc16e92fc61e2f97b0c4f8e49e938", "price_changes": [{"asset_id": "69103578602577506445128884144969758220407685799853106314819017171186286635199", "price": "0.07", "size": "210.67", "side": "BUY", "hash": "63a12bf2d896bdca354abd46966fb9229242748b", "best_bid": "0.18", "best_ask": "0.67"}, {"asset_id": "63815437350843670858589643246383750933010151607978271815924624456575230269248", "price": "0.93", "size": "210.67", "side": "SELL", "hash": "9dc0dac264b127313289c471116bf8008a283c82", "best_bid": "0.33", "best_ask": "0.82"}], "timestamp": "1769384103794", "event_type": "price_change"}}
{"_local_timestamp": "2026-01-25T23:35:03.927248+00:00", "data": {"market": "0xf5f1da6b4e154877efc4f17f4bab1048eb4cc16e92fc61e2f97b0c4f8e49e938", "price_changes": [{"asset_id": "69103578602577506445128884144969758220407685799853106314819017171186286635199", "price": "0.09", "size": "136.11", "side": "BUY", "hash": "01bc69174cbf87e1d7b2d1f082e721fbd7496cf1", "best_bid": "0.18", "best_ask": "0.67"}, {"asset_id": "63815437350843670858589643246383750933010151607978271815924624456575230269248", "price": "0.91", "size": "136.11", "side": "SELL", "hash": "0eed7a6b465ace92f02d67b100ee2a9bd29af6ff", "best_bid": "0.33", "best_ask": "0.82"}], "timestamp": "1769384103795", "event_type": "price_change"}}
{"_local_timestamp": "2026-01-25T23:35:03.927719+00:00", "data": {"market": "0xf5f1da6b4e154877efc4f17f4bab1048eb4cc16e92fc61e2f97b0c4f8e49e938", "price_changes": [{"asset_id": "69103578602577506445128884144969758220407685799853106314819017171186286635199", "price": "0.06", "size": "340", "side": "BUY", "hash": "05e889f6a32bb1c818989b1fa5e85882871cdcaf", "best_bid": "0.18", "best_ask": "0.67"}, {"asset_id": "63815437350843670858589643246383750933010151607978271815924624456575230269248", "price": "0.94", "size": "340", "side": "SELL", "hash": "8e480b05c7e71b16650bf1e4947584682191a33f", "best_bid": "0.33", "best_ask": "0.82"}], "timestamp": "1769384103797", "event_type": "price_change"}}
{"_local_timestamp": "2026-01-25T23:35:03.928263+00:00", "data": {"market": "0xf5f1da6b4e154877efc4f17f4bab1048eb4cc16e92fc61e2f97b0c4f8e49e938", "price_changes": [{"asset_id": "69103578602577506445128884144969758220407685799853106314819017171186286635199", "price": "0.08", "size": "587.5", "side": "BUY", "hash": "b3fc91e65785830d09e17f8bc30a76479510cca8", "best_bid": "0.18", "best_ask": "0.67"}, {"asset_id": "63815437350843670858589643246383750933010151607978271815924624456575230269248", "price": "0.92", "size": "587.5", "side": "SELL", "hash": "5071b938356225760970f391b1e2ca87c8bf397b", "best_bid": "0.33", "best_ask": "0.82"}], "timestamp": "1769384103798", "event_type": "price_change"}}
{"_local_timestamp": "2026-01-25T23:35:04.170021+00:00", "data": {"market": "0xabc298cc3b8f2f71e5b5fac93c143511febd8881a8789477649d16799628fd22", "price_changes": [{"asset_id": "103484252200720329038183287117844612461976965767900045310070621317188250923489", "price": "0.02", "size": "700", "side": "BUY", "hash": "7b45feaaf6b032f1c14d157980667112d22cca42", "best_bid": "0.2", "best_ask": "0.67"}, {"asset_id": "69416253506612672665445917464735860963819479446257172285288784162224167788583", "price": "0.98", "size": "700", "side": "SELL", "hash": "924ead09bee3d5023291a76a71c9bbf1c909dad8", "best_bid": "0.33", "best_ask": "0.8"}], "timestamp": "1769384104009", "event_type": "price_change"}}
{"_local_timestamp": "2026-01-25T23:35:04.170586+00:00", "data": {"market": "0xabc298cc3b8f2f71e5b5fac93c143511febd8881a8789477649d16799628fd22", "price_changes": [{"asset_id": "69416253506612672665445917464735860963819479446257172285288784162224167788583", "price": "0.07", "size": "0", "side": "BUY", "hash": "db667b3ddc40250a9249c16847d86bd82114cc13", "best_bid": "0.33", "best_ask": "0.8"}, {"asset_id": "103484252200720329038183287117844612461976965767900045310070621317188250923489", "price": "0.93", "size": "0", "side": "SELL", "hash": "0d97f165093d3538774f65d184c6fff02776de1f", "best_bid": "0.2", "best_ask": "0.67"}], "timestamp": "1769384104010", "event_type": "price_change"}}
{"_local_timestamp": "2026-01-25T23:35:04.171063+00:00", "data": {"market": "0xabc298cc3b8f2f71e5b5fac93c143511febd8881a8789477649d16799628fd22", "price_changes": [{"asset_id": "69416253506612672665445917464735860963819479446257172285288784162224167788583", "price": "0.09", "size": "0", "side": "BUY", "hash": "db667b3ddc40250a9249c16847d86bd82114cc13", "best_bid": "0.33", "best_ask": "0.8"}, {"asset_id": "103484252200720329038183287117844612461976965767900045310070621317188250923489", "price": "0.91", "size": "0", "side": "SELL", "hash": "0d97f165093d3538774f65d184c6fff02776de1f", "best_bid": "0.2", "best_ask": "0.67"}], "timestamp": "1769384104010", "event_type": "price_change"}}
{"_local_timestamp": "2026-01-25T23:35:04.171543+00:00", "data": {"market": "0xabc298cc3b8f2f71e5b5fac93c143511febd8881a8789477649d16799628fd22", "price_changes": [{"asset_id": "69416253506612672665445917464735860963819479446257172285288784162224167788583", "price": "0.08", "size": "306.33", "side": "BUY", "hash": "db667b3ddc40250a9249c16847d86bd82114cc13", "best_bid": "0.33", "best_ask": "0.8"}, {"asset_id": "103484252200720329038183287117844612461976965767900045310070621317188250923489", "price": "0.92", "size": "306.33", "side": "SELL", "hash": "0d97f165093d3538774f65d184c6fff02776de1f", "best_bid": "0.2", "best_ask": "0.67"}], "timestamp": "1769384104010", "event_type": "price_change"}}
{"_local_timestamp": "2026-01-25T23:35:06.259539+00:00", "data": {"market": "0xabc298cc3b8f2f71e5b5fac93c143511febd8881a8789477649d16799628fd22", "price_changes": [{"asset_id": "69416253506612672665445917464735860963819479446257172285288784162224167788583", "price": "0.15", "size": "80.6", "side": "BUY", "hash": "890df21b71daaab994204927b369a144ab8a748e", "best_bid": "0.33", "best_ask": "0.8"}, {"asset_id": "103484252200720329038183287117844612461976965767900045310070621317188250923489", "price": "0.85", "size": "80.6", "side": "SELL", "hash": "1280f645348341360499b523c82eff47fabe88be", "best_bid": "0.2", "best_ask": "0.67"}], "timestamp": "1769384106027", "event_type": "price_change"}}
{"_local_timestamp": "2026-01-25T23:35:06.260244+00:00", "data": {"market": "0xabc298cc3b8f2f71e5b5fac93c143511febd8881a8789477649d16799628fd22", "price_changes": [{"asset_id": "69416253506612672665445917464735860963819479446257172285288784162224167788583", "price": "0.12", "size": "300", "side": "BUY", "hash": "e5de3c2b1631687ab8cb3ef91d430768a2bef501", "best_bid": "0.33", "best_ask": "0.8"}, {"asset_id": "103484252200720329038183287117844612461976965767900045310070621317188250923489", "price": "0.88", "size": "300", "side": "SELL", "hash": "a007a78f5f3ce7b40dc46cf94047d9387fef07ed", "best_bid": "0.2", "best_ask": "0.67"}], "timestamp": "1769384106038", "event_type": "price_change"}}
{"_local_timestamp": "2026-01-25T23:35:06.269732+00:00", "data": {"market": "0xabc298cc3b8f2f71e5b5fac93c143511febd8881a8789477649d16799628fd22", "price_changes": [{"asset_id": "103484252200720329038183287117844612461976965767900045310070621317188250923489", "price": "0.07", "size": "311.19", "side": "BUY", "hash": "224b025be0539b0a5e258fda0c1378c08d86443b", "best_bid": "0.2", "best_ask": "0.67"}, {"asset_id": "69416253506612672665445917464735860963819479446257172285288784162224167788583", "price": "0.93", "size": "311.19", "side": "SELL", "hash": "0c844475dfb9127c7895f03d1f1d19d11dbcabe6", "best_bid": "0.33", "best_ask": "0.8"}], "timestamp": "1769384106048", "event_type": "price_change"}}
{"_local_timestamp": "2026-01-25T23:35:06.278495+00:00", "data": {"market": "0xabc298cc3b8f2f71e5b5fac93c143511febd8881a8789477649d16799628fd22", "price_changes": [{"asset_id": "103484252200720329038183287117844612461976965767900045310070621317188250923489", "price": "0.09", "size": "186.11", "side": "BUY", "hash": "f209427c721160d868f25eaaacd4f8f7d396a446", "best_bid": "0.2", "best_ask": "0.67"}, {"asset_id": "69416253506612672665445917464735860963819479446257172285288784162224167788583", "price": "0.91", "size": "186.11", "side": "SELL", "hash": "2a1da730a33662c592ceecbc659746bb08b88263", "best_bid": "0.33", "best_ask": "0.8"}], "timestamp": "1769384106057", "event_type": "price_change"}}
{"_local_timestamp": "2026-01-25T23:35:06.286141+00:00", "data": {"market": "0xabc298cc3b8f2f71e5b5fac93c143511febd8881a8789477649d16799628fd22", "price_changes": [{"asset_id": "103484252200720329038183287117844612461976965767900045310070621317188250923489", "price": "0.08", "size": "662.5", "side": "BUY", "hash": "44969e3cbb53c03032ac9274994adac9bdbe50f3", "best_bid": "0.2", "best_ask": "0.67"}, {"asset_id": "69416253506612672665445917464735860963819479446257172285288784162224167788583", "price": "0.92", "size": "662.5", "side": "SELL", "hash": "e15ab6d01f9c271eecea9df04c12452ef6495c50", "best_bid": "0.33", "best_ask": "0.8"}], "timestamp": "1769384106065", "event_type": "price_change"}}
{"_local_timestamp": "2026-01-25T23:35:06.286749+00:00", "data": {"market": "0xabc298cc3b8f2f71e5b5fac93c143511febd8881a8789477649d16799628fd22", "price_changes": [{"asset_id": "103484252200720329038183287117844612461976965767900045310070621317188250923489", "price": "0.1", "size": "75", "side": "BUY", "hash": "96a70cc4c1096dcbbc25f98fbd2bbe58a27ddf9e", "best_bid": "0.2", "best_ask": "0.67"}, {"asset_id": "69416253506612672665445917464735860963819479446257172285288784162224167788583", "price": "0.9", "size": "75", "side": "SELL", "hash": "63a1f703c294108cb29f6f8f54c6f6267e4ea777", "best_bid": "0.33", "best_ask": "0.8"}], "timestamp": "1769384106073", "event_type": "price_change"}}
{"_local_timestamp": "2026-01-25T23:35:06.294371+00:00", "data": {"market": "0xabc298cc3b8f2f71e5b5fac93c143511febd8881a8789477649d16799628fd22", "price_changes": [{"asset_id": "69416253506612672665445917464735860963819479446257172285288784162224167788583", "price": "0.14", "size": "217.85", "side": "BUY", "hash": "b16c07e2f6dcca8be2ecd766c9c71418c836d1d1", "best_bid": "0.33", "best_ask": "0.8"}, {"asset_id": "103484252200720329038183287117844612461976965767900045310070621317188250923489", "price": "0.86", "size": "217.85", "side": "SELL", "hash": "e33566acd7e13142b441f6963ab4d69ce98a979c", "best_bid": "0.2", "best_ask": "0.67"}], "timestamp": "1769384106080", "event_type": "price_change"}}
{"_local_timestamp": "2026-01-25T23:35:06.295110+00:00", "data": {"market": "0xabc298cc3b8f2f71e5b5fac93c143511febd8881a8789477649d16799628fd22", "price_changes": [{"asset_id": "69416253506612672665445917464735860963819479446257172285288784162224167788583", "price": "0.13", "size": "200", "side": "BUY", "hash": "13ae6ea0c19a20ba582d56ec0cf27379cd322fa5", "best_bid": "0.33", "best_ask": "0.8"}, {"asset_id": "103484252200720329038183287117844612461976965767900045310070621317188250923489", "price": "0.87", "size": "200", "side": "SELL", "hash": "ad73de8fd31ccd88d90dc8381ccfad555565c8af", "best_bid": "0.2", "best_ask": "0.67"}], "timestamp": "1769384106088", "event_type": "price_change"}}
{"_local_timestamp": "2026-01-25T23:35:10.240604+00:00", "data": {"market": "0xabc298cc3b8f2f71e5b5fac93c143511febd8881a8789477649d16799628fd22", "price_changes": [{"asset_id": "69416253506612672665445917464735860963819479446257172285288784162224167788583", "price": "0.18", "size": "8.5", "side": "BUY", "hash": "c99feeea49ff166882a20b1606fd140056d388c8", "best_bid": "0.33", "best_ask": "0.8"}, {"asset_id": "103484252200720329038183287117844612461976965767900045310070621317188250923489", "price": "0.82", "size": "8.5", "side": "SELL", "hash": "6b956837448add51c30b67a383fed41992953358", "best_bid": "0.2", "best_ask": "0.67"}], "timestamp": "1769384110029", "event_type": "price_change"}}
{"_local_timestamp": "2026-01-25T23:35:10.241687+00:00", "data": {"market": "0xabc298cc3b8f2f71e5b5fac93c143511febd8881a8789477649d16799628fd22", "price_changes": [{"asset_id": "103484252200720329038183287117844612461976965767900045310070621317188250923489", "price": "0.21", "size": "8.5", "side": "BUY", "hash": "bd7f21da106e72613def65f7d2232a78a03fa9fb", "best_bid": "0.21", "best_ask": "0.67"}, {"asset_id": "69416253506612672665445917464735860963819479446257172285288784162224167788583", "price": "0.79", "size": "8.5", "side": "SELL", "hash": "1c5dd2f75d5bbd0eea0e4ae4700589baeb7c84c6", "best_bid": "0.33", "best_ask": "0.79"}], "timestamp": "1769384110030", "event_type": "price_change"}}
{"_local_timestamp": "2026-01-25T23:35:14.652838+00:00", "data": {"market": "0xabc298cc3b8f2f71e5b5fac93c143511febd8881a8789477649d16799628fd22", "price_changes": [{"asset_id": "103484252200720329038183287117844612461976965767900045310070621317188250923489", "price": "0.2", "size": "0", "side": "BUY", "hash": "96d4f887aac95005c5ec0dcbb9e8d4dcb68e0c90", "best_bid": "0.21", "best_ask": "0.67"}, {"asset_id": "69416253506612672665445917464735860963819479446257172285288784162224167788583", "price": "0.8", "size": "0", "side": "SELL", "hash": "7de56dd3989ede8bf67a8b6504e9a6284667041a", "best_bid": "0.33", "best_ask": "0.79"}], "timestamp": "1769384114452", "event_type": "price_change"}}
{"_local_timestamp": "2026-01-25T23:35:15.027906+00:00", "data": {"market": "0xabc298cc3b8f2f71e5b5fac93c143511febd8881a8789477649d16799628fd22", "price_changes": [{"asset_id": "103484252200720329038183287117844612461976965767900045310070621317188250923489", "price": "0.22", "size": "150", "side": "BUY", "hash": "dabeddd989d109d9302c0c00e9bccf7dba6dab03", "best_bid": "0.22", "best_ask": "0.67"}, {"asset_id": "69416253506612672665445917464735860963819479446257172285288784162224167788583", "price": "0.78", "size": "150", "side": "SELL", "hash": "e9cbb39798fb187b172d4664ce0cc25eb9f55bcd", "best_bid": "0.33", "best_ask": "0.78"}], "timestamp": "1769384114820", "event_type": "price_change"}}
{"_local_timestamp": "2026-01-25T23:35:21.753346+00:00", "data": {"market": "0xabc298cc3b8f2f71e5b5fac93c143511febd8881a8789477649d16799628fd22", "price_changes": [{"asset_id": "103484252200720329038183287117844612461976965767900045310070621317188250923489", "price": "0.21", "size": "0", "side": "BUY", "hash": "3a3c71b6d2167059935d2496c0d787e4c165222a", "best_bid": "0.22", "best_ask": "0.67"}, {"asset_id": "69416253506612672665445917464735860963819479446257172285288784162224167788583", "price": "0.79", "size": "0", "side": "SELL", "hash": "178c711cf6974ed7ada3d229b53584022af36890", "best_bid": "0.33", "best_ask": "0.78"}], "timestamp": "1769384121465", "event_type": "price_change"}}
{"_local_timestamp": "2026-01-25T23:35:21.753955+00:00", "data": {"market": "0xabc298cc3b8f2f71e5b5fac93c143511febd8881a8789477649d16799628fd22", "price_changes": [{"asset_id": "103484252200720329038183287117844612461976965767900045310070621317188250923489", "price": "0.11", "size": "9.19", "side": "BUY", "hash": "db5cb225e81720bd21b64d44683716beb7f93b41", "best_bid": "0.22", "best_ask": "0.67"}, {"asset_id": "69416253506612672665445917464735860963819479446257172285288784162224167788583", "price": "0.89", "size": "9.19", "side": "SELL", "hash": "08edd98461b58308a3cf6e219f5437737022d6e6", "best_bid": "0.33", "best_ask": "0.78"}], "timestamp": "1769384121520", "event_type": "price_change"}}
{"_local_timestamp": "2026-01-25T23:35:25.510781+00:00", "data": {"market": "0xabc298cc3b8f2f71e5b5fac93c143511febd8881a8789477649d16799628fd22", "price_changes": [{"asset_id": "103484252200720329038183287117844612461976965767900045310070621317188250923489", "price": "0.22", "size": "0", "side": "BUY", "hash": "e6b03ec29ffbdc25b59ee275ac9608000b6f3658", "best_bid": "0.19", "best_ask": "0.67"}, {"asset_id": "69416253506612672665445917464735860963819479446257172285288784162224167788583", "price": "0.78", "size": "0", "side": "SELL", "hash": "d6445f94c48902744346ae52db1fd64365de4fec", "best_bid": "0.33", "best_ask": "0.81"}], "timestamp": "1769384125290", "event_type": "price_change"}}
{"_local_timestamp": "2026-01-25T23:35:25.878659+00:00", "data": {"market": "0xabc298cc3b8f2f71e5b5fac93c143511febd8881a8789477649d16799628fd22", "price_changes": [{"asset_id": "103484252200720329038183287117844612461976965767900045310070621317188250923489", "price": "0.2", "size": "150", "side": "BUY", "hash": "16e9b57ce4af4a0fcf01d7a5baa7bb89a9a3dbc4", "best_bid": "0.2", "best_ask": "0.67"}, {"asset_id": "69416253506612672665445917464735860963819479446257172285288784162224167788583", "price": "0.8", "size": "150", "side": "SELL", "hash": "63062e0bcd6e4f3bd413f192a4aa82e889f743ae", "best_bid": "0.33", "best_ask": "0.8"}], "timestamp": "1769384125657", "event_type": "price_change"}}
{"_local_timestamp": "2026-01-25T23:35:30.494733+00:00", "data": {"market": "0xabc298cc3b8f2f71e5b5fac93c143511febd8881a8789477649d16799628fd22", "price_changes": [{"asset_id": "103484252200720329038183287117844612461976965767900045310070621317188250923489", "price": "0.11", "size": "0", "side": "BUY", "hash": "483de76ae0d49594138bbfb1d68cea7bc9df6978", "best_bid": "0.2", "best_ask": "0.67"}, {"asset_id": "69416253506612672665445917464735860963819479446257172285288784162224167788583", "price": "0.89", "size": "0", "side": "SELL", "hash": "13d3faccdb0cd7354a71644bf463b03bdc8fcc4c", "best_bid": "0.33", "best_ask": "0.8"}], "timestamp": "1769384130266", "event_type": "price_change"}}
{"_local_timestamp": "2026-01-25T23:35:30.543842+00:00", "data": {"market": "0xabc298cc3b8f2f71e5b5fac93c143511febd8881a8789477649d16799628fd22", "price_changes": [{"asset_id": "103484252200720329038183287117844612461976965767900045310070621317188250923489", "price": "0.21", "size": "8.5", "side": "BUY", "hash": "7c8bef3be73fcd0dcc31c0d03bbaa069f43103ab", "best_bid": "0.21", "best_ask": "0.67"}, {"asset_id": "69416253506612672665445917464735860963819479446257172285288784162224167788583", "price": "0.79", "size": "8.5", "side": "SELL", "hash": "d0be88f2515ab40b4fc563528a09dec4a44e8efd", "best_bid": "0.33", "best_ask": "0.79"}], "timestamp": "1769384130314", "event_type": "price_change"}}
{"_local_timestamp": "2026-01-25T23:35:31.020529+00:00", "data": {"market": "0xabc298cc3b8f2f71e5b5fac93c143511febd8881a8789477649d16799628fd22", "price_changes": [{"asset_id": "103484252200720329038183287117844612461976965767900045310070621317188250923489", "price": "0.2", "size": "0", "side": "BUY", "hash": "d7d1fddf34db05c9e52122d4bcecb770e0929f16", "best_bid": "0.21", "best_ask": "0.67"}, {"asset_id": "69416253506612672665445917464735860963819479446257172285288784162224167788583", "price": "0.8", "size": "0", "side": "SELL", "hash": "d59d66f04e7e11e2a2b692310fec727889756a94", "best_bid": "0.33", "best_ask": "0.79"}], "timestamp": "1769384130798", "event_type": "price_change"}}
{"_local_timestamp": "2026-01-25T23:35:31.347861+00:00", "data": {"market": "0xabc298cc3b8f2f71e5b5fac93c143511febd8881a8789477649d16799628fd22", "price_changes": [{"asset_id": "103484252200720329038183287117844612461976965767900045310070621317188250923489", "price": "0.22", "size": "150", "side": "BUY", "hash": "52c93a1371f647ec5ee7eb99c05a3d03ebf30316", "best_bid": "0.22", "best_ask": "0.67"}, {"asset_id": "69416253506612672665445917464735860963819479446257172285288784162224167788583", "price": "0.78", "size": "150", "side": "SELL", "hash": "b166a786e1d6d282aeb1c9519d0260206648c314", "best_bid": "0.33", "best_ask": "0.78"}], "timestamp": "1769384131100", "event_type": "price_change"}}
{"_local_timestamp": "2026-01-25T23:35:38.635072+00:00", "data": {"market": "0xabc298cc3b8f2f71e5b5fac93c143511febd8881a8789477649d16799628fd22", "price_changes": [{"asset_id": "103484252200720329038183287117844612461976965767900045310070621317188250923489", "price": "0.21", "size": "0", "side": "BUY", "hash": "b2960005070c41fe3566d8f1658b9843a9717848", "best_bid": "0.22", "best_ask": "0.67"}, {"asset_id": "69416253506612672665445917464735860963819479446257172285288784162224167788583", "price": "0.79", "size": "0", "side": "SELL", "hash": "26c1d2f66fc9efeb4a172b5cd192ff3e94555ed0", "best_bid": "0.33", "best_ask": "0.78"}], "timestamp": "1769384138558", "event_type": "price_change"}}
{"_local_timestamp": "2026-01-25T23:35:38.686758+00:00", "data": {"market": "0xabc298cc3b8f2f71e5b5fac93c143511febd8881a8789477649d16799628fd22", "price_changes": [{"asset_id": "103484252200720329038183287117844612461976965767900045310070621317188250923489", "price": "0.11", "size": "9.19", "side": "BUY", "hash": "e960c9c78e3f96b849067235c0a6b6dc6342d131", "best_bid": "0.22", "best_ask": "0.67"}, {"asset_id": "69416253506612672665445917464735860963819479446257172285288784162224167788583", "price": "0.89", "size": "9.19", "side": "SELL", "hash": "3cf2bbbbd6e9ffaced34cf7856922e7ea7735b3f", "best_bid": "0.33", "best_ask": "0.78"}], "timestamp": "1769384138614", "event_type": "price_change"}}
{"_local_timestamp": "2026-01-25T23:35:41.714693+00:00", "data": {"market": "0xabc298cc3b8f2f71e5b5fac93c143511febd8881a8789477649d16799628fd22", "price_changes": [{"asset_id": "103484252200720329038183287117844612461976965767900045310070621317188250923489", "price": "0.22", "size": "0", "side": "BUY", "hash": "20895389f3dab68e5e4326020b9026d1bb1a3937", "best_bid": "0.19", "best_ask": "0.67"}, {"asset_id": "69416253506612672665445917464735860963819479446257172285288784162224167788583", "price": "0.78", "size": "0", "side": "SELL", "hash": "2dd4f3ab27d8b2ace505aff5a66875dcec2258f4", "best_bid": "0.33", "best_ask": "0.81"}], "timestamp": "1769384141638", "event_type": "price_change"}}
{"_local_timestamp": "2026-01-25T23:35:42.171669+00:00", "data": {"market": "0xabc298cc3b8f2f71e5b5fac93c143511febd8881a8789477649d16799628fd22", "price_changes": [{"asset_id": "103484252200720329038183287117844612461976965767900045310070621317188250923489", "price": "0.2", "size": "150", "side": "BUY", "hash": "b5231ae6a168b22ef544e53f560d67950fb4affc", "best_bid": "0.2", "best_ask": "0.67"}, {"asset_id": "69416253506612672665445917464735860963819479446257172285288784162224167788583", "price": "0.8", "size": "150", "side": "SELL", "hash": "86e8bda70aef92bfcee6f22e99c6791f06f296f9", "best_bid": "0.33", "best_ask": "0.8"}], "timestamp": "1769384142102", "event_type": "price_change"}}
{"_local_timestamp": "2026-01-25T23:35:46.015792+00:00", "data": {"market": "0xabc298cc3b8f2f71e5b5fac93c143511febd8881a8789477649d16799628fd22", "price_changes": [{"asset_id": "103484252200720329038183287117844612461976965767900045310070621317188250923489", "price": "0.11", "size": "0", "side": "BUY", "hash": "53e54ae0dc203b53ecf62aab7b2facab99f13417", "best_bid": "0.2", "best_ask": "0.67"}, {"asset_id": "69416253506612672665445917464735860963819479446257172285288784162224167788583", "price": "0.89", "size": "0", "side": "SELL", "hash": "4dd4655d28fb585c7f1fffad77657650463a19cd", "best_bid": "0.33", "best_ask": "0.8"}], "timestamp": "1769384145950", "event_type": "price_change"}}
{"_local_timestamp": "2026-01-25T23:35:46.102862+00:00", "data": {"market": "0xabc298cc3b8f2f71e5b5fac93c143511febd8881a8789477649d16799628fd22", "price_changes": [{"asset_id": "103484252200720329038183287117844612461976965767900045310070621317188250923489", "price": "0.21", "size": "8.5", "side": "BUY", "hash": "6225cfd1303e80698fb0628d847b2cecba93b344", "best_bid": "0.21", "best_ask": "0.67"}, {"asset_id": "69416253506612672665445917464735860963819479446257172285288784162224167788583", "price": "0.79", "size": "8.5", "side": "SELL", "hash": "99162827cac4cef2b30521a2e020b5d60817de57", "best_bid": "0.33", "best_ask": "0.79"}], "timestamp": "1769384146007", "event_type": "price_change"}}
{"_local_timestamp": "2026-01-25T23:35:47.384793+00:00", "data": {"market": "0xabc298cc3b8f2f71e5b5fac93c143511febd8881a8789477649d16799628fd22", "price_changes": [{"asset_id": "103484252200720329038183287117844612461976965767900045310070621317188250923489", "price": "0.2", "size": "0", "side": "BUY", "hash": "209bf59c163bdead486473454379cda150045da6", "best_bid": "0.21", "best_ask": "0.67"}, {"asset_id": "69416253506612672665445917464735860963819479446257172285288784162224167788583", "price": "0.8", "size": "0", "side": "SELL", "hash": "fe1d0984ce8c79337d682ef2a4db93b244a0f5f5", "best_bid": "0.33", "best_ask": "0.79"}], "timestamp": "1769384147285", "event_type": "price_change"}}
{"_local_timestamp": "2026-01-25T23:35:47.946955+00:00", "data": {"market": "0xabc298cc3b8f2f71e5b5fac93c143511febd8881a8789477649d16799628fd22", "price_changes": [{"asset_id": "103484252200720329038183287117844612461976965767900045310070621317188250923489", "price": "0.22", "size": "150", "side": "BUY", "hash": "4be9ee7a0d2966c265e83d4eee1eaa930ccd883a", "best_bid": "0.22", "best_ask": "0.67"}, {"asset_id": "69416253506612672665445917464735860963819479446257172285288784162224167788583", "price": "0.78", "size": "150", "side": "SELL", "hash": "836ee0ed31c7d554f6fce150943f3e5153cd6602", "best_bid": "0.33", "best_ask": "0.78"}], "timestamp": "1769384147880", "event_type": "price_change"}}
{"_local_timestamp": "2026-01-25T23:35:54.120389+00:00", "data": {"market": "0xabc298cc3b8f2f71e5b5fac93c143511febd8881a8789477649d16799628fd22", "price_changes": [{"asset_id": "103484252200720329038183287117844612461976965767900045310070621317188250923489", "price": "0.21", "size": "0", "side": "BUY", "hash": "ae879ec564b5a5fe0ae6679458bb16badc18aebe", "best_bid": "0.22", "best_ask": "0.67"}, {"asset_id": "69416253506612672665445917464735860963819479446257172285288784162224167788583", "price": "0.79", "size": "0", "side": "SELL", "hash": "9523e8e164689b0d464e47fa06b0d8f5c1e140fb", "best_bid": "0.33", "best_ask": "0.78"}], "timestamp": "1769384154047", "event_type": "price_change"}}
{"_local_timestamp": "2026-01-25T23:35:54.175123+00:00", "data": {"market": "0xabc298cc3b8f2f71e5b5fac93c143511febd8881a8789477649d16799628fd22", "price_changes": [{"asset_id": "103484252200720329038183287117844612461976965767900045310070621317188250923489", "price": "0.11", "size": "9.19", "side": "BUY", "hash": "46e9bae7af0430dfbd8eccf3fb553e1dc3bed4de", "best_bid": "0.22", "best_ask": "0.67"}, {"asset_id": "69416253506612672665445917464735860963819479446257172285288784162224167788583", "price": "0.89", "size": "9.19", "side": "SELL", "hash": "760bcf3269e61642020fa14d6e0afde4aeb6a716", "best_bid": "0.33", "best_ask": "0.78"}], "timestamp": "1769384154098", "event_type": "price_change"}}
{"_local_timestamp": "2026-01-25T23:35:58.543157+00:00", "data": {"market": "0xabc298cc3b8f2f71e5b5fac93c143511febd8881a8789477649d16799628fd22", "price_changes": [{"asset_id": "103484252200720329038183287117844612461976965767900045310070621317188250923489", "price": "0.22", "size": "0", "side": "BUY", "hash": "2e825485fe45a08f7924f608be5cd7d67d867420", "best_bid": "0.19", "best_ask": "0.67"}, {"asset_id": "69416253506612672665445917464735860963819479446257172285288784162224167788583", "price": "0.78", "size": "0", "side": "SELL", "hash": "166ff2b868fb8cd23d2db7615359f791304ad10f", "best_bid": "0.33", "best_ask": "0.81"}], "timestamp": "1769384158473", "event_type": "price_change"}}
{"_local_timestamp": "2026-01-25T23:35:58.889762+00:00", "data": {"market": "0xabc298cc3b8f2f71e5b5fac93c143511febd8881a8789477649d16799628fd22", "price_changes": [{"asset_id": "103484252200720329038183287117844612461976965767900045310070621317188250923489", "price": "0.2", "size": "150", "side": "BUY", "hash": "f2eb55c267f592454d30f8c6e4e54ea63b104b26", "best_bid": "0.2", "best_ask": "0.67"}, {"asset_id": "69416253506612672665445917464735860963819479446257172285288784162224167788583", "price": "0.8", "size": "150", "side": "SELL", "hash": "22147ec5f0710583badc185ea225e441f3c17ba8", "best_bid": "0.33", "best_ask": "0.8"}], "timestamp": "1769384158816", "event_type": "price_change"}}
{"_local_timestamp": "2026-01-25T23:36:04.166861+00:00", "data": {"market": "0xabc298cc3b8f2f71e5b5fac93c143511febd8881a8789477649d16799628fd22", "price_changes": [{"asset_id": "69416253506612672665445917464735860963819479446257172285288784162224167788583", "price": "0.08", "size": "300", "side": "BUY", "hash": "6139df54910906647d7eb1d6f7ddcc9e320d0e8f", "best_bid": "0.33", "best_ask": "0.8"}, {"asset_id": "103484252200720329038183287117844612461976965767900045310070621317188250923489", "price": "0.92", "size": "300", "side": "SELL", "hash": "f86ec26c2f0b2a415a5670e02da63129cfce618d", "best_bid": "0.2", "best_ask": "0.67"}], "timestamp": "1769384164079", "event_type": "price_change"}}
{"_local_timestamp": "2026-01-25T23:36:04.167684+00:00", "data": {"market": "0xabc298cc3b8f2f71e5b5fac93c143511febd8881a8789477649d16799628fd22", "price_changes": [{"asset_id": "69416253506612672665445917464735860963819479446257172285288784162224167788583", "price": "0.15", "size": "75", "side": "BUY", "hash": "6139df54910906647d7eb1d6f7ddcc9e320d0e8f", "best_bid": "0.33", "best_ask": "0.8"}, {"asset_id": "103484252200720329038183287117844612461976965767900045310070621317188250923489", "price": "0.85", "size": "75", "side": "SELL", "hash": "f86ec26c2f0b2a415a5670e02da63129cfce618d", "best_bid": "0.2", "best_ask": "0.67"}], "timestamp": "1769384164079", "event_type": "price_change"}}
{"_local_timestamp": "2026-01-25T23:36:04.168381+00:00", "data": {"market": "0xf5f1da6b4e154877efc4f17f4bab1048eb4cc16e92fc61e2f97b0c4f8e49e938", "price_changes": [{"asset_id": "63815437350843670858589643246383750933010151607978271815924624456575230269248", "price": "0.02", "size": "700", "side": "BUY", "hash": "44136b4444cec0baa5d0a9644a8e61dc9bf73eaf", "best_bid": "0.33", "best_ask": "0.82"}, {"asset_id": "69103578602577506445128884144969758220407685799853106314819017171186286635199", "price": "0.98", "size": "700", "side": "SELL", "hash": "9f84ea5d58fe0fce70fb6749de391300271215eb", "best_bid": "0.18", "best_ask": "0.67"}], "timestamp": "1769384164079", "event_type": "price_change"}}
{"_local_timestamp": "2026-01-25T23:36:04.169096+00:00", "data": {"market": "0xf5f1da6b4e154877efc4f17f4bab1048eb4cc16e92fc61e2f97b0c4f8e49e938", "price_changes": [{"asset_id": "63815437350843670858589643246383750933010151607978271815924624456575230269248", "price": "0.04", "size": "0", "side": "BUY", "hash": "44136b4444cec0baa5d0a9644a8e61dc9bf73eaf", "best_bid": "0.33", "best_ask": "0.82"}, {"asset_id": "69103578602577506445128884144969758220407685799853106314819017171186286635199", "price": "0.96", "size": "0", "side": "SELL", "hash": "9f84ea5d58fe0fce70fb6749de391300271215eb", "best_bid": "0.18", "best_ask": "0.67"}], "timestamp": "1769384164079", "event_type": "price_change"}}
{"_local_timestamp": "2026-01-25T23:36:04.169703+00:00", "data": {"market": "0xf5f1da6b4e154877efc4f17f4bab1048eb4cc16e92fc61e2f97b0c4f8e49e938", "price_changes": [{"asset_id": "63815437350843670858589643246383750933010151607978271815924624456575230269248", "price": "0.09", "size": "0", "side": "BUY", "hash": "44136b4444cec0baa5d0a9644a8e61dc9bf73eaf", "best_bid": "0.33", "best_ask": "0.82"}, {"asset_id": "69103578602577506445128884144969758220407685799853106314819017171186286635199", "price": "0.91", "size": "0", "side": "SELL", "hash": "9f84ea5d58fe0fce70fb6749de391300271215eb", "best_bid": "0.18", "best_ask": "0.67"}], "timestamp": "1769384164079", "event_type": "price_change"}}
{"_local_timestamp": "2026-01-25T23:36:06.422506+00:00", "data": {"market": "0xabc298cc3b8f2f71e5b5fac93c143511febd8881a8789477649d16799628fd22", "price_changes": [{"asset_id": "69416253506612672665445917464735860963819479446257172285288784162224167788583", "price": "0.09", "size": "5.49", "side": "BUY", "hash": "6cb9a939ed293919464fe48b098522d2802dd15e", "best_bid": "0.33", "best_ask": "0.8"}, {"asset_id": "103484252200720329038183287117844612461976965767900045310070621317188250923489", "price": "0.91", "size": "5.49", "side": "SELL", "hash": "ab1ac491cd8d7dc090698479580af6c02d16794c", "best_bid": "0.2", "best_ask": "0.67"}], "timestamp": "1769384166354", "event_type": "price_change"}}
{"_local_timestamp": "2026-01-25T23:36:06.423244+00:00", "data": {"market": "0xf5f1da6b4e154877efc4f17f4bab1048eb4cc16e92fc61e2f97b0c4f8e49e938", "price_changes": [{"asset_id": "63815437350843670858589643246383750933010151607978271815924624456575230269248", "price": "0.01", "size": "135.42", "side": "BUY", "hash": "8ce08aa5c7f181e2c9f254e09d2f23425e8e3108", "best_bid": "0.33", "best_ask": "0.82"}, {"asset_id": "69103578602577506445128884144969758220407685799853106314819017171186286635199", "price": "0.99", "size": "135.42", "side": "SELL", "hash": "abac63d4c317fd168ceae133c3df5a4c428cf47d", "best_bid": "0.18", "best_ask": "0.67"}], "timestamp": "1769384166354", "event_type": "price_change"}}
{"_local_timestamp": "2026-01-25T23:36:06.425120+00:00", "data": {"market": "0xabc298cc3b8f2f71e5b5fac93c143511febd8881a8789477649d16799628fd22", "price_changes": [{"asset_id": "69416253506612672665445917464735860963819479446257172285288784162224167788583", "price": "0.16", "size": "74.07", "side": "BUY", "hash": "63e28a0baefecab5668b85ff3f5bfb9b4f24e534", "best_bid": "0.33", "best_ask": "0.8"}, {"asset_id": "103484252200720329038183287117844612461976965767900045310070621317188250923489", "price": "0.84", "size": "74.07", "side": "SELL", "hash": "4582596e66800d91d7b83e4d8dc53bb91d04be97", "best_bid": "0.2", "best_ask": "0.67"}], "timestamp": "1769384166356", "event_type": "price_change"}}
{"_local_timestamp": "2026-01-25T23:36:06.425815+00:00", "data": {"market": "0xf5f1da6b4e154877efc4f17f4bab1048eb4cc16e92fc61e2f97b0c4f8e49e938", "price_changes": [{"asset_id": "63815437350843670858589643246383750933010151607978271815924624456575230269248", "price": "0.07", "size": "8.75", "side": "BUY", "hash": "e049b909e8e5cf86e57c75e6ed021e4527518540", "best_bid": "0.33", "best_ask": "0.82"}, {"asset_id": "69103578602577506445128884144969758220407685799853106314819017171186286635199", "price": "0.93", "size": "8.75", "side": "SELL", "hash": "bb7f170bbe65edc265c93f2ddd4b2e4b226f9b92", "best_bid": "0.18", "best_ask": "0.67"}], "timestamp": "1769384166357", "event_type": "price_change"}}
{"_local_timestamp": "2026-01-25T23:36:06.426408+00:00", "data": {"market": "0xf5f1da6b4e154877efc4f17f4bab1048eb4cc16e92fc61e2f97b0c4f8e49e938", "price_changes": [{"asset_id": "63815437350843670858589643246383750933010151607978271815924624456575230269248", "price": "0.15", "size": "6.24", "side": "BUY", "hash": "3403ce3070954b96f7f68a3b96e365cb67edbe94", "best_bid": "0.33", "best_ask": "0.82"}, {"asset_id": "69103578602577506445128884144969758220407685799853106314819017171186286635199", "price": "0.85", "size": "6.24", "side": "SELL", "hash": "8e509983b849e27b21b8f0843bdf97a468a7b5d3", "best_bid": "0.18", "best_ask": "0.67"}], "timestamp": "1769384166359", "event_type": "price_change"}}
{"_local_timestamp": "2026-01-25T23:36:06.478601+00:00", "data": {"market": "0xabc298cc3b8f2f71e5b5fac93c143511febd8881a8789477649d16799628fd22", "price_changes": [{"asset_id": "103484252200720329038183287117844612461976965767900045310070621317188250923489", "price": "0.11", "size": "0", "side": "BUY", "hash": "37fc879dce3442cddcb134e215716aee202f0668", "best_bid": "0.2", "best_ask": "0.67"}, {"asset_id": "69416253506612672665445917464735860963819479446257172285288784162224167788583", "price": "0.89", "size": "0", "side": "SELL", "hash": "de9ccde063ce5a356d4595aaf43e184402460212", "best_bid": "0.33", "best_ask": "0.8"}], "timestamp": "1769384166409", "event_type": "price_change"}}
{"_local_timestamp": "2026-01-25T23:36:06.529148+00:00", "data": {"market": "0xabc298cc3b8f2f71e5b5fac93c143511febd8881a8789477649d16799628fd22", "price_changes": [{"asset_id": "103484252200720329038183287117844612461976965767900045310070621317188250923489", "price": "0.21", "size": "8.5", "side": "BUY", "hash": "09efcb3cd5047c9044393fd7abd6469b0ffb8351", "best_bid": "0.21", "best_ask": "0.67"}, {"asset_id": "69416253506612672665445917464735860963819479446257172285288784162224167788583", "price": "0.79", "size": "8.5", "side": "SELL", "hash": "927470548be4b577e73b1472f26669bbd541ba09", "best_bid": "0.33", "best_ask": "0.79"}], "timestamp": "1769384166454", "event_type": "price_change"}}
