{"_local_timestamp": "2026-01-25T23:41:29.811456+00:00", "data": [{"market": "0x9a2017fc430cf9586e746d94ccbe6df035388024aafc719da127fee75a8ea110", "asset_id": "52167307405691935301030662620567755457720294077426080975789211642466169710344", "timestamp": "1769382484888", "hash": "fa686f1f92ee809ad10c9592495c1b650140a65c", "bids": [{"price": "0.01", "size": "385.01"}, {"price": "0.02", "size": "32.49"}], "asks": [{"price": "0.99", "size": "576.9"}, {"price": "0.98", "size": "146.79"}, {"price": "0.97", "size": "21.3"}], "event_type": "book", "last_trade_price": ""}, {"market": "0x307b6fb529228ca17ea016e3f6f62946a0b43c1d5e354f0b9b414f853854b156", "asset_id": "72298316755515665963786334539151316512039761683903673638170363999080051936584", "timestamp": "1769382483685", "hash": "8da1bcd97a357285d56f1eaa1b303a7621132ffd", "bids": [{"price": "0.01", "size": "576.9"}, {"price": "0.02", "size": "146.79"}, {"price": "0.03", "size": "21.3"}], "asks": [{"price": "0.99", "size": "385.01"}, {"price": "0.98", "size": "32.49"}], "event_type": "book", "last_trade_price": ""}, {"market": "0x366adee084f118f566266671525b19bbb2ec8d82ec9cdfdd150e76044ad1be35", "asset_id": "71100011024509531908386656327396666839650410722581466678942440107881633165413", "timestamp": "1769382484886", "hash": "1242cea6f7e42c796eb7e0ab9eea68504e1cc87b", "bids": [{"price": "0.01", "size": "576.9"}, {"price": "0.02", "size": "146.79"}, {"price": "0.03", "size": "21.3"}], "asks": [{"price": "0.99", "size": "385.01"}, {"price": "0.98", "size": "32.49"}], "event_type": "book", "last_trade_price": ""}, {"market": "0xff1e0539c8af6ce363986e7af456e046b55af21740128c0c1f652ff2b7823bba", "asset_id": "28227976207152258612773130193326526375423184531545202735737052365266941111123", "timestamp": "1769382484882", "hash": "b0a13c99e26502484dffde02422d105ab92ee4f3", "bids": [{"price": "0.01", "size": "714.79"}, {"price": "0.02", "size": "26.16"}, {"price": "0.04", "size": "49"}, {"price": "0.05", "size": "149"}, {"price": "0.06", "size": "10.95"}], "asks": [{"price": "0.99", "size": "718.81"}, {"price": "0.98", "size": "33.94"}, {"price": "0.97", "size": "44.07"}, {"price": "0.96", "size": "33"}, {"price": "0.95", "size": "106.01"}], "event_type": "book", "last_trade_price": ""}, {"market": "0x294151a3533cdfd503fa3bc1c25850b7072a903b567d7ddb7b44d330836876e4", "asset_id": "55085442550162036863114167196683977043158324952378783590876115238110494626875", "timestamp": "1769382484891", "hash": "68e6432a02b643193c4373bce5e9832961bada22", "bids": [{"price": "0.01", "size": "576.9"}, {"price": "0.02", "size": "146.79"}, {"price": "0.03", "size": "21.3"}], "asks": [{"price": "0.99", "size": "385.01"}, {"price": "0.98", "size": "32.49"}], "event_type": "book", "last_trade_price": ""}, {"market": "0xff1e0539c8af6ce363986e7af456e046b55af21740128c0c1f652ff2b7823bba", "asset_id": "99110547702842678681594641375622367399878196218124554393781466233294867256613", "timestamp": "1769382484882", "hash": "53fd07da257355eebbd38208685cd5bf882b5711", "bids": [{"price": "0.01", "size": "718.81"}, {"price": "0.02", "size": "33.94"}, {"price": "0.03", "size": "44.07"}, {"price": "0.04", "size": "33"}, {"price": "0.05", "size": "106.01"}], "asks": [{"price": "0.99", "size": "714.79"}, {"price": "0.98", "size": "26.16"}, {"price": "0.96", "size": "49"}, {"price": "0.95", "size": "149"}, {"price": "0.94", "size": "10.95"}], "event_type": "book", "last_trade_price": ""}, {"market": "0x294151a3533cdfd503fa3bc1c25850b7072a903b567d7ddb7b44d330836876e4", "asset_id": "39375916090671963230408612836321064006003190222785602351642062747630230296336", "timestamp": "1769382484891", "hash": "c68f3efef67ee4fc3dcdc8f745fbdf06b04af3a4", "bids": [{"price": "0.01", "size": "385.01"}, {"price": "0.02", "size": "32.49"}], "asks": [{"price": "0.99", "size": "576.9"}, {"price": "0.98", "size": "146.79"}, {"price": "0.97", "size": "21.3"}], "event_type": "book", "last_trade_price": ""}, {"market": "0x307b6fb529228ca17ea016e3f6f62946a0b43c1d5e354f0b9b414f853854b156", "asset_id": "16418540958090975800280348856134414898198349879560864923674919033201469138080", "timestamp": "1769382483685", "hash": "6227d505500c542a9f192ef09496fb862ef965dd", "bids": [{"price": "0.01", "size": "385.01"}, {"price": "0.02", "size": "32.49"}], "asks": [{"price": "0.99", "size": "576.9"}, {"price": "0.98", "size": "146.79"}, {"price": "0.97", "size": "21.3"}], "event_type": "book", "last_trade_price": ""}, {"market": "0x366adee084f118f566266671525b19bbb2ec8d82ec9cdfdd150e76044ad1be35", "asset_id": "81228430373631360055087605530583371733902665067396212939210333473475860444827", "timestamp": "1769382484886", "hash": "939d9101b16fed7c11659da4ac3d385e1e43101b", "bids": [{"price": "0.01", "size": "385.01"}, {"price": "0.02", "size": "32.49"}], "asks": [{"price": "0.99", "size": "576.9"}, {"price": "0.98", "size": "146.79"}, {"price": "0.97", "size": "21.3"}], "event_type": "book", "last_trade_price": ""}, {"market": "0x9a2017fc430cf9586e746d94ccbe6df035388024aafc719da127fee75a8ea110", "asset_id": "34555651122713268256978199560200275501111447231709294240495786823811268210283", "timestamp": "1769382484888", "hash": "f3dd7ae824070dec38763560b965825fa7cacd95", "bids": [{"price": "0.01", "size": "576.9"}, {"price": "0.02", "size": "146.79"}, {"price": "0.03", "size": "21.3"}], "asks": [{"price": "0.99", "size": "385.01"}, {"price": "0.98", "size": "32.49"}], "event_type": "book", "last_trade_price": ""}]}
