{"_local_timestamp": "2026-01-25T23:33:45.636111+00:00", "data": [{"market": "0xd04b9a3ea558298a7e91cb0db834f245d9665abeea1b686e990c6c74e9520717", "asset_id": "61209603388080731354007168047868609725631112056139174437880437731488779625501", "timestamp": "1769383838824", "hash": "20ce63f7fbe012591fb1fd3e005c8c6bbdd1cb61", "bids": [{"price": "0.01", "size": "121.2"}, {"price": "0.02", "size": "705.81"}, {"price": "0.03", "size": "15.38"}, {"price": "0.05", "size": "30"}, {"price": "0.06", "size": "333"}, {"price": "0.07", "size": "200"}, {"price": "0.08", "size": "206.48"}, {"price": "0.09", "size": "553"}, {"price": "0.14", "size": "92.85"}, {"price": "0.15", "size": "5.28"}, {"price": "0.16", "size": "68.75"}, {"price": "0.3", "size": "10"}, {"price": "0.31", "size": "150"}], "asks": [{"price": "0.99", "size": "126.52"}, {"price": "0.98", "size": "700"}, {"price": "0.97", "size": "6.62"}, {"price": "0.96", "size": "12"}, {"price": "0.94", "size": "11.3"}, {"price": "0.93", "size": "10.5"}, {"price": "0.92", "size": "162.5"}, {"price": "0.9", "size": "110"}, {"price": "0.89", "size": "55"}, {"price": "0.84", "size": "10"}, {"price": "0.83", "size": "150"}], "event_type": "book", "last_trade_price": ""}, {"market": "0x07d2d3ed871c72ac48224522e4f7a30dcd7cafe8eb3550cbe3260f6a3667b8c5", "asset_id": "18253292310674895159596420256355629893539630705502039364432170190706476455281", "timestamp": "1769383838824", "hash": "3ef68b3fe35b33381832db72c18a7fa809fb085b", "bids": [{"price": "0.01", "size": "1026.73"}, {"price": "0.02", "size": "23.04"}, {"price": "0.04", "size": "1000"}, {"price": "0.05", "size": "355"}, {"price": "0.06", "size": "108"}, {"price": "0.07", "size": "8.44"}, {"price": "0.11", "size": "218.18"}, {"price": "0.13", "size": "84.61"}, {"price": "0.14", "size": "46"}, {"price": "0.15", "size": "14.04"}, {"price": "0.3", "size": "10"}, {"price": "0.31", "size": "150"}], "asks": [{"price": "0.99", "size": "1020"}, {"price": "0.98", "size": "7.24"}, {"price": "0.96", "size": "1212"}, {"price": "0.95", "size": "700"}, {"price": "0.94", "size": "8.69"}, {"price": "0.9", "size": "108.35"}, {"price": "0.89", "size": "218.18"}, {"price": "0.88", "size": "8.5"}, {"price": "0.87", "size": "84.61"}, {"price": "0.83", "size": "60"}, {"price": "0.62", "size": "10"}, {"price": "0.61", "size": "150"}], "event_type": "book", "last_trade_price": ""}, {"market": "0xd04b9a3ea558298a7e91cb0db834f245d9665abeea1b686e990c6c74e9520717", "asset_id": "13875030430299999531204366910326855590457900770658991968913269008606026402402", "timestamp": "1769383838824", "hash": "0f49de57746adb1df918e66620184f91b24c57ee", "bids": [{"price": "0.01", "size": "126.52"}, {"price": "0.02", "size": "700"}, {"price": "0.03", "size": "6.62"}, {"price": "0.04", "size": "12"}, {"price": "0.06", "size": "11.3"}, {"price": "0.07", "size": "10.5"}, {"price": "0.08", "size": "162.5"}, {"price": "0.1", "size": "110"}, {"price": "0.11", "size": "55"}, {"price": "0.16", "size": "10"}, {"price": "0.17", "size": "150"}], "asks": [{"price": "0.99", "size": "121.2"}, {"price": "0.98", "size": "705.81"}, {"price": "0.97", "size": "15.38"}, {"price": "0.95", "size": "30"}, {"price": "0.94", "size": "333"}, {"price": "0.93", "size": "200"}, {"price": "0.92", "size": "206.48"}, {"price": "0.91", "size": "553"}, {"price": "0.86", "size": "92.85"}, {"price": "0.85", "size": "5.28"}, {"price": "0.84", "size": "68.75"}, {"price": "0.7", "size": "10"}, {"price": "0.69", "size": "150"}], "event_type": "book", "last_trade_price": ""}, {"market": "0xf6f3aa592fb0fd4ddb2c60a407eca9b6b4344e9c66bbe6faa4dbc68716bb36b9", "asset_id": "71401223438160560914382384108049049877018488050925160581554087761769184161692", "timestamp": "1769384020323", "hash": "530d04099394936d79518d64430d2fd85d7c2373", "bids": [{"price": "0.01", "size": "1026.17"}, {"price": "0.02", "size": "708.38"}, {"price": "0.04", "size": "12"}, {"price": "0.05", "size": "8.74"}, {"price": "0.06", "size": "15.19"}, {"price": "0.08", "size": "462.5"}, {"price": "0.09", "size": "61.11"}, {"price": "0.11", "size": "73"}, {"price": "0.15", "size": "10"}, {"price": "0.16", "size": "150"}], "asks": [{"price": "0.99", "size": "1033.85"}, {"price": "0.98", "size": "700"}, {"price": "0.97", "size": "13.87"}, {"price": "0.95", "size": "330"}, {"price": "0.94", "size": "858"}, {"price": "0.93", "size": "75"}, {"price": "0.92", "size": "300"}, {"price": "0.91", "size": "15.5"}, {"price": "0.81", "size": "68.42"}, {"price": "0.8", "size": "55"}, {"price": "0.79", "size": "27"}, {"price": "0.63", "size": "10"}, {"price": "0.62", "size": "150"}], "event_type": "book", "last_trade_price": ""}, {"market": "0x07d2d3ed871c72ac48224522e4f7a30dcd7cafe8eb3550cbe3260f6a3667b8c5", "asset_id": "91202024110960357090608714576381105552003528839781171222802669877957945529950", "timestamp": "1769383838824", "hash": "c5e4aec955ce2db064e387520e3f2183ddc70f77", "bids": [{"price": "0.01", "size": "1020"}, {"price": "0.02", "size": "7.24"}, {"price": "0.04", "size": "1212"}, {"price": "0.05", "size": "700"}, {"price": "0.06", "size": "8.69"}, {"price": "0.1", "size": "108.35"}, {"price": "0.11", "size": "218.18"}, {"price": "0.12", "size": "8.5"}, {"price": "0.13", "size": "84.61"}, {"price": "0.17", "size": "60"}, {"price": "0.38", "size": "10"}, {"price": "0.39", "size": "150"}], "asks": [{"price": "0.99", "size": "1026.73"}, {"price": "0.98", "size": "23.04"}, {"price": "0.96", "size": "1000"}, {"price": "0.95", "size": "355"}, {"price": "0.94", "size": "108"}, {"price": "0.93", "size": "8.44"}, {"price": "0.89", "size": "218.18"}, {"price": "0.87", "size": "84.61"}, {"price": "0.86", "size": "46"}, {"price": "0.85", "size": "14.04"}, {"price": "0.7", "size": "10"}, {"price": "0.69", "size": "150"}], "event_type": "book", "last_trade_price": ""}, {"market": "0xf6f3aa592fb0fd4ddb2c60a407eca9b6b4344e9c66bbe6faa4dbc68716bb36b9", "asset_id": "111554572328255061931611458434702422075609248852273331468535349755260932934722", "timestamp": "1769384020323", "hash": "75aa34c68a97c9575dd7c0b367eac9c6457d7ca5", "bids": [{"price": "0.01", "size": "1033.85"}, {"price": "0.02", "size": "700"}, {"price": "0.03", "size": "13.87"}, {"price": "0.05", "size": "330"}, {"price": "0.06", "size": "858"}, {"price": "0.07", "size": "75"}, {"price": "0.08", "size": "300"}, {"price": "0.09", "size": "15.5"}, {"price": "0.19", "size": "68.42"}, {"price": "0.2", "size": "55"}, {"price": "0.21", "size": "27"}, {"price": "0.37", "size": "10"}, {"price": "0.38", "size": "150"}], "asks": [{"price": "0.99", "size": "1026.17"}, {"price": "0.98", "size": "708.38"}, {"price": "0.96", "size": "12"}, {"price": "0.95", "size": "8.74"}, {"price": "0.94", "size": "15.19"}, {"price": "0.92", "size": "462.5"}, {"price": "0.91", "size": "61.11"}, {"price": "0.89", "size": "73"}, {"price": "0.85", "size": "10"}, {"price": "0.84", "size": "150"}], "event_type": "book", "last_trade_price": ""}]}
{"_local_timestamp": "2026-01-25T23:33:46.696634+00:00", "data": {"market": "0xf6f3aa592fb0fd4ddb2c60a407eca9b6b4344e9c66bbe6faa4dbc68716bb36b9", "price_changes": [{"asset_id": "71401223438160560914382384108049049877018488050925160581554087761769184161692", "price": "0.17", "size": "8.5", "side": "BUY", "hash": "509f735688038f43e0086d60f1308cea70c66e9b", "best_bid": "0.17", "best_ask": "0.62"}, {"asset_id": "111554572328255061931611458434702422075609248852273331468535349755260932934722", "price": "0.83", "size": "8.5", "side": "SELL", "hash": "8c15a488b4e0530445c1a13077d9c4fe30a0509e", "best_bid": "0.38", "best_ask": "0.83"}], "timestamp": "1769384026613", "event_type": "price_change"}}
{"_local_timestamp": "2026-01-25T23:33:46.699117+00:00", "data": {"market": "0xf6f3aa592fb0fd4ddb2c60a407eca9b6b4344e9c66bbe6faa4dbc68716bb36b9", "price_changes": [{"asset_id": "111554572328255061931611458434702422075609248852273331468535349755260932934722", "price": "0.22", "size": "8.5", "side": "BUY", "hash": "b3a3fcbf19ccf387731b1eb5f978bcb69afd3a2b", "best_bid": "0.38", "best_ask": "0.83"}, {"asset_id": "71401223438160560914382384108049049877018488050925160581554087761769184161692", "price": "0.78", "size": "8.5", "side": "SELL", "hash": "dcc62d50c1c351e35debe5974c0ec232c0ccaa5b", "best_bid": "0.17", "best_ask": "0.62"}], "timestamp": "1769384026613", "event_type": "price_change"}}
{"_local_timestamp": "2026-01-25T23:33:51.059232+00:00", "data": {"market": "0xf6f3aa592fb0fd4ddb2c60a407eca9b6b4344e9c66bbe6faa4dbc68716bb36b9", "price_changes": [{"asset_id": "71401223438160560914382384108049049877018488050925160581554087761769184161692", "price": "0.16", "size": "0", "side": "BUY", "hash": "82ce2a5b9a4acd7bafa5f23543b136278279655e", "best_bid": "0.17", "best_ask": "0.62"}, {"asset_id": "111554572328255061931611458434702422075609248852273331468535349755260932934722", "price": "0.84", "size": "0", "side": "SELL", "hash": "8b286b8e0adf310e4f85d04c7f133e4db0f37590", "best_bid": "0.38", "best_ask": "0.83"}], "timestamp": "1769384030988", "event_type": "price_change"}}
{"_local_timestamp": "2026-01-25T23:33:51.442819+00:00", "data": {"market": "0xf6f3aa592fb0fd4ddb2c60a407eca9b6b4344e9c66bbe6faa4dbc68716bb36b9", "price_changes": [{"asset_id": "71401223438160560914382384108049049877018488050925160581554087761769184161692", "price": "0.18", "size": "150", "side": "BUY", "hash": "17b21731b0c59c79b90f4fcb1e5a4d9a10c31ec0", "best_bid": "0.18", "best_ask": "0.62"}, {"asset_id": "111554572328255061931611458434702422075609248852273331468535349755260932934722", "price": "0.82", "size": "150", "side": "SELL", "hash": "5f821966fc74f5a098fed9bf9db4d71ee5df96ec", "best_bid": "0.38", "best_ask": "0.82"}], "timestamp": "1769384031376", "event_type": "price_change"}}
{"_local_timestamp": "2026-01-25T23:33:58.425717+00:00", "data": {"market": "0xf6f3aa592fb0fd4ddb2c60a407eca9b6b4344e9c66bbe6faa4dbc68716bb36b9", "price_changes": [{"asset_id": "71401223438160560914382384108049049877018488050925160581554087761769184161692", "price": "0.17", "size": "0", "side": "BUY", "hash": "65c4919e0872174afeadfc8f2f9eabac94d190d7", "best_bid": "0.18", "best_ask": "0.62"}, {"asset_id": "111554572328255061931611458434702422075609248852273331468535349755260932934722", "price": "0.83", "size": "0", "side": "SELL", "hash": "0aaabe6562ed4c9b4799bd38f20b4ba8687257de", "best_bid": "0.38", "best_ask": "0.82"}], "timestamp": "1769384038339", "event_type": "price_change"}}
{"_local_timestamp": "2026-01-25T23:33:58.430325+00:00", "data": {"market": "0xf6f3aa592fb0fd4ddb2c60a407eca9b6b4344e9c66bbe6faa4dbc68716bb36b9", "price_changes": [{"asset_id": "111554572328255061931611458434702422075609248852273331468535349755260932934722", "price": "0.22", "size": "0", "side": "BUY", "hash": "f198aad0890895dd4e41cdebc48af495a2c1f3e9", "best_bid": "0.38", "best_ask": "0.82"}, {"asset_id": "71401223438160560914382384108049049877018488050925160581554087761769184161692", "price": "0.78", "size": "0", "side": "SELL", "hash": "b60775014b0e1a5ef9b0c10c6c06b7a9837bda02", "best_bid": "0.18", "best_ask": "0.62"}], "timestamp": "1769384038339", "event_type": "price_change"}}
{"_local_timestamp": "2026-01-25T23:34:02.043791+00:00", "data": {"market": "0xf6f3aa592fb0fd4ddb2c60a407eca9b6b4344e9c66bbe6faa4dbc68716bb36b9", "price_changes": [{"asset_id": "71401223438160560914382384108049049877018488050925160581554087761769184161692", "price": "0.18", "size": "0", "side": "BUY", "hash": "3e368ae3f477fd46309e9a7e799763d36a2e2411", "best_bid": "0.15", "best_ask": "0.62"}, {"asset_id": "111554572328255061931611458434702422075609248852273331468535349755260932934722", "price": "0.82", "size": "0", "side": "SELL", "hash": "6a1a5f991d69c8067013a8589bc94d3c3a93fb62", "best_bid": "0.38", "best_ask": "0.85"}], "timestamp": "1769384041967", "event_type": "price_change"}}
{"_local_timestamp": "2026-01-25T23:34:02.379732+00:00", "data": {"market": "0xf6f3aa592fb0fd4ddb2c60a407eca9b6b4344e9c66bbe6faa4dbc68716bb36b9", "price_changes": [{"asset_id": "71401223438160560914382384108049049877018488050925160581554087761769184161692", "price": "0.16", "size": "150", "side": "BUY", "hash": "24ffc6a58ae82ab09af02ddff001449c05d95591", "best_bid": "0.16", "best_ask": "0.62"}, {"asset_id": "111554572328255061931611458434702422075609248852273331468535349755260932934722", "price": "0.84", "size": "150", "side": "SELL", "hash": "73da0e80b7f20e35310a3cc20f88f780dcfdf69a", "best_bid": "0.38", "best_ask": "0.84"}], "timestamp": "1769384042311", "event_type": "price_change"}}
{"_local_timestamp": "2026-01-25T23:34:08.345024+00:00", "data": {"market": "0xf6f3aa592fb0fd4ddb2c60a407eca9b6b4344e9c66bbe6faa4dbc68716bb36b9", "price_changes": [{"asset_id": "71401223438160560914382384108049049877018488050925160581554087761769184161692", "price": "0.17", "size": "8.5", "side": "BUY", "hash": "2be66f06a3e180ab59b762646675e8c0fec8527a", "best_bid": "0.17", "best_ask": "0.62"}, {"asset_id": "111554572328255061931611458434702422075609248852273331468535349755260932934722", "price": "0.83", "size": "8.5", "side": "SELL", "hash": "3abf29d1f8cfccec05a7523d6abc393fb2c6483e", "best_bid": "0.38", "best_ask": "0.83"}], "timestamp": "1769384048090", "event_type": "price_change"}}
{"_local_timestamp": "2026-01-25T23:34:08.347058+00:00", "data": {"market": "0xf6f3aa592fb0fd4ddb2c60a407eca9b6b4344e9c66bbe6faa4dbc68716bb36b9", "price_changes": [{"asset_id": "111554572328255061931611458434702422075609248852273331468535349755260932934722", "price": "0.22", "size": "8.5", "side": "BUY", "hash": "b1ac8a722d23716fa80b413ea7e7a137e97026b2", "best_bid": "0.38", "best_ask": "0.83"}, {"asset_id": "71401223438160560914382384108049049877018488050925160581554087761769184161692", "price": "0.78", "size": "8.5", "side": "SELL", "hash": "4f9264978533085d75956dab892e08c3e79a8337", "best_bid": "0.17", "best_ask": "0.62"}], "timestamp": "1769384048091", "event_type": "price_change"}}
