{"_local_timestamp": "2026-01-25T23:33:44.671156+00:00", "data": [{"market": "0x2c4b21a8efe1482bb378a41d19657eafd71fa23a23b84b05eb52ad2d15ccb3f0", "asset_id": "68654203743217965979491593757797720743809764799894164913543569809962066197713", "timestamp": "1769383909455", "hash": "a36cb180c828437e55fac49692aa855ca365fd0b", "bids": [{"price": "0.01", "size": "123.28"}, {"price": "0.02", "size": "661.23"}, {"price": "0.04", "size": "149.5"}, {"price": "0.05", "size": "507.18"}, {"price": "0.06", "size": "244.19"}, {"price": "0.08", "size": "63"}, {"price": "0.1", "size": "20"}, {"price": "0.11", "size": "150"}], "asks": [{"price": "0.99", "size": "932.43"}, {"price": "0.98", "size": "700"}, {"price": "0.97", "size": "6.97"}, {"price": "0.96", "size": "12"}, {"price": "0.95", "size": "27.48"}, {"price": "0.94", "size": "33"}, {"price": "0.91", "size": "13.25"}, {"price": "0.88", "size": "300"}, {"price": "0.87", "size": "200"}, {"price": "0.86", "size": "225"}, {"price": "0.85", "size": "86.66"}, {"price": "0.84", "size": "75"}, {"price": "0.83", "size": "64.7"}, {"price": "0.82", "size": "32"}, {"price": "0.69", "size": "10"}, {"price": "0.68", "size": "150"}], "event_type": "book", "last_trade_price": ""}, {"market": "0x085c233fe66c36644663261eef342341ae73740587c4dc02c1070d1bcb65fa35", "asset_id": "100667613942537210267210484498223834893187097997855411866785314848894138045462", "timestamp": "1769383909456", "hash": "b0c6ceaa7fed093d1f5246a3c597c35b44b42bdb", "bids": [{"price": "0.01", "size": "1825.66"}, {"price": "0.02", "size": "705.03"}, {"price": "0.03", "size": "17.61"}, {"price": "0.05", "size": "30"}, {"price": "0.06", "size": "33"}, {"price": "0.08", "size": "37"}, {"price": "0.09", "size": "13.93"}, {"price": "0.12", "size": "300"}, {"price": "0.13", "size": "200"}, {"price": "0.14", "size": "225"}, {"price": "0.15", "size": "75"}, {"price": "0.17", "size": "76.47"}, {"price": "0.18", "size": "61.11"}, {"price": "0.19", "size": "8.5"}, {"price": "0.3", "size": "10"}, {"price": "0.31", "size": "150"}], "asks": [{"price": "0.99", "size": "1026.69"}, {"price": "0.98", "size": "13.59"}, {"price": "0.97", "size": "16"}, {"price": "0.96", "size": "325"}, {"price": "0.95", "size": "110"}, {"price": "0.94", "size": "535.29"}, {"price": "0.93", "size": "205.47"}, {"price": "0.9", "size": "107.4"}, {"price": "0.89", "size": "53"}, {"price": "0.88", "size": "8.5"}, {"price": "0.87", "size": "150"}], "event_type": "book", "last_trade_price": ""}, {"market": "0xa84992e229d1b80d33b4a9253076fda3db22354a3e06d144e9ce5ba776f4f486", "asset_id": "10771573502413475909601996875743613636079711302749338145441702804790595622107", "timestamp": "1769383909454", "hash": "aa3d14031b1c415b8c21cbd272cc106fef433c20", "bids": [{"price": "0.01", "size": "1438.27"}, {"price": "0.03", "size": "305.8"}, {"price": "0.04", "size": "412"}, {"price": "0.05", "size": "11.25"}, {"price": "0.06", "size": "41"}, {"price": "0.07", "size": "38.47"}, {"price": "0.08", "size": "150"}], "asks": [{"price": "0.99", "size": "1833.97"}, {"price": "0.98", "size": "700"}, {"price": "0.97", "size": "5.49"}, {"price": "0.96", "size": "12"}, {"price": "0.95", "size": "25.11"}, {"price": "0.94", "size": "33"}, {"price": "0.91", "size": "5.65"}, {"price": "0.87", "size": "300"}, {"price": "0.86", "size": "200"}, {"price": "0.84", "size": "130.44"}, {"price": "0.83", "size": "151.47"}, {"price": "0.81", "size": "57.89"}, {"price": "0.8", "size": "39"}, {"price": "0.68", "size": "10"}, {"price": "0.67", "size": "150"}], "event_type": "book", "last_trade_price": ""}, {"market": "0x085c233fe66c36644663261eef342341ae73740587c4dc02c1070d1bcb65fa35", "asset_id": "52159481265662960463186699649642516685508427785632422956595001951859787366533", "timestamp": "1769383909456", "hash": "6e88968dd6c4c3ae7d9c5cf0d72317bda6c8d634", "bids": [{"price": "0.01", "size": "1026.69"}, {"price": "0.02", "size": "13.59"}, {"price": "0.03", "size": "16"}, {"price": "0.04", "size": "325"}, {"price": "0.05", "size": "110"}, {"price": "0.06", "size": "535.29"}, {"price": "0.07", "size": "205.47"}, {"price": "0.1", "size": "107.4"}, {"price": "0.11", "size": "53"}, {"price": "0.12", "size": "8.5"}, {"price": "0.13", "size": "150"}], "asks": [{"price": "0.99", "size": "1825.66"}, {"price": "0.98", "size": "705.03"}, {"price": "0.97", "size": "17.61"}, {"price": "0.95", "size": "30"}, {"price": "0.94", "size": "33"}, {"price": "0.92", "size": "37"}, {"price": "0.91", "size": "13.93"}, {"price": "0.88", "size": "300"}, {"price": "0.87", "size": "200"}, {"price": "0.86", "size": "225"}, {"price": "0.85", "size": "75"}, {"price": "0.83", "size": "76.47"}, {"price": "0.82", "size": "61.11"}, {"price": "0.81", "size": "8.5"}, {"price": "0.7", "size": "10"}, {"price": "0.69", "size": "150"}], "event_type": "book", "last_trade_price": ""}, {"market": "0x2c4b21a8efe1482bb378a41d19657eafd71fa23a23b84b05eb52ad2d15ccb3f0", "asset_id": "3509499730247965915070415569467127699031225988246866298868738206208481736630", "timestamp": "1769383909455", "hash": "fa90151e7fb0b061220230a19c32ef489a247915", "bids": [{"price": "0.01", "size": "932.43"}, {"price": "0.02", "size": "700"}, {"price": "0.03", "size": "6.97"}, {"price": "0.04", "size": "12"}, {"price": "0.05", "size": "27.48"}, {"price": "0.06", "size": "33"}, {"price": "0.09", "size": "13.25"}, {"price": "0.12", "size": "300"}, {"price": "0.13", "size": "200"}, {"price": "0.14", "size": "225"}, {"price": "0.15", "size": "86.66"}, {"price": "0.16", "size": "75"}, {"price": "0.17", "size": "64.7"}, {"price": "0.18", "size": "32"}, {"price": "0.31", "size": "10"}, {"price": "0.32", "size": "150"}], "asks": [{"price": "0.99", "size": "123.28"}, {"price": "0.98", "size": "661.23"}, {"price": "0.96", "size": "149.5"}, {"price": "0.95", "size": "507.18"}, {"price": "0.94", "size": "244.19"}, {"price": "0.92", "size": "63"}, {"price": "0.9", "size": "20"}, {"price": "0.89", "size": "150"}], "event_type": "book", "last_trade_price": ""}, {"market": "0xa84992e229d1b80d33b4a9253076fda3db22354a3e06d144e9ce5ba776f4f486", "asset_id": "75340071216943352385313893978899782927970162788136420237336102839136631814489", "timestamp": "1769383909454", "hash": "a23921ebb9714dca5d2510578d0b2f70eb686651", "bids": [{"price": "0.01", "size": "1833.97"}, {"price": "0.02", "size": "700"}, {"price": "0.03", "size": "5.49"}, {"price": "0.04", "size": "12"}, {"price": "0.05", "size": "25.11"}, {"price": "0.06", "size": "33"}, {"price": "0.09", "size": "5.65"}, {"price": "0.13", "size": "300"}, {"price": "0.14", "size": "200"}, {"price": "0.16", "size": "130.44"}, {"price": "0.17", "size": "151.47"}, {"price": "0.19", "size": "57.89"}, {"price": "0.2", "size": "39"}, {"price": "0.32", "size": "10"}, {"price": "0.33", "size": "150"}], "asks": [{"price": "0.99", "size": "1438.27"}, {"price": "0.97", "size": "305.8"}, {"price": "0.96", "size": "412"}, {"price": "0.95", "size": "11.25"}, {"price": "0.94", "size": "41"}, {"price": "0.93", "size": "38.47"}, {"price": "0.92", "size": "150"}], "event_type": "book", "last_trade_price": ""}]}
{"_local_timestamp": "2026-01-25T23:34:55.182832+00:00", "data": {"market": "0x2c4b21a8efe1482bb378a41d19657eafd71fa23a23b84b05eb52ad2d15ccb3f0", "price_changes": [{"asset_id": "3509499730247965915070415569467127699031225988246866298868738206208481736630", "price": "0.05", "size": "20", "side": "BUY", "hash": "c5674f897b696c4c96068e87a4ec187aab401cdf", "best_bid": "0.32", "best_ask": "0.89"}, {"asset_id": "68654203743217965979491593757797720743809764799894164913543569809962066197713", "price": "0.95", "size": "20", "side": "SELL", "hash": "38d3d1f09b9093660b19ac37a3fcf264aef50182", "best_bid": "0.11", "best_ask": "0.68"}], "timestamp": "1769384095114", "event_type": "price_change"}}
{"_local_timestamp": "2026-01-25T23:34:55.186106+00:00", "data": {"market": "0x2c4b21a8efe1482bb378a41d19657eafd71fa23a23b84b05eb52ad2d15ccb3f0", "price_changes": [{"asset_id": "3509499730247965915070415569467127699031225988246866298868738206208481736630", "price": "0.09", "size": "0", "side": "BUY", "hash": "c5674f897b696c4c96068e87a4ec187aab401cdf", "best_bid": "0.32", "best_ask": "0.89"}, {"asset_id": "68654203743217965979491593757797720743809764799894164913543569809962066197713", "price": "0.91", "size": "0", "side": "SELL", "hash": "38d3d1f09b9093660b19ac37a3fcf264aef50182", "best_bid": "0.11", "best_ask": "0.68"}], "timestamp": "1769384095114", "event_type": "price_change"}}
{"_local_timestamp": "2026-01-25T23:34:55.186550+00:00", "data": {"market": "0x085c233fe66c36644663261eef342341ae73740587c4dc02c1070d1bcb65fa35", "price_changes": [{"asset_id": "100667613942537210267210484498223834893187097997855411866785314848894138045462", "price": "0.03", "size": "7.25", "side": "BUY", "hash": "cb9984bcfe848dd07b68d3e8bc9d474a9a4c8bdb", "best_bid": "0.31", "best_ask": "0.87"}, {"asset_id": "52159481265662960463186699649642516685508427785632422956595001951859787366533", "price": "0.97", "size": "7.25", "side": "SELL", "hash": "8f97e962ed1dfb74211bb6ae8270b84a4d3f7bcc", "best_bid": "0.13", "best_ask": "0.69"}], "timestamp": "1769384095114", "event_type": "price_change"}}
{"_local_timestamp": "2026-01-25T23:34:55.186855+00:00", "data": {"market": "0x085c233fe66c36644663261eef342341ae73740587c4dc02c1070d1bcb65fa35", "price_changes": [{"asset_id": "100667613942537210267210484498223834893187097997855411866785314848894138045462", "price": "0.09", "size": "0", "side": "BUY", "hash": "cb9984bcfe848dd07b68d3e8bc9d474a9a4c8bdb", "best_bid": "0.31", "best_ask": "0.87"}, {"asset_id": "52159481265662960463186699649642516685508427785632422956595001951859787366533", "price": "0.91", "size": "0", "side": "SELL", "hash": "8f97e962ed1dfb74211bb6ae8270b84a4d3f7bcc", "best_bid": "0.13", "best_ask": "0.69"}], "timestamp": "1769384095114", "event_type": "price_change"}}
{"_local_timestamp": "2026-01-25T23:34:56.302623+00:00", "data": {"market": "0x2c4b21a8efe1482bb378a41d19657eafd71fa23a23b84b05eb52ad2d15ccb3f0", "price_changes": [{"asset_id": "3509499730247965915070415569467127699031225988246866298868738206208481736630", "price": "0.03", "size": "11.97", "side": "BUY", "hash": "f6ee3815f354c20be1bb847d3a2572d2d7107741", "best_bid": "0.32", "best_ask": "0.89"}, {"asset_id": "68654203743217965979491593757797720743809764799894164913543569809962066197713", "price": "0.97", "size": "11.97", "side": "SELL", "hash": "cae3a5bcba867555c904135f2d3e6a89a1e80bea", "best_bid": "0.11", "best_ask": "0.68"}], "timestamp": "1769384096124", "event_type": "price_change"}}
{"_local_timestamp": "2026-01-25T23:34:56.303044+00:00", "data": {"market": "0x085c233fe66c36644663261eef342341ae73740587c4dc02c1070d1bcb65fa35", "price_changes": [{"asset_id": "100667613942537210267210484498223834893187097997855411866785314848894138045462", "price": "0.07", "size": "13.79", "side": "BUY", "hash": "171020a9f105e9d0f8e9efe5e23ffed5c0b263d4", "best_bid": "0.31", "best_ask": "0.87"}, {"asset_id": "52159481265662960463186699649642516685508427785632422956595001951859787366533", "price": "0.93", "size": "13.79", "side": "SELL", "hash": "8b111923e4208ab3471de877ca6ebdcf48a80190", "best_bid": "0.13", "best_ask": "0.69"}], "timestamp": "1769384096124", "event_type": "price_change"}}
{"_local_timestamp": "2026-01-25T23:34:56.303391+00:00", "data": {"market": "0x085c233fe66c36644663261eef342341ae73740587c4dc02c1070d1bcb65fa35", "price_changes": [{"asset_id": "100667613942537210267210484498223834893187097997855411866785314848894138045462", "price": "0.02", "size": "712.93", "side": "BUY", "hash": "ada1c2e8c1363c40f854e0be682a97ea3359d14d", "best_bid": "0.31", "best_ask": "0.87"}, {"asset_id": "52159481265662960463186699649642516685508427785632422956595001951859787366533", "price": "0.98", "size": "712.93", "side": "SELL", "hash": "97ccde89eb638f3367f1a1001407c1eb176f052a", "best_bid": "0.13", "best_ask": "0.69"}], "timestamp": "1769384096136", "event_type": "price_change"}}
{"_local_timestamp": "2026-01-25T23:34:56.303669+00:00", "data": {"market": "0x2c4b21a8efe1482bb378a41d19657eafd71fa23a23b84b05eb52ad2d15ccb3f0", "price_changes": [{"asset_id": "3509499730247965915070415569467127699031225988246866298868738206208481736630", "price": "0.15", "size": "92.28", "side": "BUY", "hash": "862daf7d213c2af1ff298aef4068592be3bc65cd", "best_bid": "0.32", "best_ask": "0.89"}, {"asset_id": "68654203743217965979491593757797720743809764799894164913543569809962066197713", "price": "0.85", "size": "92.28", "side": "SELL", "hash": "f9e9b21ed86631fc67e59befc2bb72d37a185b67", "best_bid": "0.11", "best_ask": "0.68"}], "timestamp": "1769384096136", "event_type": "price_change"}}
{"_local_timestamp": "2026-01-25T23:34:56.303980+00:00", "data": {"market": "0x085c233fe66c36644663261eef342341ae73740587c4dc02c1070d1bcb65fa35", "price_changes": [{"asset_id": "100667613942537210267210484498223834893187097997855411866785314848894138045462", "price": "0.04", "size": "11.03", "side": "BUY", "hash": "a71d061d09f7562787c42cd6635b5b7dc6a3a406", "best_bid": "0.31", "best_ask": "0.87"}, {"asset_id": "52159481265662960463186699649642516685508427785632422956595001951859787366533", "price": "0.96", "size": "11.03", "side": "SELL", "hash": "d2cbdc37830b73946ef47525baf173955503fe46", "best_bid": "0.13", "best_ask": "0.69"}], "timestamp": "1769384096146", "event_type": "price_change"}}
{"_local_timestamp": "2026-01-25T23:34:56.304247+00:00", "data": {"market": "0x2c4b21a8efe1482bb378a41d19657eafd71fa23a23b84b05eb52ad2d15ccb3f0", "price_changes": [{"asset_id": "3509499730247965915070415569467127699031225988246866298868738206208481736630", "price": "0.07", "size": "8.18", "side": "BUY", "hash": "b55d2e74d7990e8f3af2021ed51e35963d9d136c", "best_bid": "0.32", "best_ask": "0.89"}, {"asset_id": "68654203743217965979491593757797720743809764799894164913543569809962066197713", "price": "0.93", "size": "8.18", "side": "SELL", "hash": "c14274797dac865ba8d631842ffa598fe94ffd5a", "best_bid": "0.11", "best_ask": "0.68"}], "timestamp": "1769384096158", "event_type": "price_change"}}
{"_local_timestamp": "2026-01-25T23:35:49.108479+00:00", "data": {"market": "0x2c4b21a8efe1482bb378a41d19657eafd71fa23a23b84b05eb52ad2d15ccb3f0", "price_changes": [{"asset_id": "68654203743217965979491593757797720743809764799894164913543569809962066197713", "price": "0.11", "size": "0", "side": "BUY", "hash": "bd87b99e26f14561a991f7c3d38bc38946a2daa3", "best_bid": "0.1", "best_ask": "0.68"}, {"asset_id": "3509499730247965915070415569467127699031225988246866298868738206208481736630", "price": "0.89", "size": "0", "side": "SELL", "hash": "9f1d1163c32d45c2a7d6d17f6b98e3c4cfc79f90", "best_bid": "0.32", "best_ask": "0.9"}], "timestamp": "1769384149001", "event_type": "price_change"}}
{"_local_timestamp": "2026-01-25T23:35:53.412056+00:00", "data": {"market": "0x2c4b21a8efe1482bb378a41d19657eafd71fa23a23b84b05eb52ad2d15ccb3f0", "price_changes": [{"asset_id": "68654203743217965979491593757797720743809764799894164913543569809962066197713", "price": "0.11", "size": "150", "side": "BUY", "hash": "614b7e17ac315903a1bd5c252e031a93ab4099bf", "best_bid": "0.11", "best_ask": "0.68"}, {"asset_id": "3509499730247965915070415569467127699031225988246866298868738206208481736630", "price": "0.89", "size": "150", "side": "SELL", "hash": "64c6c7e689f6fa0799991be25304feee06129367", "best_bid": "0.32", "best_ask": "0.89"}], "timestamp": "1769384153340", "event_type": "price_change"}}
{"_local_timestamp": "2026-01-25T23:36:28.428645+00:00", "data": {"market": "0xa84992e229d1b80d33b4a9253076fda3db22354a3e06d144e9ce5ba776f4f486", "price_changes": [{"asset_id": "75340071216943352385313893978899782927970162788136420237336102839136631814489", "price": "0.05", "size": "20", "side": "BUY", "hash": "0bf933d47b3452094e912452cfbd506622f664da", "best_bid": "0.33", "best_ask": "0.92"}, {"asset_id": "10771573502413475909601996875743613636079711302749338145441702804790595622107", "price": "0.95", "size": "20", "side": "SELL", "hash": "90bdc09d5fc2f5aff063c23a77fbf4741b20b64c", "best_bid": "0.08", "best_ask": "0.67"}], "timestamp": "1769384188351", "event_type": "price_change"}}
{"_local_timestamp": "2026-01-25T23:36:28.429340+00:00", "data": {"market": "0xa84992e229d1b80d33b4a9253076fda3db22354a3e06d144e9ce5ba776f4f486", "price_changes": [{"asset_id": "75340071216943352385313893978899782927970162788136420237336102839136631814489", "price": "0.09", "size": "0", "side": "BUY", "hash": "0bf933d47b3452094e912452cfbd506622f664da", "best_bid": "0.33", "best_ask": "0.92"}, {"asset_id": "10771573502413475909601996875743613636079711302749338145441702804790595622107", "price": "0.91", "size": "0", "side": "SELL", "hash": "90bdc09d5fc2f5aff063c23a77fbf4741b20b64c", "best_bid": "0.08", "best_ask": "0.67"}], "timestamp": "1769384188351", "event_type": "price_change"}}
{"_local_timestamp": "2026-01-25T23:36:28.429670+00:00", "data": {"market": "0xa84992e229d1b80d33b4a9253076fda3db22354a3e06d144e9ce5ba776f4f486", "price_changes": [{"asset_id": "75340071216943352385313893978899782927970162788136420237336102839136631814489", "price": "0.16", "size": "125", "side": "BUY", "hash": "0bf933d47b3452094e912452cfbd506622f664da", "best_bid": "0.33", "best_ask": "0.92"}, {"asset_id": "10771573502413475909601996875743613636079711302749338145441702804790595622107", "price": "0.84", "size": "125", "side": "SELL", "hash": "90bdc09d5fc2f5aff063c23a77fbf4741b20b64c", "best_bid": "0.08", "best_ask": "0.67"}], "timestamp": "1769384188351", "event_type": "price_change"}}
{"_local_timestamp": "2026-01-25T23:36:29.164454+00:00", "data": {"market": "0xa84992e229d1b80d33b4a9253076fda3db22354a3e06d144e9ce5ba776f4f486", "price_changes": [{"asset_id": "75340071216943352385313893978899782927970162788136420237336102839136631814489", "price": "0.07", "size": "8.18", "side": "BUY", "hash": "b4a158f6fcfb1885b51278715242d61dead0dbdc", "best_bid": "0.33", "best_ask": "0.92"}, {"asset_id": "10771573502413475909601996875743613636079711302749338145441702804790595622107", "price": "0.93", "size": "8.18", "side": "SELL", "hash": "784e9c73ff19e3c390775185b59e8f41a6dad54f", "best_bid": "0.08", "best_ask": "0.67"}], "timestamp": "1769384189083", "event_type": "price_change"}}
{"_local_timestamp": "2026-01-25T23:36:29.164881+00:00", "data": {"market": "0xa84992e229d1b80d33b4a9253076fda3db22354a3e06d144e9ce5ba776f4f486", "price_changes": [{"asset_id": "75340071216943352385313893978899782927970162788136420237336102839136631814489", "price": "0.15", "size": "5.8", "side": "BUY", "hash": "ae516d727ad31822e48efc9ca1370ba08793ffb7", "best_bid": "0.33", "best_ask": "0.92"}, {"asset_id": "10771573502413475909601996875743613636079711302749338145441702804790595622107", "price": "0.85", "size": "5.8", "side": "SELL", "hash": "747bb73d55d3952fcfa401c36ec0323234ffb18b", "best_bid": "0.08", "best_ask": "0.67"}], "timestamp": "1769384189086", "event_type": "price_change"}}
{"_local_timestamp": "2026-01-25T23:36:31.308560+00:00", "data": {"market": "0xa84992e229d1b80d33b4a9253076fda3db22354a3e06d144e9ce5ba776f4f486", "price_changes": [{"asset_id": "75340071216943352385313893978899782927970162788136420237336102839136631814489", "price": "0.03", "size": "11.88", "side": "BUY", "hash": "8ec1f93c6f60407dd1ff80fcbbda250c0aa71b34", "best_bid": "0.33", "best_ask": "0.92"}, {"asset_id": "10771573502413475909601996875743613636079711302749338145441702804790595622107", "price": "0.97", "size": "11.88", "side": "SELL", "hash": "1a99a538ce93dc4147f3eb226a2cd01b9e7fdc97", "best_bid": "0.08", "best_ask": "0.67"}], "timestamp": "1769384191236", "event_type": "price_change"}}
{"_local_timestamp": "2026-01-25T23:36:57.622648+00:00", "data": {"market": "0x085c233fe66c36644663261eef342341ae73740587c4dc02c1070d1bcb65fa35", "price_changes": [{"asset_id": "100667613942537210267210484498223834893187097997855411866785314848894138045462", "price": "0.08", "size": "0", "side": "BUY", "hash": "7cbbee21e59adff93141b3ac6f59884585dc961f", "best_bid": "0.31", "best_ask": "0.87"}, {"asset_id": "52159481265662960463186699649642516685508427785632422956595001951859787366533", "price": "0.92", "size": "0", "side": "SELL", "hash": "941a0096ca4af3bcf21dd84c3ed652cab28fdc5c", "best_bid": "0.13", "best_ask": "0.69"}], "timestamp": "1769384217230", "event_type": "price_change"}}
