{"_local_timestamp": "2026-01-25T23:41:36.502804+00:00", "data": [{"market": "0x09ee7c7abe4a8a3123271e9610eae7791160e446485cb8267edf67ace3e96360", "asset_id": "50292358778500906656806155307430662156085083868584475722057561731157818573409", "timestamp": "1769383852513", "hash": "b202b0c12b83855f20eead1c4c22136128b38b3d", "bids": [{"price": "0.01", "size": "3630.28"}, {"price": "0.02", "size": "114.6"}, {"price": "0.03", "size": "91.39"}, {"price": "0.04", "size": "42.3"}, {"price": "0.05", "size": "108.44"}, {"price": "0.06", "size": "75"}, {"price": "0.07", "size": "85.27"}], "asks": [{"price": "0.99", "size": "623.34"}, {"price": "0.98", "size": "111.1"}, {"price": "0.97", "size": "191.04"}, {"price": "0.96", "size": "74"}, {"price": "0.95", "size": "5.47"}], "event_type": "book", "last_trade_price": ""}, {"market": "0xdbedd6447795fb393adee4fae07a2c14699189b5c59e9fc96cceb2e842f61825", "asset_id": "33942403114421162906148360346044156031666193816041570694746953706649697395876", "timestamp": "1769383851305", "hash": "f63c2e07841003d97535b4fdaf8b0ce2b26d8cdf", "bids": [{"price": "0.01", "size": "3630.28"}, {"price": "0.02", "size": "114.6"}, {"price": "0.03", "size": "91.39"}, {"price": "0.04", "size": "43.79"}, {"price": "0.05", "size": "185.43"}, {"price": "0.06", "size": "48"}, {"price": "0.07", "size": "85.85"}], "asks": [{"price": "0.99", "size": "623.34"}, {"price": "0.98", "size": "111.1"}, {"price": "0.97", "size": "191.04"}, {"price": "0.96", "size": "74"}, {"price": "0.95", "size": "5.47"}], "event_type": "book", "last_trade_price": ""}, {"market": "0x09ee7c7abe4a8a3123271e9610eae7791160e446485cb8267edf67ace3e96360", "asset_id": "71448278107558999298431315091642323574497847594184547695681515639297102347802", "timestamp": "1769383852513", "hash": "5e4a6d96ddc281354779e24087d40347d1d0be85", "bids": [{"price": "0.01", "size": "623.34"}, {"price": "0.02", "size": "111.1"}, {"price": "0.03", "size": "191.04"}, {"price": "0.04", "size": "74"}, {"price": "0.05", "size": "5.47"}], "asks": [{"price": "0.99", "size": "3630.28"}, {"price": "0.98", "size": "114.6"}, {"price": "0.97", "size": "91.39"}, {"price": "0.96", "size": "42.3"}, {"price": "0.95", "size": "108.44"}, {"price": "0.94", "size": "75"}, {"price": "0.93", "size": "85.27"}], "event_type": "book", "last_trade_price": ""}, {"market": "0xf3be5bedc7b0f475de477004f591a2ef548f8af3b20c2c4e237397281715acfb", "asset_id": "39855719081412995039163391682777568589649128954089657348252994650142133120213", "timestamp": "1769383853426", "hash": "97de01b4bf0802fa6a6208363f62e26b647cb537", "bids": [{"price": "0.01", "size": "616.07"}, {"price": "0.02", "size": "111.1"}, {"price": "0.03", "size": "193.46"}, {"price": "0.04", "size": "74"}, {"price": "0.05", "size": "5.47"}], "asks": [{"price": "0.99", "size": "3630.28"}, {"price": "0.98", "size": "114.6"}, {"price": "0.97", "size": "91.39"}, {"price": "0.96", "size": "43.79"}, {"price": "0.95", "size": "185.43"}, {"price": "0.94", "size": "48"}, {"price": "0.93", "size": "85.85"}], "event_type": "book", "last_trade_price": ""}, {"market": "0xdbedd6447795fb393adee4fae07a2c14699189b5c59e9fc96cceb2e842f61825", "asset_id": "34226880187721802637493225157178420494744223078062215027626983190150230266350", "timestamp": "1769383851305", "hash": "f9f296df166190278732c44283ab8be145a2be28", "bids": [{"price": "0.01", "size": "623.34"}, {"price": "0.02", "size": "111.1"}, {"price": "0.03", "size": "191.04"}, {"price": "0.04", "size": "74"}, {"price": "0.05", "size": "5.47"}], "asks": [{"price": "0.99", "size": "3630.28"}, {"price": "0.98", "size": "114.6"}, {"price": "0.97", "size": "91.39"}, {"price": "0.96", "size": "43.79"}, {"price": "0.95", "size": "185.43"}, {"price": "0.94", "size": "48"}, {"price": "0.93", "size": "85.85"}], "event_type": "book", "last_trade_price": ""}, {"market": "0xf3be5bedc7b0f475de477004f591a2ef548f8af3b20c2c4e237397281715acfb", "asset_id": "23277552596974902833448298821446867686757771234162812110275551592216916047559", "timestamp": "1769383853426", "hash": "3af42445f135ffefa385b4d74f700e875c30966b", "bids": [{"price": "0.01", "size": "3630.28"}, {"price": "0.02", "size": "114.6"}, {"price": "0.03", "size": "91.39"}, {"price": "0.04", "size": "43.79"}, {"price": "0.05", "size": "185.43"}, {"price": "0.06", "size": "48"}, {"price": "0.07", "size": "85.85"}], "asks": [{"price": "0.99", "size": "616.07"}, {"price": "0.98", "size": "111.1"}, {"price": "0.97", "size": "193.46"}, {"price": "0.96", "size": "74"}, {"price": "0.95", "size": "5.47"}], "event_type": "book", "last_trade_price": ""}]}
