{"_local_timestamp": "2026-01-25T23:33:45.239481+00:00", "data": [{"market": "0xe84eca57bd45badc67bc03e45f1572d9b7cb54c99f439cab8d1f5a8f706ed5aa", "asset_id": "40914385129726617553295008292757296803187090422865409939820153761951336447592", "timestamp": "1769383579503", "hash": "65596a402d10040d4ddcd8e9a36b6212e5631691", "bids": [{"price": "0.01", "size": "120.68"}, {"price": "0.02", "size": "10.04"}, {"price": "0.03", "size": "500"}, {"price": "0.04", "size": "212"}, {"price": "0.05", "size": "50"}, {"price": "0.06", "size": "12.28"}, {"price": "0.08", "size": "20"}, {"price": "0.09", "size": "144.44"}, {"price": "0.1", "size": "110"}, {"price": "0.11", "size": "62"}, {"price": "0.17", "size": "10"}, {"price": "0.18", "size": "150"}], "asks": [{"price": "0.99", "size": "121.89"}, {"price": "0.98", "size": "24.77"}, {"price": "0.96", "size": "1012"}, {"price": "0.95", "size": "345"}, {"price": "0.94", "size": "108"}, {"price": "0.93", "size": "8.63"}, {"price": "0.87", "size": "100"}, {"price": "0.86", "size": "78.57"}, {"price": "0.85", "size": "5.21"}, {"price": "0.82", "size": "158"}, {"price": "0.71", "size": "10"}, {"price": "0.7", "size": "150"}], "event_type": "book", "last_trade_price": ""}, {"market": "0x075bcf678371a0eca1ace2b4f02e50d4de0988f681125d2c4d2dc40e6f0399e4", "asset_id": "37620797048389817881327185390019211177750201483753180268328239381247553652046", "timestamp": "1769384020313", "hash": "cf1d75ec16e424de53c61f22b93528e79ad9f16a", "bids": [{"price": "0.01", "size": "1037.29"}, {"price": "0.02", "size": "700"}, {"price": "0.03", "size": "5.61"}, {"price": "0.04", "size": "12"}, {"price": "0.05", "size": "25.75"}, {"price": "0.06", "size": "333"}, {"price": "0.07", "size": "200"}, {"price": "0.08", "size": "506.47"}, {"price": "0.14", "size": "92.85"}, {"price": "0.15", "size": "5.49"}, {"price": "0.16", "size": "68.75"}, {"price": "0.17", "size": "34"}, {"price": "0.18", "size": "8.5"}, {"price": "0.31", "size": "10"}, {"price": "0.32", "size": "150"}], "asks": [{"price": "0.99", "size": "1027.47"}, {"price": "0.98", "size": "509.68"}, {"price": "0.97", "size": "200"}, {"price": "0.96", "size": "12"}, {"price": "0.95", "size": "40"}, {"price": "0.94", "size": "12.43"}, {"price": "0.92", "size": "162.5"}, {"price": "0.9", "size": "110"}, {"price": "0.89", "size": "55"}, {"price": "0.82", "size": "10"}, {"price": "0.8", "size": "8.5"}, {"price": "0.79", "size": "150"}], "event_type": "book", "last_trade_price": ""}, {"market": "0xe84eca57bd45badc67bc03e45f1572d9b7cb54c99f439cab8d1f5a8f706ed5aa", "asset_id": "57604927680313565537024476609266309679605748393322698936584890001973886141363", "timestamp": "1769383579503", "hash": "96520f5a2bf3f953190a1f8c80c66312e694344f", "bids": [{"price": "0.01", "size": "121.89"}, {"price": "0.02", "size": "24.77"}, {"price": "0.04", "size": "1012"}, {"price": "0.05", "size": "345"}, {"price": "0.06", "size": "108"}, {"price": "0.07", "size": "8.63"}, {"price": "0.13", "size": "100"}, {"price": "0.14", "size": "78.57"}, {"price": "0.15", "size": "5.21"}, {"price": "0.18", "size": "158"}, {"price": "0.29", "size": "10"}, {"price": "0.3", "size": "150"}], "asks": [{"price": "0.99", "size": "120.68"}, {"price": "0.98", "size": "10.04"}, {"price": "0.97", "size": "500"}, {"price": "0.96", "size": "212"}, {"price": "0.95", "size": "50"}, {"price": "0.94", "size": "12.28"}, {"price": "0.92", "size": "20"}, {"price": "0.91", "size": "144.44"}, {"price": "0.9", "size": "110"}, {"price": "0.89", "size": "62"}, {"price": "0.83", "size": "10"}, {"price": "0.82", "size": "150"}], "event_type": "book", "last_trade_price": ""}, {"market": "0x4a8759d2d875be9b0e249c7b1a3d3d49dc900e4284d9737a129cbc4e87d7da71", "asset_id": "7067416833910504014055125845884236381326744632778703622549349924849000358827", "timestamp": "1769383579503", "hash": "2595e9ef5071b89cdfa594723a539f1c5783c09d", "bids": [{"price": "0.01", "size": "1028.71"}, {"price": "0.02", "size": "22.83"}, {"price": "0.04", "size": "1012"}, {"price": "0.05", "size": "345"}, {"price": "0.06", "size": "108"}, {"price": "0.07", "size": "8.44"}, {"price": "0.12", "size": "208.33"}, {"price": "0.14", "size": "78.57"}, {"price": "0.15", "size": "44.57"}, {"price": "0.16", "size": "8.5"}, {"price": "0.3", "size": "10"}, {"price": "0.31", "size": "150"}], "asks": [{"price": "0.99", "size": "1022"}, {"price": "0.98", "size": "7.53"}, {"price": "0.96", "size": "1212"}, {"price": "0.95", "size": "760"}, {"price": "0.94", "size": "8.59"}, {"price": "0.9", "size": "400"}, {"price": "0.83", "size": "76.47"}, {"price": "0.82", "size": "99.11"}, {"price": "0.81", "size": "8.5"}, {"price": "0.66", "size": "10"}, {"price": "0.65", "size": "150"}], "event_type": "book", "last_trade_price": ""}, {"market": "0x075bcf678371a0eca1ace2b4f02e50d4de0988f681125d2c4d2dc40e6f0399e4", "asset_id": "44043083063635748160381310836270929809335612864286205545661695728400717697980", "timestamp": "1769384020313", "hash": "d8b7d394cfb30ec3469940ce8e08aa471166cf4e", "bids": [{"price": "0.01", "size": "1027.47"}, {"price": "0.02", "size": "509.68"}, {"price": "0.03", "size": "200"}, {"price": "0.04", "size": "12"}, {"price": "0.05", "size": "40"}, {"price": "0.06", "size": "12.43"}, {"price": "0.08", "size": "162.5"}, {"price": "0.1", "size": "110"}, {"price": "0.11", "size": "55"}, {"price": "0.18", "size": "10"}, {"price": "0.2", "size": "8.5"}, {"price": "0.21", "size": "150"}], "asks": [{"price": "0.99", "size": "1037.29"}, {"price": "0.98", "size": "700"}, {"price": "0.97", "size": "5.61"}, {"price": "0.96", "size": "12"}, {"price": "0.95", "size": "25.75"}, {"price": "0.94", "size": "333"}, {"price": "0.93", "size": "200"}, {"price": "0.92", "size": "506.47"}, {"price": "0.86", "size": "92.85"}, {"price": "0.85", "size": "5.49"}, {"price": "0.84", "size": "68.75"}, {"price": "0.83", "size": "34"}, {"price": "0.82", "size": "8.5"}, {"price": "0.69", "size": "10"}, {"price": "0.68", "size": "150"}], "event_type": "book", "last_trade_price": ""}, {"market": "0x4a8759d2d875be9b0e249c7b1a3d3d49dc900e4284d9737a129cbc4e87d7da71", "asset_id": "68613822600760797550354490673418846729952358124298380004368114705765533299136", "timestamp": "1769383579503", "hash": "c4907bd1ff75b34c128b2f7e4829c8d36ae78764", "bids": [{"price": "0.01", "size": "1022"}, {"price": "0.02", "size": "7.53"}, {"price": "0.04", "size": "1212"}, {"price": "0.05", "size": "760"}, {"price": "0.06", "size": "8.59"}, {"price": "0.1", "size": "400"}, {"price": "0.17", "size": "76.47"}, {"price": "0.18", "size": "99.11"}, {"price": "0.19", "size": "8.5"}, {"price": "0.34", "size": "10"}, {"price": "0.35", "size": "150"}], "asks": [{"price": "0.99", "size": "1028.71"}, {"price": "0.98", "size": "22.83"}, {"price": "0.96", "size": "1012"}, {"price": "0.95", "size": "345"}, {"price": "0.94", "size": "108"}, {"price": "0.93", "size": "8.44"}, {"price": "0.88", "size": "208.33"}, {"price": "0.86", "size": "78.57"}, {"price": "0.85", "size": "44.57"}, {"price": "0.84", "size": "8.5"}, {"price": "0.7", "size": "10"}, {"price": "0.69", "size": "150"}], "event_type": "book", "last_trade_price": ""}]}
{"_local_timestamp": "2026-01-25T23:33:46.425348+00:00", "data": {"market": "0x075bcf678371a0eca1ace2b4f02e50d4de0988f681125d2c4d2dc40e6f0399e4", "price_changes": [{"asset_id": "44043083063635748160381310836270929809335612864286205545661695728400717697980", "price": "0.2", "size": "0", "side": "BUY", "hash": "92df40d84efd509472bb64c8b53f885f0920dff1", "best_bid": "0.21", "best_ask": "0.68"}, {"asset_id": "37620797048389817881327185390019211177750201483753180268328239381247553652046", "price": "0.8", "size": "0", "side": "SELL", "hash": "a6a0231badf0ada207e58ee3546f3ef09419175b", "best_bid": "0.32", "best_ask": "0.79"}], "timestamp": "1769384026360", "event_type": "price_change"}}
{"_local_timestamp": "2026-01-25T23:33:46.491257+00:00", "data": {"market": "0x075bcf678371a0eca1ace2b4f02e50d4de0988f681125d2c4d2dc40e6f0399e4", "price_changes": [{"asset_id": "44043083063635748160381310836270929809335612864286205545661695728400717697980", "price": "0.12", "size": "8.5", "side": "BUY", "hash": "ef54589cb9b644aaf1bd6c5958fcfc1f229358dd", "best_bid": "0.21", "best_ask": "0.68"}, {"asset_id": "37620797048389817881327185390019211177750201483753180268328239381247553652046", "price": "0.88", "size": "8.5", "side": "SELL", "hash": "49421158a2a4a12455a866bd29df256a1a2b4fbf", "best_bid": "0.32", "best_ask": "0.79"}], "timestamp": "1769384026426", "event_type": "price_change"}}
{"_local_timestamp": "2026-01-25T23:33:51.055364+00:00", "data": {"market": "0x075bcf678371a0eca1ace2b4f02e50d4de0988f681125d2c4d2dc40e6f0399e4", "price_changes": [{"asset_id": "44043083063635748160381310836270929809335612864286205545661695728400717697980", "price": "0.21", "size": "0", "side": "BUY", "hash": "572feeb5e6c3f2b10558c5c31cc8864c9602f783", "best_bid": "0.18", "best_ask": "0.68"}, {"asset_id": "37620797048389817881327185390019211177750201483753180268328239381247553652046", "price": "0.79", "size": "0", "side": "SELL", "hash": "cab8d4773ba57cfb869b67df94168c3cae6d44db", "best_bid": "0.32", "best_ask": "0.82"}], "timestamp": "1769384030988", "event_type": "price_change"}}
{"_local_timestamp": "2026-01-25T23:33:51.436266+00:00", "data": {"market": "0x075bcf678371a0eca1ace2b4f02e50d4de0988f681125d2c4d2dc40e6f0399e4", "price_changes": [{"asset_id": "44043083063635748160381310836270929809335612864286205545661695728400717697980", "price": "0.19", "size": "150", "side": "BUY", "hash": "faf5765a6b68028e6c763e1040c9085af1f3bc00", "best_bid": "0.19", "best_ask": "0.68"}, {"asset_id": "37620797048389817881327185390019211177750201483753180268328239381247553652046", "price": "0.81", "size": "150", "side": "SELL", "hash": "c72e9d9871c6121e2a6305a072f765b2d90e7ed6", "best_bid": "0.32", "best_ask": "0.81"}], "timestamp": "1769384031367", "event_type": "price_change"}}
{"_local_timestamp": "2026-01-25T23:33:58.153354+00:00", "data": {"market": "0x075bcf678371a0eca1ace2b4f02e50d4de0988f681125d2c4d2dc40e6f0399e4", "price_changes": [{"asset_id": "44043083063635748160381310836270929809335612864286205545661695728400717697980", "price": "0.12", "size": "0", "side": "BUY", "hash": "9578f5afcfcd217245e22a2cc9aa24f6298e0723", "best_bid": "0.19", "best_ask": "0.68"}, {"asset_id": "37620797048389817881327185390019211177750201483753180268328239381247553652046", "price": "0.88", "size": "0", "side": "SELL", "hash": "d2795d3dfa292b055eb3ae5d3ff967e705b4d58d", "best_bid": "0.32", "best_ask": "0.81"}], "timestamp": "1769384038083", "event_type": "price_change"}}
{"_local_timestamp": "2026-01-25T23:33:58.221615+00:00", "data": {"market": "0x075bcf678371a0eca1ace2b4f02e50d4de0988f681125d2c4d2dc40e6f0399e4", "price_changes": [{"asset_id": "44043083063635748160381310836270929809335612864286205545661695728400717697980", "price": "0.2", "size": "8.5", "side": "BUY", "hash": "b4aeab637103e52333c5f0647ad109c76355cc18", "best_bid": "0.2", "best_ask": "0.68"}, {"asset_id": "37620797048389817881327185390019211177750201483753180268328239381247553652046", "price": "0.8", "size": "8.5", "side": "SELL", "hash": "4be93ae5394d6bd2bccd60836774b4c51ed5b2f2", "best_bid": "0.32", "best_ask": "0.8"}], "timestamp": "1769384038148", "event_type": "price_change"}}
{"_local_timestamp": "2026-01-25T23:34:02.050568+00:00", "data": {"market": "0x075bcf678371a0eca1ace2b4f02e50d4de0988f681125d2c4d2dc40e6f0399e4", "price_changes": [{"asset_id": "44043083063635748160381310836270929809335612864286205545661695728400717697980", "price": "0.19", "size": "0", "side": "BUY", "hash": "edaebedff075f8c03cc731ca5ded6362b6c34bb5", "best_bid": "0.2", "best_ask": "0.68"}, {"asset_id": "37620797048389817881327185390019211177750201483753180268328239381247553652046", "price": "0.81", "size": "0", "side": "SELL", "hash": "b6c933cd204a6c3ed8760340960d7b3460907eb2", "best_bid": "0.32", "best_ask": "0.8"}], "timestamp": "1769384041967", "event_type": "price_change"}}
{"_local_timestamp": "2026-01-25T23:34:02.381274+00:00", "data": {"market": "0x075bcf678371a0eca1ace2b4f02e50d4de0988f681125d2c4d2dc40e6f0399e4", "price_changes": [{"asset_id": "44043083063635748160381310836270929809335612864286205545661695728400717697980", "price": "0.21", "size": "150", "side": "BUY", "hash": "24ead020b7a7d7ac221e645a66f03a9f44774d15", "best_bid": "0.21", "best_ask": "0.68"}, {"asset_id": "37620797048389817881327185390019211177750201483753180268328239381247553652046", "price": "0.79", "size": "150", "side": "SELL", "hash": "03bcb04cb0cfc840e9f182d8e9314447c251d3a7", "best_bid": "0.32", "best_ask": "0.79"}], "timestamp": "1769384042311", "event_type": "price_change"}}
{"_local_timestamp": "2026-01-25T23:34:07.930556+00:00", "data": {"market": "0x075bcf678371a0eca1ace2b4f02e50d4de0988f681125d2c4d2dc40e6f0399e4", "price_changes": [{"asset_id": "44043083063635748160381310836270929809335612864286205545661695728400717697980", "price": "0.2", "size": "0", "side": "BUY", "hash": "18d527fa440cff77088b12407d66bf138b6d81cc", "best_bid": "0.21", "best_ask": "0.68"}, {"asset_id": "37620797048389817881327185390019211177750201483753180268328239381247553652046", "price": "0.8", "size": "0", "side": "SELL", "hash": "3603fd1f0097e17a700196c28ef3cc8420065590", "best_bid": "0.32", "best_ask": "0.79"}], "timestamp": "1769384047845", "event_type": "price_change"}}
{"_local_timestamp": "2026-01-25T23:34:08.012017+00:00", "data": {"market": "0x075bcf678371a0eca1ace2b4f02e50d4de0988f681125d2c4d2dc40e6f0399e4", "price_changes": [{"asset_id": "44043083063635748160381310836270929809335612864286205545661695728400717697980", "price": "0.12", "size": "8.5", "side": "BUY", "hash": "28ee128bb5d3576ebe7b6a4044b8eb7ba54a6b71", "best_bid": "0.21", "best_ask": "0.68"}, {"asset_id": "37620797048389817881327185390019211177750201483753180268328239381247553652046", "price": "0.88", "size": "8.5", "side": "SELL", "hash": "ac5ca7419de579194a556a2a781a992bb4351d55", "best_bid": "0.32", "best_ask": "0.79"}], "timestamp": "1769384047911", "event_type": "price_change"}}
{"_local_timestamp": "2026-01-25T23:34:13.178403+00:00", "data": {"market": "0x075bcf678371a0eca1ace2b4f02e50d4de0988f681125d2c4d2dc40e6f0399e4", "price_changes": [{"asset_id": "44043083063635748160381310836270929809335612864286205545661695728400717697980", "price": "0.21", "size": "0", "side": "BUY", "hash": "e2fd11d98b4de87a5aa0b38f16bc49e461b68be8", "best_bid": "0.18", "best_ask": "0.68"}, {"asset_id": "37620797048389817881327185390019211177750201483753180268328239381247553652046", "price": "0.79", "size": "0", "side": "SELL", "hash": "f2e783923f87c14c25866b23bdbce121caf2e537", "best_bid": "0.32", "best_ask": "0.82"}], "timestamp": "1769384053055", "event_type": "price_change"}}
{"_local_timestamp": "2026-01-25T23:34:13.543334+00:00", "data": {"market": "0x075bcf678371a0eca1ace2b4f02e50d4de0988f681125d2c4d2dc40e6f0399e4", "price_changes": [{"asset_id": "44043083063635748160381310836270929809335612864286205545661695728400717697980", "price": "0.19", "size": "150", "side": "BUY", "hash": "c54ad8c67004a7e14d3ab0eec5d33a5f1ba2fdd5", "best_bid": "0.19", "best_ask": "0.68"}, {"asset_id": "37620797048389817881327185390019211177750201483753180268328239381247553652046", "price": "0.81", "size": "150", "side": "SELL", "hash": "22bc95a012eaac1524c897171b6489d8a73c519e", "best_bid": "0.32", "best_ask": "0.81"}], "timestamp": "1769384053360", "event_type": "price_change"}}
{"_local_timestamp": "2026-01-25T23:34:21.276473+00:00", "data": {"market": "0x075bcf678371a0eca1ace2b4f02e50d4de0988f681125d2c4d2dc40e6f0399e4", "price_changes": [{"asset_id": "44043083063635748160381310836270929809335612864286205545661695728400717697980", "price": "0.12", "size": "0", "side": "BUY", "hash": "1b0a35bb8a1f198a5a9feb9cab1a69354d67c148", "best_bid": "0.19", "best_ask": "0.68"}, {"asset_id": "37620797048389817881327185390019211177750201483753180268328239381247553652046", "price": "0.88", "size": "0", "side": "SELL", "hash": "558075d7ba705e7d769013e4a42963cca1584bed", "best_bid": "0.32", "best_ask": "0.81"}], "timestamp": "1769384061192", "event_type": "price_change"}}
{"_local_timestamp": "2026-01-25T23:34:21.321603+00:00", "data": {"market": "0x075bcf678371a0eca1ace2b4f02e50d4de0988f681125d2c4d2dc40e6f0399e4", "price_changes": [{"asset_id": "44043083063635748160381310836270929809335612864286205545661695728400717697980", "price": "0.2", "size": "8.5", "side": "BUY", "hash": "47246af982b43bb38390654193cffa1e26660641", "best_bid": "0.2", "best_ask": "0.68"}, {"asset_id": "37620797048389817881327185390019211177750201483753180268328239381247553652046", "price": "0.8", "size": "8.5", "side": "SELL", "hash": "a14ad808fb86c688b63608d77a24af5178f5808c", "best_bid": "0.32", "best_ask": "0.8"}], "timestamp": "1769384061257", "event_type": "price_change"}}
{"_local_timestamp": "2026-01-25T23:34:23.082161+00:00", "data": {"market": "0x4a8759d2d875be9b0e249c7b1a3d3d49dc900e4284d9737a129cbc4e87d7da71", "price_changes": [{"asset_id": "7067416833910504014055125845884236381326744632778703622549349924849000358827", "price": "0.05", "size": "20", "side": "BUY", "hash": "7a145a0da15b32f291b54070f147ffd8a9fe934f", "best_bid": "0.31", "best_ask": "0.65"}, {"asset_id": "68613822600760797550354490673418846729952358124298380004368114705765533299136", "price": "0.95", "size": "20", "side": "SELL", "hash": "3f58c7ab2b800cd3ebbecc1f850e23b4d3b5d133", "best_bid": "0.35", "best_ask": "0.69"}], "timestamp": "1769384063005", "event_type": "price_change"}}
{"_local_timestamp": "2026-01-25T23:34:23.084166+00:00", "data": {"market": "0x4a8759d2d875be9b0e249c7b1a3d3d49dc900e4284d9737a129cbc4e87d7da71", "price_changes": [{"asset_id": "7067416833910504014055125845884236381326744632778703622549349924849000358827", "price": "0.04", "size": "712", "side": "BUY", "hash": "7a145a0da15b32f291b54070f147ffd8a9fe934f", "best_bid": "0.31", "best_ask": "0.65"}, {"asset_id": "68613822600760797550354490673418846729952358124298380004368114705765533299136", "price": "0.96", "size": "712", "side": "SELL", "hash": "3f58c7ab2b800cd3ebbecc1f850e23b4d3b5d133", "best_bid": "0.35", "best_ask": "0.69"}], "timestamp": "1769384063005", "event_type": "price_change"}}
{"_local_timestamp": "2026-01-25T23:34:23.085997+00:00", "data": {"market": "0x4a8759d2d875be9b0e249c7b1a3d3d49dc900e4284d9737a129cbc4e87d7da71", "price_changes": [{"asset_id": "7067416833910504014055125845884236381326744632778703622549349924849000358827", "price": "0.06", "size": "33", "side": "BUY", "hash": "7a145a0da15b32f291b54070f147ffd8a9fe934f", "best_bid": "0.31", "best_ask": "0.65"}, {"asset_id": "68613822600760797550354490673418846729952358124298380004368114705765533299136", "price": "0.94", "size": "33", "side": "SELL", "hash": "3f58c7ab2b800cd3ebbecc1f850e23b4d3b5d133", "best_bid": "0.35", "best_ask": "0.69"}], "timestamp": "1769384063005", "event_type": "price_change"}}
{"_local_timestamp": "2026-01-25T23:34:23.087805+00:00", "data": {"market": "0x4a8759d2d875be9b0e249c7b1a3d3d49dc900e4284d9737a129cbc4e87d7da71", "price_changes": [{"asset_id": "68613822600760797550354490673418846729952358124298380004368114705765533299136", "price": "0.04", "size": "712", "side": "BUY", "hash": "02effb03cf396a411247b8c2162241c92ee35b29", "best_bid": "0.35", "best_ask": "0.69"}, {"asset_id": "7067416833910504014055125845884236381326744632778703622549349924849000358827", "price": "0.96", "size": "712", "side": "SELL", "hash": "d2fd89e46110d14f0679a1c7eb85a1e5ddfc6c12", "best_bid": "0.31", "best_ask": "0.65"}], "timestamp": "1769384063005", "event_type": "price_change"}}
{"_local_timestamp": "2026-01-25T23:34:23.091423+00:00", "data": {"market": "0x4a8759d2d875be9b0e249c7b1a3d3d49dc900e4284d9737a129cbc4e87d7da71", "price_changes": [{"asset_id": "68613822600760797550354490673418846729952358124298380004368114705765533299136", "price": "0.05", "size": "560", "side": "BUY", "hash": "02effb03cf396a411247b8c2162241c92ee35b29", "best_bid": "0.35", "best_ask": "0.69"}, {"asset_id": "7067416833910504014055125845884236381326744632778703622549349924849000358827", "price": "0.95", "size": "560", "side": "SELL", "hash": "d2fd89e46110d14f0679a1c7eb85a1e5ddfc6c12", "best_bid": "0.31", "best_ask": "0.65"}], "timestamp": "1769384063005", "event_type": "price_change"}}
{"_local_timestamp": "2026-01-25T23:34:23.936607+00:00", "data": {"market": "0x075bcf678371a0eca1ace2b4f02e50d4de0988f681125d2c4d2dc40e6f0399e4", "price_changes": [{"asset_id": "44043083063635748160381310836270929809335612864286205545661695728400717697980", "price": "0.19", "size": "0", "side": "BUY", "hash": "b4175f5db5174188a5e7b57fcca653b87db6d08e", "best_bid": "0.2", "best_ask": "0.68"}, {"asset_id": "37620797048389817881327185390019211177750201483753180268328239381247553652046", "price": "0.81", "size": "0", "side": "SELL", "hash": "bcb7394271882f334ecdcae25c759d8ea1ec2fb0", "best_bid": "0.32", "best_ask": "0.8"}], "timestamp": "1769384063868", "event_type": "price_change"}}
{"_local_timestamp": "2026-01-25T23:34:24.384345+00:00", "data": {"market": "0x075bcf678371a0eca1ace2b4f02e50d4de0988f681125d2c4d2dc40e6f0399e4", "price_changes": [{"asset_id": "44043083063635748160381310836270929809335612864286205545661695728400717697980", "price": "0.21", "size": "150", "side": "BUY", "hash": "ceb68d793fb852ce3f0da24acc8cbc75ad315127", "best_bid": "0.21", "best_ask": "0.68"}, {"asset_id": "37620797048389817881327185390019211177750201483753180268328239381247553652046", "price": "0.79", "size": "150", "side": "SELL", "hash": "4d2f238d95151c1e47230e5c4b1d05e44d142a6d", "best_bid": "0.32", "best_ask": "0.79"}], "timestamp": "1769384064318", "event_type": "price_change"}}
{"_local_timestamp": "2026-01-25T23:34:25.094975+00:00", "data": {"market": "0x4a8759d2d875be9b0e249c7b1a3d3d49dc900e4284d9737a129cbc4e87d7da71", "price_changes": [{"asset_id": "68613822600760797550354490673418846729952358124298380004368114705765533299136", "price": "0.15", "size": "125", "side": "BUY", "hash": "3131ec1fcfb125284ae8685bb009b2a60870c3b8", "best_bid": "0.35", "best_ask": "0.69"}, {"asset_id": "7067416833910504014055125845884236381326744632778703622549349924849000358827", "price": "0.85", "size": "125", "side": "SELL", "hash": "d149652f0027a5036adc0de83c3a8fb45d8fd322", "best_bid": "0.31", "best_ask": "0.65"}], "timestamp": "1769384065029", "event_type": "price_change"}}
{"_local_timestamp": "2026-01-25T23:34:25.102156+00:00", "data": {"market": "0x4a8759d2d875be9b0e249c7b1a3d3d49dc900e4284d9737a129cbc4e87d7da71", "price_changes": [{"asset_id": "7067416833910504014055125845884236381326744632778703622549349924849000358827", "price": "0.13", "size": "125", "side": "BUY", "hash": "488631d9ee8f070df5f73fd3c0a1b4d687d0dcee", "best_bid": "0.31", "best_ask": "0.65"}, {"asset_id": "68613822600760797550354490673418846729952358124298380004368114705765533299136", "price": "0.87", "size": "125", "side": "SELL", "hash": "8fc40435e3e46ae11169b6cf382ad061319adfd2", "best_bid": "0.35", "best_ask": "0.69"}], "timestamp": "1769384065031", "event_type": "price_change"}}
{"_local_timestamp": "2026-01-25T23:34:25.102661+00:00", "data": {"market": "0x4a8759d2d875be9b0e249c7b1a3d3d49dc900e4284d9737a129cbc4e87d7da71", "price_changes": [{"asset_id": "7067416833910504014055125845884236381326744632778703622549349924849000358827", "price": "0.11", "size": "300", "side": "BUY", "hash": "c9d05dd5b7c38f446e4f3fae606933ba07fdf43d", "best_bid": "0.31", "best_ask": "0.65"}, {"asset_id": "68613822600760797550354490673418846729952358124298380004368114705765533299136", "price": "0.89", "size": "300", "side": "SELL", "hash": "5b509ba70d2bc2d240263c4a5c3070d976413db4", "best_bid": "0.35", "best_ask": "0.69"}], "timestamp": "1769384065032", "event_type": "price_change"}}
{"_local_timestamp": "2026-01-25T23:34:25.109453+00:00", "data": {"market": "0x4a8759d2d875be9b0e249c7b1a3d3d49dc900e4284d9737a129cbc4e87d7da71", "price_changes": [{"asset_id": "7067416833910504014055125845884236381326744632778703622549349924849000358827", "price": "0.12", "size": "408.33", "side": "BUY", "hash": "32a6e44178e44ca30a7fc9e46124efcee34e9557", "best_bid": "0.31", "best_ask": "0.65"}, {"asset_id": "68613822600760797550354490673418846729952358124298380004368114705765533299136", "price": "0.88", "size": "408.33", "side": "SELL", "hash": "aff793d02486782833328775e196cb705106af2a", "best_bid": "0.35", "best_ask": "0.69"}], "timestamp": "1769384065034", "event_type": "price_change"}}
{"_local_timestamp": "2026-01-25T23:34:25.109933+00:00", "data": {"market": "0x4a8759d2d875be9b0e249c7b1a3d3d49dc900e4284d9737a129cbc4e87d7da71", "price_changes": [{"asset_id": "68613822600760797550354490673418846729952358124298380004368114705765533299136", "price": "0.16", "size": "75", "side": "BUY", "hash": "0119c85a81b9cb4ba3d204291e4605add1697464", "best_bid": "0.35", "best_ask": "0.69"}, {"asset_id": "7067416833910504014055125845884236381326744632778703622549349924849000358827", "price": "0.84", "size": "75", "side": "SELL", "hash": "8fdef53d96b45fc1e7c4ad28bf192eb58325414e", "best_bid": "0.31", "best_ask": "0.65"}], "timestamp": "1769384065035", "event_type": "price_change"}}
{"_local_timestamp": "2026-01-25T23:34:25.110332+00:00", "data": {"market": "0x4a8759d2d875be9b0e249c7b1a3d3d49dc900e4284d9737a129cbc4e87d7da71", "price_changes": [{"asset_id": "68613822600760797550354490673418846729952358124298380004368114705765533299136", "price": "0.14", "size": "200", "side": "BUY", "hash": "bac436bb124c914efb4a735ddf1de27d37b80f15", "best_bid": "0.35", "best_ask": "0.69"}, {"asset_id": "7067416833910504014055125845884236381326744632778703622549349924849000358827", "price": "0.86", "size": "200", "side": "SELL", "hash": "c7b4fc37ba4faf0e2cc5a4d3acda0a92a2b95804", "best_bid": "0.31", "best_ask": "0.65"}], "timestamp": "1769384065037", "event_type": "price_change"}}
{"_local_timestamp": "2026-01-25T23:34:25.117137+00:00", "data": {"market": "0x4a8759d2d875be9b0e249c7b1a3d3d49dc900e4284d9737a129cbc4e87d7da71", "price_changes": [{"asset_id": "7067416833910504014055125845884236381326744632778703622549349924849000358827", "price": "0.14", "size": "153.57", "side": "BUY", "hash": "44165c47c8c68ad8669acf64cfc31d37d0e8e662", "best_bid": "0.31", "best_ask": "0.65"}, {"asset_id": "68613822600760797550354490673418846729952358124298380004368114705765533299136", "price": "0.86", "size": "153.57", "side": "SELL", "hash": "3380893d782f4bc76335dbcaa957b3dca50f646b", "best_bid": "0.35", "best_ask": "0.69"}], "timestamp": "1769384065038", "event_type": "price_change"}}
{"_local_timestamp": "2026-01-25T23:34:25.117577+00:00", "data": {"market": "0x4a8759d2d875be9b0e249c7b1a3d3d49dc900e4284d9737a129cbc4e87d7da71", "price_changes": [{"asset_id": "68613822600760797550354490673418846729952358124298380004368114705765533299136", "price": "0.12", "size": "300", "side": "BUY", "hash": "57919ddb9703ad8632c0b0e30e3397d389e67ca7", "best_bid": "0.35", "best_ask": "0.69"}, {"asset_id": "7067416833910504014055125845884236381326744632778703622549349924849000358827", "price": "0.88", "size": "300", "side": "SELL", "hash": "d5d2f6ae974e2983f861e0be5d9ac651e3330d64", "best_bid": "0.31", "best_ask": "0.65"}], "timestamp": "1769384065040", "event_type": "price_change"}}
{"_local_timestamp": "2026-01-25T23:34:25.312654+00:00", "data": {"market": "0xe84eca57bd45badc67bc03e45f1572d9b7cb54c99f439cab8d1f5a8f706ed5aa", "price_changes": [{"asset_id": "57604927680313565537024476609266309679605748393322698936584890001973886141363", "price": "0.06", "size": "33", "side": "BUY", "hash": "746d71429605ee647a95c701f3005c73acc873f7", "best_bid": "0.3", "best_ask": "0.82"}, {"asset_id": "40914385129726617553295008292757296803187090422865409939820153761951336447592", "price": "0.94", "size": "33", "side": "SELL", "hash": "5da8d035cfe3ed2414edda22dc04c7f3198e42a6", "best_bid": "0.18", "best_ask": "0.7"}], "timestamp": "1769384065227", "event_type": "price_change"}}
{"_local_timestamp": "2026-01-25T23:34:25.315155+00:00", "data": {"market": "0xe84eca57bd45badc67bc03e45f1572d9b7cb54c99f439cab8d1f5a8f706ed5aa", "price_changes": [{"asset_id": "57604927680313565537024476609266309679605748393322698936584890001973886141363", "price": "0.05", "size": "20", "side": "BUY", "hash": "746d71429605ee647a95c701f3005c73acc873f7", "best_bid": "0.3", "best_ask": "0.82"}, {"asset_id": "40914385129726617553295008292757296803187090422865409939820153761951336447592", "price": "0.95", "size": "20", "side": "SELL", "hash": "5da8d035cfe3ed2414edda22dc04c7f3198e42a6", "best_bid": "0.18", "best_ask": "0.7"}], "timestamp": "1769384065227", "event_type": "price_change"}}
{"_local_timestamp": "2026-01-25T23:34:25.316339+00:00", "data": {"market": "0xe84eca57bd45badc67bc03e45f1572d9b7cb54c99f439cab8d1f5a8f706ed5aa", "price_changes": [{"asset_id": "57604927680313565537024476609266309679605748393322698936584890001973886141363", "price": "0.04", "size": "712", "side": "BUY", "hash": "746d71429605ee647a95c701f3005c73acc873f7", "best_bid": "0.3", "best_ask": "0.82"}, {"asset_id": "40914385129726617553295008292757296803187090422865409939820153761951336447592", "price": "0.96", "size": "712", "side": "SELL", "hash": "5da8d035cfe3ed2414edda22dc04c7f3198e42a6", "best_bid": "0.18", "best_ask": "0.7"}], "timestamp": "1769384065227", "event_type": "price_change"}}
{"_local_timestamp": "2026-01-25T23:34:25.327362+00:00", "data": {"market": "0xe84eca57bd45badc67bc03e45f1572d9b7cb54c99f439cab8d1f5a8f706ed5aa", "price_changes": [{"asset_id": "40914385129726617553295008292757296803187090422865409939820153761951336447592", "price": "0.04", "size": "12", "side": "BUY", "hash": "f887d5ea15eebdeead22e849d884c042afbbead8", "best_bid": "0.18", "best_ask": "0.7"}, {"asset_id": "57604927680313565537024476609266309679605748393322698936584890001973886141363", "price": "0.96", "size": "12", "side": "SELL", "hash": "42624811f87e4c067f94924c72822785c9f8102d", "best_bid": "0.3", "best_ask": "0.82"}], "timestamp": "1769384065227", "event_type": "price_change"}}
{"_local_timestamp": "2026-01-25T23:34:25.329817+00:00", "data": {"market": "0xe84eca57bd45badc67bc03e45f1572d9b7cb54c99f439cab8d1f5a8f706ed5aa", "price_changes": [{"asset_id": "40914385129726617553295008292757296803187090422865409939820153761951336447592", "price": "0.03", "size": "0", "side": "BUY", "hash": "f887d5ea15eebdeead22e849d884c042afbbead8", "best_bid": "0.18", "best_ask": "0.7"}, {"asset_id": "57604927680313565537024476609266309679605748393322698936584890001973886141363", "price": "0.97", "size": "0", "side": "SELL", "hash": "42624811f87e4c067f94924c72822785c9f8102d", "best_bid": "0.3", "best_ask": "0.82"}], "timestamp": "1769384065227", "event_type": "price_change"}}
{"_local_timestamp": "2026-01-25T23:34:26.120330+00:00", "data": {"market": "0xe84eca57bd45badc67bc03e45f1572d9b7cb54c99f439cab8d1f5a8f706ed5aa", "price_changes": [{"asset_id": "57604927680313565537024476609266309679605748393322698936584890001973886141363", "price": "0.3", "size": "229", "side": "BUY", "hash": "1437da6e055c3208c84347f1a2ccb67d35f13936", "best_bid": "0.3", "best_ask": "0.82"}, {"asset_id": "40914385129726617553295008292757296803187090422865409939820153761951336447592", "price": "0.7", "size": "229", "side": "SELL", "hash": "36396a17a52a51260ab40f7079f6281eb69a8ecf", "best_bid": "0.18", "best_ask": "0.7"}], "timestamp": "1769384066026", "event_type": "price_change"}}
{"_local_timestamp": "2026-01-25T23:34:26.120817+00:00", "data": {"market": "0x075bcf678371a0eca1ace2b4f02e50d4de0988f681125d2c4d2dc40e6f0399e4", "price_changes": [{"asset_id": "37620797048389817881327185390019211177750201483753180268328239381247553652046", "price": "0.32", "size": "189", "side": "BUY", "hash": "ca6c750238694f7d9cda0a574ff5b3de61ecbf23", "best_bid": "0.32", "best_ask": "0.79"}, {"asset_id": "44043083063635748160381310836270929809335612864286205545661695728400717697980", "price": "0.68", "size": "189", "side": "SELL", "hash": "e3b38115b4e28c3f34774d9ddccb9cc3566a44c2", "best_bid": "0.21", "best_ask": "0.68"}], "timestamp": "1769384066026", "event_type": "price_change"}}
{"_local_timestamp": "2026-01-25T23:34:26.121174+00:00", "data": {"market": "0x4a8759d2d875be9b0e249c7b1a3d3d49dc900e4284d9737a129cbc4e87d7da71", "price_changes": [{"asset_id": "7067416833910504014055125845884236381326744632778703622549349924849000358827", "price": "0.32", "size": "158", "side": "BUY", "hash": "1374ea691a1868107de534b6e485f45cb5938b08", "best_bid": "0.32", "best_ask": "0.65"}, {"asset_id": "68613822600760797550354490673418846729952358124298380004368114705765533299136", "price": "0.68", "size": "158", "side": "SELL", "hash": "c5c37ddfcc71873e857e35906926623e310c0253", "best_bid": "0.35", "best_ask": "0.68"}], "timestamp": "1769384066027", "event_type": "price_change"}}
{"_local_timestamp": "2026-01-25T23:34:26.121559+00:00", "data": {"market": "0xe84eca57bd45badc67bc03e45f1572d9b7cb54c99f439cab8d1f5a8f706ed5aa", "price_changes": [{"asset_id": "57604927680313565537024476609266309679605748393322698936584890001973886141363", "price": "0.31", "size": "316.66", "side": "BUY", "hash": "6dd453e2e48ce2644cb649b57184d0944ba7aad7", "best_bid": "0.31", "best_ask": "0.82"}, {"asset_id": "40914385129726617553295008292757296803187090422865409939820153761951336447592", "price": "0.69", "size": "316.66", "side": "SELL", "hash": "377670a72aed21845558c887cde55049db011f7a", "best_bid": "0.18", "best_ask": "0.69"}], "timestamp": "1769384066028", "event_type": "price_change"}}
{"_local_timestamp": "2026-01-25T23:34:26.122340+00:00", "data": {"market": "0x075bcf678371a0eca1ace2b4f02e50d4de0988f681125d2c4d2dc40e6f0399e4", "price_changes": [{"asset_id": "37620797048389817881327185390019211177750201483753180268328239381247553652046", "price": "0.33", "size": "316.66", "side": "BUY", "hash": "177c2a14292e8feee88706b06ce696b4a91bd5f6", "best_bid": "0.33", "best_ask": "0.79"}, {"asset_id": "44043083063635748160381310836270929809335612864286205545661695728400717697980", "price": "0.67", "size": "316.66", "side": "SELL", "hash": "0285d3d1d9894d9c2864ad30a3c7ff2658c972bc", "best_bid": "0.21", "best_ask": "0.67"}], "timestamp": "1769384066028", "event_type": "price_change"}}
{"_local_timestamp": "2026-01-25T23:34:27.245048+00:00", "data": {"market": "0xe84eca57bd45badc67bc03e45f1572d9b7cb54c99f439cab8d1f5a8f706ed5aa", "price_changes": [{"asset_id": "57604927680313565537024476609266309679605748393322698936584890001973886141363", "price": "0.11", "size": "300", "side": "BUY", "hash": "51719a02d92bc80701f4b9d739efae214fcd9b19", "best_bid": "0.31", "best_ask": "0.82"}, {"asset_id": "40914385129726617553295008292757296803187090422865409939820153761951336447592", "price": "0.89", "size": "300", "side": "SELL", "hash": "10854ef31cc00183c1ca943a543825ba0afa06ec", "best_bid": "0.18", "best_ask": "0.69"}], "timestamp": "1769384067180", "event_type": "price_change"}}
{"_local_timestamp": "2026-01-25T23:34:27.259161+00:00", "data": {"market": "0xe84eca57bd45badc67bc03e45f1572d9b7cb54c99f439cab8d1f5a8f706ed5aa", "price_changes": [{"asset_id": "40914385129726617553295008292757296803187090422865409939820153761951336447592", "price": "0.08", "size": "220", "side": "BUY", "hash": "c87616b33cc92992da14e8beaa3a3f7067737fc5", "best_bid": "0.18", "best_ask": "0.69"}, {"asset_id": "57604927680313565537024476609266309679605748393322698936584890001973886141363", "price": "0.92", "size": "220", "side": "SELL", "hash": "caaa5504990b48ef1c1034b1b96907c01c762e3f", "best_bid": "0.31", "best_ask": "0.82"}], "timestamp": "1769384067192", "event_type": "price_change"}}
{"_local_timestamp": "2026-01-25T23:34:27.278648+00:00", "data": {"market": "0xe84eca57bd45badc67bc03e45f1572d9b7cb54c99f439cab8d1f5a8f706ed5aa", "price_changes": [{"asset_id": "40914385129726617553295008292757296803187090422865409939820153761951336447592", "price": "0.07", "size": "300", "side": "BUY", "hash": "b2a1040595942fce9ee942f955c476e4e0a5c019", "best_bid": "0.18", "best_ask": "0.69"}, {"asset_id": "57604927680313565537024476609266309679605748393322698936584890001973886141363", "price": "0.93", "size": "300", "side": "SELL", "hash": "2d50c16cb8be9d52eccdcc68a8cf7bda434386b1", "best_bid": "0.31", "best_ask": "0.82"}], "timestamp": "1769384067204", "event_type": "price_change"}}
{"_local_timestamp": "2026-01-25T23:34:27.279700+00:00", "data": {"market": "0xe84eca57bd45badc67bc03e45f1572d9b7cb54c99f439cab8d1f5a8f706ed5aa", "price_changes": [{"asset_id": "40914385129726617553295008292757296803187090422865409939820153761951336447592", "price": "0.09", "size": "219.44", "side": "BUY", "hash": "9bcc39221eed698e18b6d7cba6fd1e36f8dd9a0a", "best_bid": "0.18", "best_ask": "0.69"}, {"asset_id": "57604927680313565537024476609266309679605748393322698936584890001973886141363", "price": "0.91", "size": "219.44", "side": "SELL", "hash": "5bd6e25cc1c2d99eaab465981ede805ab442864b", "best_bid": "0.31", "best_ask": "0.82"}], "timestamp": "1769384067214", "event_type": "price_change"}}
{"_local_timestamp": "2026-01-25T23:34:27.293569+00:00", "data": {"market": "0xe84eca57bd45badc67bc03e45f1572d9b7cb54c99f439cab8d1f5a8f706ed5aa", "price_changes": [{"asset_id": "57604927680313565537024476609266309679605748393322698936584890001973886141363", "price": "0.12", "size": "200", "side": "BUY", "hash": "9b0398cb64f7b81d73af88eba4c69032125ceb8d", "best_bid": "0.31", "best_ask": "0.82"}, {"asset_id": "40914385129726617553295008292757296803187090422865409939820153761951336447592", "price": "0.88", "size": "200", "side": "SELL", "hash": "ae076dae5635238339e20f4596efc7f4beb43ad3", "best_bid": "0.18", "best_ask": "0.69"}], "timestamp": "1769384067222", "event_type": "price_change"}}
{"_local_timestamp": "2026-01-25T23:34:27.296828+00:00", "data": {"market": "0xe84eca57bd45badc67bc03e45f1572d9b7cb54c99f439cab8d1f5a8f706ed5aa", "price_changes": [{"asset_id": "57604927680313565537024476609266309679605748393322698936584890001973886141363", "price": "0.13", "size": "225", "side": "BUY", "hash": "78c8f4169849236186c6fa1796b7a5e734fb9398", "best_bid": "0.31", "best_ask": "0.82"}, {"asset_id": "40914385129726617553295008292757296803187090422865409939820153761951336447592", "price": "0.87", "size": "225", "side": "SELL", "hash": "a8490da9065713a22d90b412aa43a3af32e7fe3c", "best_bid": "0.18", "best_ask": "0.69"}], "timestamp": "1769384067234", "event_type": "price_change"}}
{"_local_timestamp": "2026-01-25T23:34:27.305661+00:00", "data": {"market": "0xe84eca57bd45badc67bc03e45f1572d9b7cb54c99f439cab8d1f5a8f706ed5aa", "price_changes": [{"asset_id": "40914385129726617553295008292757296803187090422865409939820153761951336447592", "price": "0.08", "size": "345", "side": "BUY", "hash": "c35dfda7ea731dadfb2b2891bfdc8c3100b2796f", "best_bid": "0.18", "best_ask": "0.69"}, {"asset_id": "57604927680313565537024476609266309679605748393322698936584890001973886141363", "price": "0.92", "size": "345", "side": "SELL", "hash": "d12dfe13646fbc254af9b6c6575ea837cb9ada0a", "best_bid": "0.31", "best_ask": "0.82"}], "timestamp": "1769384067244", "event_type": "price_change"}}
{"_local_timestamp": "2026-01-25T23:34:27.318239+00:00", "data": {"market": "0xe84eca57bd45badc67bc03e45f1572d9b7cb54c99f439cab8d1f5a8f706ed5aa", "price_changes": [{"asset_id": "57604927680313565537024476609266309679605748393322698936584890001973886141363", "price": "0.14", "size": "153.57", "side": "BUY", "hash": "5906659c0161cfdb5d93ff6add59c4b162eaf497", "best_bid": "0.31", "best_ask": "0.82"}, {"asset_id": "40914385129726617553295008292757296803187090422865409939820153761951336447592", "price": "0.86", "size": "153.57", "side": "SELL", "hash": "82080a9d9091a7178740baa32a99b867767e4fec", "best_bid": "0.18", "best_ask": "0.69"}], "timestamp": "1769384067252", "event_type": "price_change"}}
{"_local_timestamp": "2026-01-25T23:34:27.533234+00:00", "data": {"market": "0x075bcf678371a0eca1ace2b4f02e50d4de0988f681125d2c4d2dc40e6f0399e4", "price_changes": [{"asset_id": "37620797048389817881327185390019211177750201483753180268328239381247553652046", "price": "0.08", "size": "306.47", "side": "BUY", "hash": "887c1bacebd1c18a7f3d3f05a9b9949ceea17f74", "best_bid": "0.33", "best_ask": "0.79"}, {"asset_id": "44043083063635748160381310836270929809335612864286205545661695728400717697980", "price": "0.92", "size": "306.47", "side": "SELL", "hash": "247d7dff2672be4de4ff6430ce095ba42cb5ab04", "best_bid": "0.21", "best_ask": "0.67"}], "timestamp": "1769384067468", "event_type": "price_change"}}
{"_local_timestamp": "2026-01-25T23:34:27.534792+00:00", "data": {"market": "0x075bcf678371a0eca1ace2b4f02e50d4de0988f681125d2c4d2dc40e6f0399e4", "price_changes": [{"asset_id": "37620797048389817881327185390019211177750201483753180268328239381247553652046", "price": "0.07", "size": "0", "side": "BUY", "hash": "887c1bacebd1c18a7f3d3f05a9b9949ceea17f74", "best_bid": "0.33", "best_ask": "0.79"}, {"asset_id": "44043083063635748160381310836270929809335612864286205545661695728400717697980", "price": "0.93", "size": "0", "side": "SELL", "hash": "247d7dff2672be4de4ff6430ce095ba42cb5ab04", "best_bid": "0.21", "best_ask": "0.67"}], "timestamp": "1769384067468", "event_type": "price_change"}}
{"_local_timestamp": "2026-01-25T23:34:27.535665+00:00", "data": {"market": "0x075bcf678371a0eca1ace2b4f02e50d4de0988f681125d2c4d2dc40e6f0399e4", "price_changes": [{"asset_id": "37620797048389817881327185390019211177750201483753180268328239381247553652046", "price": "0.06", "size": "33", "side": "BUY", "hash": "887c1bacebd1c18a7f3d3f05a9b9949ceea17f74", "best_bid": "0.33", "best_ask": "0.79"}, {"asset_id": "44043083063635748160381310836270929809335612864286205545661695728400717697980", "price": "0.94", "size": "33", "side": "SELL", "hash": "247d7dff2672be4de4ff6430ce095ba42cb5ab04", "best_bid": "0.21", "best_ask": "0.67"}], "timestamp": "1769384067468", "event_type": "price_change"}}
{"_local_timestamp": "2026-01-25T23:34:27.536719+00:00", "data": {"market": "0x075bcf678371a0eca1ace2b4f02e50d4de0988f681125d2c4d2dc40e6f0399e4", "price_changes": [{"asset_id": "44043083063635748160381310836270929809335612864286205545661695728400717697980", "price": "0.03", "size": "0", "side": "BUY", "hash": "c13eb1de24662b97c76519c75ac96fe379382cc5", "best_bid": "0.21", "best_ask": "0.67"}, {"asset_id": "37620797048389817881327185390019211177750201483753180268328239381247553652046", "price": "0.97", "size": "0", "side": "SELL", "hash": "ede92c4c5672a71e46fbd8628ac67e4edbd53c76", "best_bid": "0.33", "best_ask": "0.79"}], "timestamp": "1769384067468", "event_type": "price_change"}}
{"_local_timestamp": "2026-01-25T23:34:27.537185+00:00", "data": {"market": "0x075bcf678371a0eca1ace2b4f02e50d4de0988f681125d2c4d2dc40e6f0399e4", "price_changes": [{"asset_id": "44043083063635748160381310836270929809335612864286205545661695728400717697980", "price": "0.02", "size": "9.68", "side": "BUY", "hash": "c13eb1de24662b97c76519c75ac96fe379382cc5", "best_bid": "0.21", "best_ask": "0.67"}, {"asset_id": "37620797048389817881327185390019211177750201483753180268328239381247553652046", "price": "0.98", "size": "9.68", "side": "SELL", "hash": "ede92c4c5672a71e46fbd8628ac67e4edbd53c76", "best_bid": "0.33", "best_ask": "0.79"}], "timestamp": "1769384067468", "event_type": "price_change"}}
{"_local_timestamp": "2026-01-25T23:34:29.440426+00:00", "data": {"market": "0x075bcf678371a0eca1ace2b4f02e50d4de0988f681125d2c4d2dc40e6f0399e4", "price_changes": [{"asset_id": "44043083063635748160381310836270929809335612864286205545661695728400717697980", "price": "0.2", "size": "0", "side": "BUY", "hash": "c607e690f7e8484b55a34a51cd31f84d71fcc6d1", "best_bid": "0.21", "best_ask": "0.67"}, {"asset_id": "37620797048389817881327185390019211177750201483753180268328239381247553652046", "price": "0.8", "size": "0", "side": "SELL", "hash": "ffd2f3b3ec9a6e132fea3097bf3cf87e52eab1ed", "best_bid": "0.33", "best_ask": "0.79"}], "timestamp": "1769384069345", "event_type": "price_change"}}
{"_local_timestamp": "2026-01-25T23:34:29.472261+00:00", "data": {"market": "0x075bcf678371a0eca1ace2b4f02e50d4de0988f681125d2c4d2dc40e6f0399e4", "price_changes": [{"asset_id": "44043083063635748160381310836270929809335612864286205545661695728400717697980", "price": "0.12", "size": "8.5", "side": "BUY", "hash": "26548b4e6678d6c4d2eb0b3bd856878462946d12", "best_bid": "0.21", "best_ask": "0.67"}, {"asset_id": "37620797048389817881327185390019211177750201483753180268328239381247553652046", "price": "0.88", "size": "8.5", "side": "SELL", "hash": "b5daa33f3fbe5d00ee20ae674c14e9ceb82e3a26", "best_bid": "0.33", "best_ask": "0.79"}], "timestamp": "1769384069407", "event_type": "price_change"}}
{"_local_timestamp": "2026-01-25T23:34:29.603096+00:00", "data": {"market": "0x4a8759d2d875be9b0e249c7b1a3d3d49dc900e4284d9737a129cbc4e87d7da71", "price_changes": [{"asset_id": "7067416833910504014055125845884236381326744632778703622549349924849000358827", "price": "0.31", "size": "0", "side": "BUY", "hash": "413949d5416b77a67e73e40a17964224492ec82e", "best_bid": "0.32", "best_ask": "0.65"}, {"asset_id": "68613822600760797550354490673418846729952358124298380004368114705765533299136", "price": "0.69", "size": "0", "side": "SELL", "hash": "c181f84886b32ea01398affacfdb6780f0e538b2", "best_bid": "0.35", "best_ask": "0.68"}], "timestamp": "1769384069524", "event_type": "price_change"}}
{"_local_timestamp": "2026-01-25T23:34:29.606560+00:00", "data": {"market": "0x075bcf678371a0eca1ace2b4f02e50d4de0988f681125d2c4d2dc40e6f0399e4", "price_changes": [{"asset_id": "37620797048389817881327185390019211177750201483753180268328239381247553652046", "price": "0.32", "size": "39", "side": "BUY", "hash": "b17563abdd0995e95a68483d07c474d3e64a3201", "best_bid": "0.33", "best_ask": "0.79"}, {"asset_id": "44043083063635748160381310836270929809335612864286205545661695728400717697980", "price": "0.68", "size": "39", "side": "SELL", "hash": "5baac43032cdc220ef290fb2ba9eeadca5028cd0", "best_bid": "0.21", "best_ask": "0.67"}], "timestamp": "1769384069524", "event_type": "price_change"}}
{"_local_timestamp": "2026-01-25T23:34:29.607767+00:00", "data": {"market": "0xe84eca57bd45badc67bc03e45f1572d9b7cb54c99f439cab8d1f5a8f706ed5aa", "price_changes": [{"asset_id": "57604927680313565537024476609266309679605748393322698936584890001973886141363", "price": "0.3", "size": "79", "side": "BUY", "hash": "235c09348f0aed8d91084199c2d20406099add4a", "best_bid": "0.31", "best_ask": "0.82"}, {"asset_id": "40914385129726617553295008292757296803187090422865409939820153761951336447592", "price": "0.7", "size": "79", "side": "SELL", "hash": "f08a4f7baeaceea93a4bc3a095ca9b1eea6be3a6", "best_bid": "0.18", "best_ask": "0.69"}], "timestamp": "1769384069524", "event_type": "price_change"}}
{"_local_timestamp": "2026-01-25T23:34:29.608268+00:00", "data": {"market": "0x075bcf678371a0eca1ace2b4f02e50d4de0988f681125d2c4d2dc40e6f0399e4", "price_changes": [{"asset_id": "44043083063635748160381310836270929809335612864286205545661695728400717697980", "price": "0.21", "size": "0", "side": "BUY", "hash": "a52386a814309880fa9a30262a94824903da59d8", "best_bid": "0.18", "best_ask": "0.67"}, {"asset_id": "37620797048389817881327185390019211177750201483753180268328239381247553652046", "price": "0.79", "size": "0", "side": "SELL", "hash": "f442b51b64780f112495fecef175883565ad8bdf", "best_bid": "0.33", "best_ask": "0.82"}], "timestamp": "1769384069525", "event_type": "price_change"}}
{"_local_timestamp": "2026-01-25T23:34:29.908226+00:00", "data": {"market": "0x075bcf678371a0eca1ace2b4f02e50d4de0988f681125d2c4d2dc40e6f0399e4", "price_changes": [{"asset_id": "37620797048389817881327185390019211177750201483753180268328239381247553652046", "price": "0.18", "size": "133.5", "side": "BUY", "hash": "3d075ff307ec41a35674d48c29d98a64ed0868c2", "best_bid": "0.33", "best_ask": "0.82"}, {"asset_id": "44043083063635748160381310836270929809335612864286205545661695728400717697980", "price": "0.82", "size": "133.5", "side": "SELL", "hash": "331079a548b76bd52f2822245b4614d01ed2d634", "best_bid": "0.18", "best_ask": "0.67"}], "timestamp": "1769384069727", "event_type": "price_change"}}
{"_local_timestamp": "2026-01-25T23:34:29.909433+00:00", "data": {"market": "0x075bcf678371a0eca1ace2b4f02e50d4de0988f681125d2c4d2dc40e6f0399e4", "price_changes": [{"asset_id": "37620797048389817881327185390019211177750201483753180268328239381247553652046", "price": "0.15", "size": "305.49", "side": "BUY", "hash": "41c97eb5cd436d593a895981a94e5673cbc273e7", "best_bid": "0.33", "best_ask": "0.82"}, {"asset_id": "44043083063635748160381310836270929809335612864286205545661695728400717697980", "price": "0.85", "size": "305.49", "side": "SELL", "hash": "8f0defc276c9c2ff750bb70dfb03f6a091072018", "best_bid": "0.18", "best_ask": "0.67"}], "timestamp": "1769384069729", "event_type": "price_change"}}
{"_local_timestamp": "2026-01-25T23:34:29.910851+00:00", "data": {"market": "0x075bcf678371a0eca1ace2b4f02e50d4de0988f681125d2c4d2dc40e6f0399e4", "price_changes": [{"asset_id": "44043083063635748160381310836270929809335612864286205545661695728400717697980", "price": "0.07", "size": "300", "side": "BUY", "hash": "8b286d8b22c60855ae4340a7fa3f4560a72553dd", "best_bid": "0.18", "best_ask": "0.67"}, {"asset_id": "37620797048389817881327185390019211177750201483753180268328239381247553652046", "price": "0.93", "size": "300", "side": "SELL", "hash": "7f40031b5998cd3d07e14387605abc9a83a07f60", "best_bid": "0.33", "best_ask": "0.82"}], "timestamp": "1769384069730", "event_type": "price_change"}}
{"_local_timestamp": "2026-01-25T23:34:29.911580+00:00", "data": {"market": "0x075bcf678371a0eca1ace2b4f02e50d4de0988f681125d2c4d2dc40e6f0399e4", "price_changes": [{"asset_id": "37620797048389817881327185390019211177750201483753180268328239381247553652046", "price": "0.19", "size": "75", "side": "BUY", "hash": "d08afbcc0e6d5a98c59bae36a27e8393b8a486ff", "best_bid": "0.33", "best_ask": "0.82"}, {"asset_id": "44043083063635748160381310836270929809335612864286205545661695728400717697980", "price": "0.81", "size": "75", "side": "SELL", "hash": "acbed1fda8d0e8ef4ccb88d6a30e0f661817c9a5", "best_bid": "0.18", "best_ask": "0.67"}], "timestamp": "1769384069732", "event_type": "price_change"}}
{"_local_timestamp": "2026-01-25T23:34:29.912109+00:00", "data": {"market": "0x075bcf678371a0eca1ace2b4f02e50d4de0988f681125d2c4d2dc40e6f0399e4", "price_changes": [{"asset_id": "44043083063635748160381310836270929809335612864286205545661695728400717697980", "price": "0.09", "size": "125", "side": "BUY", "hash": "fbd1e792ae17bd81d56a8edb6ae6fb94c2bd73f9", "best_bid": "0.18", "best_ask": "0.67"}, {"asset_id": "37620797048389817881327185390019211177750201483753180268328239381247553652046", "price": "0.91", "size": "125", "side": "SELL", "hash": "83dc35ae192a8c53a5c75517aa47faefea937763", "best_bid": "0.33", "best_ask": "0.82"}], "timestamp": "1769384069734", "event_type": "price_change"}}
{"_local_timestamp": "2026-01-25T23:34:29.912568+00:00", "data": {"market": "0x075bcf678371a0eca1ace2b4f02e50d4de0988f681125d2c4d2dc40e6f0399e4", "price_changes": [{"asset_id": "44043083063635748160381310836270929809335612864286205545661695728400717697980", "price": "0.08", "size": "362.5", "side": "BUY", "hash": "09741df7365fa941c80091cc813d7395094a0f26", "best_bid": "0.18", "best_ask": "0.67"}, {"asset_id": "37620797048389817881327185390019211177750201483753180268328239381247553652046", "price": "0.92", "size": "362.5", "side": "SELL", "hash": "8dcc0cebacf50b7ab940b312f4265b9355f184b1", "best_bid": "0.33", "best_ask": "0.82"}], "timestamp": "1769384069735", "event_type": "price_change"}}
{"_local_timestamp": "2026-01-25T23:34:29.913080+00:00", "data": {"market": "0x075bcf678371a0eca1ace2b4f02e50d4de0988f681125d2c4d2dc40e6f0399e4", "price_changes": [{"asset_id": "44043083063635748160381310836270929809335612864286205545661695728400717697980", "price": "0.1", "size": "185", "side": "BUY", "hash": "50e624b064adf0a37ee10ce6862e306dc455a115", "best_bid": "0.18", "best_ask": "0.67"}, {"asset_id": "37620797048389817881327185390019211177750201483753180268328239381247553652046", "price": "0.9", "size": "185", "side": "SELL", "hash": "e4771cc4c6a5ddc701f7e0ae2ba56368ca515bb6", "best_bid": "0.33", "best_ask": "0.82"}], "timestamp": "1769384069737", "event_type": "price_change"}}
{"_local_timestamp": "2026-01-25T23:34:29.914250+00:00", "data": {"market": "0x075bcf678371a0eca1ace2b4f02e50d4de0988f681125d2c4d2dc40e6f0399e4", "price_changes": [{"asset_id": "37620797048389817881327185390019211177750201483753180268328239381247553652046", "price": "0.16", "size": "268.75", "side": "BUY", "hash": "159181ac3e7b72ee9eaaa287ce7047a3093e25bb", "best_bid": "0.33", "best_ask": "0.82"}, {"asset_id": "44043083063635748160381310836270929809335612864286205545661695728400717697980", "price": "0.84", "size": "268.75", "side": "SELL", "hash": "13832b9391307ea0fe402ceff10ca0219dd0f5ce", "best_bid": "0.18", "best_ask": "0.67"}], "timestamp": "1769384069739", "event_type": "price_change"}}
{"_local_timestamp": "2026-01-25T23:34:30.319174+00:00", "data": {"market": "0x075bcf678371a0eca1ace2b4f02e50d4de0988f681125d2c4d2dc40e6f0399e4", "price_changes": [{"asset_id": "37620797048389817881327185390019211177750201483753180268328239381247553652046", "price": "0.34", "size": "150", "side": "BUY", "hash": "c3e020beff10f11d80f5b4265aa0791e3eac82b2", "best_bid": "0.34", "best_ask": "0.82"}, {"asset_id": "44043083063635748160381310836270929809335612864286205545661695728400717697980", "price": "0.66", "size": "150", "side": "SELL", "hash": "1a3aaa2e98982d3c98a902aee43405f1c2628b95", "best_bid": "0.18", "best_ask": "0.66"}], "timestamp": "1769384070143", "event_type": "price_change"}}
{"_local_timestamp": "2026-01-25T23:34:30.320903+00:00", "data": {"market": "0xe84eca57bd45badc67bc03e45f1572d9b7cb54c99f439cab8d1f5a8f706ed5aa", "price_changes": [{"asset_id": "57604927680313565537024476609266309679605748393322698936584890001973886141363", "price": "0.32", "size": "150", "side": "BUY", "hash": "9e818c97bad19cee2a498875015d29a79e52f710", "best_bid": "0.32", "best_ask": "0.82"}, {"asset_id": "40914385129726617553295008292757296803187090422865409939820153761951336447592", "price": "0.68", "size": "150", "side": "SELL", "hash": "e9c956af71bc0f3c0519cdd7928bc060d908bbe0", "best_bid": "0.18", "best_ask": "0.68"}], "timestamp": "1769384070144", "event_type": "price_change"}}
{"_local_timestamp": "2026-01-25T23:34:30.323022+00:00", "data": {"market": "0x4a8759d2d875be9b0e249c7b1a3d3d49dc900e4284d9737a129cbc4e87d7da71", "price_changes": [{"asset_id": "7067416833910504014055125845884236381326744632778703622549349924849000358827", "price": "0.33", "size": "150", "side": "BUY", "hash": "5a3f8ca58efb574693a8cdc412ca313fdab4ed0d", "best_bid": "0.33", "best_ask": "0.65"}, {"asset_id": "68613822600760797550354490673418846729952358124298380004368114705765533299136", "price": "0.67", "size": "150", "side": "SELL", "hash": "17b506c9345cec36cf231732e619b79cb0c81366", "best_bid": "0.35", "best_ask": "0.67"}], "timestamp": "1769384070144", "event_type": "price_change"}}
{"_local_timestamp": "2026-01-25T23:34:30.325463+00:00", "data": {"market": "0x075bcf678371a0eca1ace2b4f02e50d4de0988f681125d2c4d2dc40e6f0399e4", "price_changes": [{"asset_id": "44043083063635748160381310836270929809335612864286205545661695728400717697980", "price": "0.19", "size": "150", "side": "BUY", "hash": "de4ff75c90d1ed576c5beb9eb8580767159c3813", "best_bid": "0.19", "best_ask": "0.66"}, {"asset_id": "37620797048389817881327185390019211177750201483753180268328239381247553652046", "price": "0.81", "size": "150", "side": "SELL", "hash": "02684d5dcc6fd5307cc7be4174aac19d4e13641e", "best_bid": "0.34", "best_ask": "0.81"}], "timestamp": "1769384070144", "event_type": "price_change"}}
{"_local_timestamp": "2026-01-25T23:34:31.850476+00:00", "data": {"market": "0xe84eca57bd45badc67bc03e45f1572d9b7cb54c99f439cab8d1f5a8f706ed5aa", "price_changes": [{"asset_id": "40914385129726617553295008292757296803187090422865409939820153761951336447592", "price": "0.06", "size": "6.81", "side": "BUY", "hash": "e1502e68b90269160ef326a2886464fce99881fa", "best_bid": "0.18", "best_ask": "0.68"}, {"asset_id": "57604927680313565537024476609266309679605748393322698936584890001973886141363", "price": "0.94", "size": "6.81", "side": "SELL", "hash": "69a6ed60cd85b611476a1ba4ca478000fc4fa5ad", "best_bid": "0.32", "best_ask": "0.82"}], "timestamp": "1769384071778", "event_type": "price_change"}}
{"_local_timestamp": "2026-01-25T23:34:31.877611+00:00", "data": {"market": "0xe84eca57bd45badc67bc03e45f1572d9b7cb54c99f439cab8d1f5a8f706ed5aa", "price_changes": [{"asset_id": "40914385129726617553295008292757296803187090422865409939820153761951336447592", "price": "0.07", "size": "305.47", "side": "BUY", "hash": "9199d0d862a0eac910df5fd2f6bf5e9e873b2a27", "best_bid": "0.18", "best_ask": "0.68"}, {"asset_id": "57604927680313565537024476609266309679605748393322698936584890001973886141363", "price": "0.93", "size": "305.47", "side": "SELL", "hash": "3d76919f82f3a03b9155c34be379dc713caf5c8e", "best_bid": "0.32", "best_ask": "0.82"}], "timestamp": "1769384071805", "event_type": "price_change"}}
{"_local_timestamp": "2026-01-25T23:34:32.401111+00:00", "data": {"market": "0x075bcf678371a0eca1ace2b4f02e50d4de0988f681125d2c4d2dc40e6f0399e4", "price_changes": [{"asset_id": "37620797048389817881327185390019211177750201483753180268328239381247553652046", "price": "0.18", "size": "125", "side": "BUY", "hash": "771e34ba68f318b2ceefb19e874648124d459631", "best_bid": "0.34", "best_ask": "0.81"}, {"asset_id": "44043083063635748160381310836270929809335612864286205545661695728400717697980", "price": "0.82", "size": "125", "side": "SELL", "hash": "7768d5ba41ba73b6f3aa5ca2b9ff1b06ae3797fd", "best_bid": "0.19", "best_ask": "0.66"}], "timestamp": "1769384072304", "event_type": "price_change"}}
{"_local_timestamp": "2026-01-25T23:34:32.401756+00:00", "data": {"market": "0x075bcf678371a0eca1ace2b4f02e50d4de0988f681125d2c4d2dc40e6f0399e4", "price_changes": [{"asset_id": "44043083063635748160381310836270929809335612864286205545661695728400717697980", "price": "0.12", "size": "0", "side": "BUY", "hash": "b703180c3e7e64d212ebb4bc09ce7ccbba7c352d", "best_bid": "0.19", "best_ask": "0.66"}, {"asset_id": "37620797048389817881327185390019211177750201483753180268328239381247553652046", "price": "0.88", "size": "0", "side": "SELL", "hash": "69ace80adcac4cc35b331c64c1f7081e3037e426", "best_bid": "0.34", "best_ask": "0.81"}], "timestamp": "1769384072304", "event_type": "price_change"}}
{"_local_timestamp": "2026-01-25T23:34:35.139263+00:00", "data": {"market": "0x075bcf678371a0eca1ace2b4f02e50d4de0988f681125d2c4d2dc40e6f0399e4", "price_changes": [{"asset_id": "44043083063635748160381310836270929809335612864286205545661695728400717697980", "price": "0.06", "size": "6.96", "side": "BUY", "hash": "81031cdcf5a89b99f1fb2f0af0a0046a1f5533b8", "best_bid": "0.19", "best_ask": "0.66"}, {"asset_id": "37620797048389817881327185390019211177750201483753180268328239381247553652046", "price": "0.94", "size": "6.96", "side": "SELL", "hash": "35901f73573358ee906d2e643b3351405827dd21", "best_bid": "0.34", "best_ask": "0.81"}], "timestamp": "1769384075058", "event_type": "price_change"}}
{"_local_timestamp": "2026-01-25T23:34:35.236151+00:00", "data": {"market": "0x075bcf678371a0eca1ace2b4f02e50d4de0988f681125d2c4d2dc40e6f0399e4", "price_changes": [{"asset_id": "44043083063635748160381310836270929809335612864286205545661695728400717697980", "price": "0.07", "size": "305.47", "side": "BUY", "hash": "45447072ba682711826f3fbce6afa8deff403216", "best_bid": "0.19", "best_ask": "0.66"}, {"asset_id": "37620797048389817881327185390019211177750201483753180268328239381247553652046", "price": "0.93", "size": "305.47", "side": "SELL", "hash": "343677a6e98a0aea2b5a69d76e4173343bf40d68", "best_bid": "0.34", "best_ask": "0.81"}], "timestamp": "1769384075165", "event_type": "price_change"}}
{"_local_timestamp": "2026-01-25T23:34:35.401749+00:00", "data": {"market": "0x075bcf678371a0eca1ace2b4f02e50d4de0988f681125d2c4d2dc40e6f0399e4", "price_changes": [{"asset_id": "44043083063635748160381310836270929809335612864286205545661695728400717697980", "price": "0.12", "size": "8.5", "side": "BUY", "hash": "2e17e7367ebdd4c16edffcf73af79dda7e226b5f", "best_bid": "0.19", "best_ask": "0.66"}, {"asset_id": "37620797048389817881327185390019211177750201483753180268328239381247553652046", "price": "0.88", "size": "8.5", "side": "SELL", "hash": "2cc0009f07a88b5fa6d4dd7ab1054f160153452f", "best_bid": "0.34", "best_ask": "0.81"}], "timestamp": "1769384075328", "event_type": "price_change"}}
{"_local_timestamp": "2026-01-25T23:34:35.402352+00:00", "data": {"market": "0x075bcf678371a0eca1ace2b4f02e50d4de0988f681125d2c4d2dc40e6f0399e4", "price_changes": [{"asset_id": "37620797048389817881327185390019211177750201483753180268328239381247553652046", "price": "0.2", "size": "8.5", "side": "BUY", "hash": "d797d01025f518039833b8c10a2b80198a819bea", "best_bid": "0.34", "best_ask": "0.81"}, {"asset_id": "44043083063635748160381310836270929809335612864286205545661695728400717697980", "price": "0.8", "size": "8.5", "side": "SELL", "hash": "74919677f76fa4464c9c04db8b7d384c34a1890b", "best_bid": "0.19", "best_ask": "0.66"}], "timestamp": "1769384075329", "event_type": "price_change"}}
{"_local_timestamp": "2026-01-25T23:34:37.738930+00:00", "data": {"market": "0x075bcf678371a0eca1ace2b4f02e50d4de0988f681125d2c4d2dc40e6f0399e4", "price_changes": [{"asset_id": "44043083063635748160381310836270929809335612864286205545661695728400717697980", "price": "0.12", "size": "0", "side": "BUY", "hash": "7bd7b0f99498f183698fa9d2ac42f98449326470", "best_bid": "0.19", "best_ask": "0.66"}, {"asset_id": "37620797048389817881327185390019211177750201483753180268328239381247553652046", "price": "0.88", "size": "0", "side": "SELL", "hash": "ecca876bf115a642860d745cb47101ac712e4bd6", "best_bid": "0.34", "best_ask": "0.81"}], "timestamp": "1769384077672", "event_type": "price_change"}}
{"_local_timestamp": "2026-01-25T23:34:37.853701+00:00", "data": {"market": "0x075bcf678371a0eca1ace2b4f02e50d4de0988f681125d2c4d2dc40e6f0399e4", "price_changes": [{"asset_id": "44043083063635748160381310836270929809335612864286205545661695728400717697980", "price": "0.2", "size": "8.5", "side": "BUY", "hash": "eb325b51ff70de5467cdb1de3ea411cdef3c0624", "best_bid": "0.2", "best_ask": "0.66"}, {"asset_id": "37620797048389817881327185390019211177750201483753180268328239381247553652046", "price": "0.8", "size": "8.5", "side": "SELL", "hash": "d532e49725929d4c5b6c38218fd0c4a84f4161ce", "best_bid": "0.34", "best_ask": "0.8"}], "timestamp": "1769384077785", "event_type": "price_change"}}
{"_local_timestamp": "2026-01-25T23:34:40.358612+00:00", "data": {"market": "0x075bcf678371a0eca1ace2b4f02e50d4de0988f681125d2c4d2dc40e6f0399e4", "price_changes": [{"asset_id": "44043083063635748160381310836270929809335612864286205545661695728400717697980", "price": "0.1", "size": "485", "side": "BUY", "hash": "d784581f7a15c208579c3c281725b11539983268", "best_bid": "0.2", "best_ask": "0.66"}, {"asset_id": "37620797048389817881327185390019211177750201483753180268328239381247553652046", "price": "0.9", "size": "485", "side": "SELL", "hash": "f954c90f47063326104ac2361fd6fc856b966a6b", "best_bid": "0.34", "best_ask": "0.8"}], "timestamp": "1769384080146", "event_type": "price_change"}}
{"_local_timestamp": "2026-01-25T23:34:40.985542+00:00", "data": {"market": "0x075bcf678371a0eca1ace2b4f02e50d4de0988f681125d2c4d2dc40e6f0399e4", "price_changes": [{"asset_id": "44043083063635748160381310836270929809335612864286205545661695728400717697980", "price": "0.19", "size": "0", "side": "BUY", "hash": "986a4a313472d44de7b8ade52fab7ea60fa91b86", "best_bid": "0.2", "best_ask": "0.66"}, {"asset_id": "37620797048389817881327185390019211177750201483753180268328239381247553652046", "price": "0.81", "size": "0", "side": "SELL", "hash": "25c66a7a61d41c6605e2d7d7ab60bba1087b8cdd", "best_bid": "0.34", "best_ask": "0.8"}], "timestamp": "1769384080922", "event_type": "price_change"}}
{"_local_timestamp": "2026-01-25T23:34:41.419646+00:00", "data": {"market": "0x075bcf678371a0eca1ace2b4f02e50d4de0988f681125d2c4d2dc40e6f0399e4", "price_changes": [{"asset_id": "44043083063635748160381310836270929809335612864286205545661695728400717697980", "price": "0.21", "size": "150", "side": "BUY", "hash": "2243212150af578d418825a13d64d60e6119c06e", "best_bid": "0.21", "best_ask": "0.66"}, {"asset_id": "37620797048389817881327185390019211177750201483753180268328239381247553652046", "price": "0.79", "size": "150", "side": "SELL", "hash": "64e41a860c9cb966bf1ca3f53d8f3d44533b2335", "best_bid": "0.34", "best_ask": "0.79"}], "timestamp": "1769384081347", "event_type": "price_change"}}
{"_local_timestamp": "2026-01-25T23:34:45.868072+00:00", "data": {"market": "0x075bcf678371a0eca1ace2b4f02e50d4de0988f681125d2c4d2dc40e6f0399e4", "price_changes": [{"asset_id": "44043083063635748160381310836270929809335612864286205545661695728400717697980", "price": "0.2", "size": "0", "side": "BUY", "hash": "d500a8cace86d5b0f47d4bf18afe6e61d4fc04a4", "best_bid": "0.21", "best_ask": "0.66"}, {"asset_id": "37620797048389817881327185390019211177750201483753180268328239381247553652046", "price": "0.8", "size": "0", "side": "SELL", "hash": "9b6f5985f6361a3e45b5c4dd9d31fdd33a8a3fce", "best_bid": "0.34", "best_ask": "0.79"}], "timestamp": "1769384085779", "event_type": "price_change"}}
{"_local_timestamp": "2026-01-25T23:34:45.921752+00:00", "data": {"market": "0x075bcf678371a0eca1ace2b4f02e50d4de0988f681125d2c4d2dc40e6f0399e4", "price_changes": [{"asset_id": "44043083063635748160381310836270929809335612864286205545661695728400717697980", "price": "0.12", "size": "8.5", "side": "BUY", "hash": "96a3f238f0ae9f51f6a977238c2e46af410bc702", "best_bid": "0.21", "best_ask": "0.66"}, {"asset_id": "37620797048389817881327185390019211177750201483753180268328239381247553652046", "price": "0.88", "size": "8.5", "side": "SELL", "hash": "c0e1674a00c6040e120b66fac1e21b2f25285045", "best_bid": "0.34", "best_ask": "0.79"}], "timestamp": "1769384085856", "event_type": "price_change"}}
{"_local_timestamp": "2026-01-25T23:34:46.578404+00:00", "data": {"market": "0x075bcf678371a0eca1ace2b4f02e50d4de0988f681125d2c4d2dc40e6f0399e4", "price_changes": [{"asset_id": "44043083063635748160381310836270929809335612864286205545661695728400717697980", "price": "0.21", "size": "0", "side": "BUY", "hash": "45e1f9fef86f09d46e51e493446eea24dcfb2da0", "best_bid": "0.18", "best_ask": "0.66"}, {"asset_id": "37620797048389817881327185390019211177750201483753180268328239381247553652046", "price": "0.79", "size": "0", "side": "SELL", "hash": "d27ee4ba16cd1dea1d19e8808ad444f6b31a76b1", "best_bid": "0.34", "best_ask": "0.82"}], "timestamp": "1769384086500", "event_type": "price_change"}}
{"_local_timestamp": "2026-01-25T23:34:46.841503+00:00", "data": {"market": "0x075bcf678371a0eca1ace2b4f02e50d4de0988f681125d2c4d2dc40e6f0399e4", "price_changes": [{"asset_id": "44043083063635748160381310836270929809335612864286205545661695728400717697980", "price": "0.19", "size": "150", "side": "BUY", "hash": "40e2b1d3fd402d497a69f369fc1518d10076c2b9", "best_bid": "0.19", "best_ask": "0.66"}, {"asset_id": "37620797048389817881327185390019211177750201483753180268328239381247553652046", "price": "0.81", "size": "150", "side": "SELL", "hash": "8e46d02ea19c4f7a81c8a825d6f5bf6fc64dbd6e", "best_bid": "0.34", "best_ask": "0.81"}], "timestamp": "1769384086775", "event_type": "price_change"}}
{"_local_timestamp": "2026-01-25T23:34:52.605360+00:00", "data": {"market": "0x075bcf678371a0eca1ace2b4f02e50d4de0988f681125d2c4d2dc40e6f0399e4", "price_changes": [{"asset_id": "44043083063635748160381310836270929809335612864286205545661695728400717697980", "price": "0.12", "size": "0", "side": "BUY", "hash": "dc8536359dd18f6d40c7a759aca92286fab6b07e", "best_bid": "0.19", "best_ask": "0.66"}, {"asset_id": "37620797048389817881327185390019211177750201483753180268328239381247553652046", "price": "0.88", "size": "0", "side": "SELL", "hash": "70affbb30d93d2b888e731e481b9672e54ef8b60", "best_bid": "0.34", "best_ask": "0.81"}], "timestamp": "1769384092540", "event_type": "price_change"}}
{"_local_timestamp": "2026-01-25T23:34:52.681117+00:00", "data": {"market": "0x075bcf678371a0eca1ace2b4f02e50d4de0988f681125d2c4d2dc40e6f0399e4", "price_changes": [{"asset_id": "44043083063635748160381310836270929809335612864286205545661695728400717697980", "price": "0.2", "size": "8.5", "side": "BUY", "hash": "878179ce49ee9c4d14541e9c3a7ae1affe3c2a88", "best_bid": "0.2", "best_ask": "0.66"}, {"asset_id": "37620797048389817881327185390019211177750201483753180268328239381247553652046", "price": "0.8", "size": "8.5", "side": "SELL", "hash": "555a03e9a39fd1dc3f712aac2824e77bbb3810d6", "best_bid": "0.34", "best_ask": "0.8"}], "timestamp": "1769384092617", "event_type": "price_change"}}
{"_local_timestamp": "2026-01-25T23:34:57.396956+00:00", "data": {"market": "0x075bcf678371a0eca1ace2b4f02e50d4de0988f681125d2c4d2dc40e6f0399e4", "price_changes": [{"asset_id": "44043083063635748160381310836270929809335612864286205545661695728400717697980", "price": "0.19", "size": "0", "side": "BUY", "hash": "26f35b60dc1cfea646967da8062ed7a5a7017d5a", "best_bid": "0.2", "best_ask": "0.66"}, {"asset_id": "37620797048389817881327185390019211177750201483753180268328239381247553652046", "price": "0.81", "size": "0", "side": "SELL", "hash": "c3ec7bb74e3884f29de77c46e00390300020b932", "best_bid": "0.34", "best_ask": "0.8"}], "timestamp": "1769384097329", "event_type": "price_change"}}
{"_local_timestamp": "2026-01-25T23:34:57.782381+00:00", "data": {"market": "0x075bcf678371a0eca1ace2b4f02e50d4de0988f681125d2c4d2dc40e6f0399e4", "price_changes": [{"asset_id": "44043083063635748160381310836270929809335612864286205545661695728400717697980", "price": "0.21", "size": "150", "side": "BUY", "hash": "d447737075a28ebf1c6d1da3578b9efcebdc688a", "best_bid": "0.21", "best_ask": "0.66"}, {"asset_id": "37620797048389817881327185390019211177750201483753180268328239381247553652046", "price": "0.79", "size": "150", "side": "SELL", "hash": "afdbde589b7853416f22310b4a0bf67db3c0e88b", "best_bid": "0.34", "best_ask": "0.79"}], "timestamp": "1769384097714", "event_type": "price_change"}}
{"_local_timestamp": "2026-01-25T23:34:58.922082+00:00", "data": {"market": "0x4a8759d2d875be9b0e249c7b1a3d3d49dc900e4284d9737a129cbc4e87d7da71", "price_changes": [{"asset_id": "7067416833910504014055125845884236381326744632778703622549349924849000358827", "price": "0.32", "size": "0", "side": "BUY", "hash": "e2cd1aeb933269ffbf7d4bf9b3d245092386b905", "best_bid": "0.33", "best_ask": "0.65"}, {"asset_id": "68613822600760797550354490673418846729952358124298380004368114705765533299136", "price": "0.68", "size": "0", "side": "SELL", "hash": "2b2aa84cc52c37dd9c6833abe3c6acc7e7ab9ec6", "best_bid": "0.35", "best_ask": "0.67"}], "timestamp": "1769384098856", "event_type": "price_change"}}
{"_local_timestamp": "2026-01-25T23:34:58.922692+00:00", "data": {"market": "0x075bcf678371a0eca1ace2b4f02e50d4de0988f681125d2c4d2dc40e6f0399e4", "price_changes": [{"asset_id": "37620797048389817881327185390019211177750201483753180268328239381247553652046", "price": "0.33", "size": "0", "side": "BUY", "hash": "93dbbf18e62cd609c2621425c054f765f5a118b8", "best_bid": "0.34", "best_ask": "0.79"}, {"asset_id": "44043083063635748160381310836270929809335612864286205545661695728400717697980", "price": "0.67", "size": "0", "side": "SELL", "hash": "29e64a86055d74e7159574a657d83aa5ec576f0c", "best_bid": "0.21", "best_ask": "0.66"}], "timestamp": "1769384098856", "event_type": "price_change"}}
{"_local_timestamp": "2026-01-25T23:34:58.923170+00:00", "data": {"market": "0x075bcf678371a0eca1ace2b4f02e50d4de0988f681125d2c4d2dc40e6f0399e4", "price_changes": [{"asset_id": "37620797048389817881327185390019211177750201483753180268328239381247553652046", "price": "0.32", "size": "0", "side": "BUY", "hash": "93dbbf18e62cd609c2621425c054f765f5a118b8", "best_bid": "0.34", "best_ask": "0.79"}, {"asset_id": "44043083063635748160381310836270929809335612864286205545661695728400717697980", "price": "0.68", "size": "0", "side": "SELL", "hash": "29e64a86055d74e7159574a657d83aa5ec576f0c", "best_bid": "0.21", "best_ask": "0.66"}], "timestamp": "1769384098856", "event_type": "price_change"}}
{"_local_timestamp": "2026-01-25T23:34:58.925424+00:00", "data": {"market": "0xe84eca57bd45badc67bc03e45f1572d9b7cb54c99f439cab8d1f5a8f706ed5aa", "price_changes": [{"asset_id": "57604927680313565537024476609266309679605748393322698936584890001973886141363", "price": "0.31", "size": "0", "side": "BUY", "hash": "1ca0936fc47d7f231bb9f722bb8a20aad02e5a76", "best_bid": "0.32", "best_ask": "0.82"}, {"asset_id": "40914385129726617553295008292757296803187090422865409939820153761951336447592", "price": "0.69", "size": "0", "side": "SELL", "hash": "ba32989d0ae1c629be26b8b92700a8da2be1b1ff", "best_bid": "0.18", "best_ask": "0.68"}], "timestamp": "1769384098856", "event_type": "price_change"}}
{"_local_timestamp": "2026-01-25T23:34:58.926051+00:00", "data": {"market": "0xe84eca57bd45badc67bc03e45f1572d9b7cb54c99f439cab8d1f5a8f706ed5aa", "price_changes": [{"asset_id": "57604927680313565537024476609266309679605748393322698936584890001973886141363", "price": "0.3", "size": "0", "side": "BUY", "hash": "1ca0936fc47d7f231bb9f722bb8a20aad02e5a76", "best_bid": "0.32", "best_ask": "0.82"}, {"asset_id": "40914385129726617553295008292757296803187090422865409939820153761951336447592", "price": "0.7", "size": "0", "side": "SELL", "hash": "ba32989d0ae1c629be26b8b92700a8da2be1b1ff", "best_bid": "0.18", "best_ask": "0.68"}], "timestamp": "1769384098856", "event_type": "price_change"}}
{"_local_timestamp": "2026-01-25T23:35:01.056971+00:00", "data": {"market": "0x075bcf678371a0eca1ace2b4f02e50d4de0988f681125d2c4d2dc40e6f0399e4", "price_changes": [{"asset_id": "44043083063635748160381310836270929809335612864286205545661695728400717697980", "price": "0.2", "size": "0", "side": "BUY", "hash": "5700d272d62b5dfca88840a2bf22fd3ccdcb8e67", "best_bid": "0.21", "best_ask": "0.66"}, {"asset_id": "37620797048389817881327185390019211177750201483753180268328239381247553652046", "price": "0.8", "size": "0", "side": "SELL", "hash": "46e78cef3040fd3411cf2559b218e308f33d38cc", "best_bid": "0.34", "best_ask": "0.79"}], "timestamp": "1769384100990", "event_type": "price_change"}}
{"_local_timestamp": "2026-01-25T23:35:01.157067+00:00", "data": {"market": "0x075bcf678371a0eca1ace2b4f02e50d4de0988f681125d2c4d2dc40e6f0399e4", "price_changes": [{"asset_id": "44043083063635748160381310836270929809335612864286205545661695728400717697980", "price": "0.12", "size": "8.5", "side": "BUY", "hash": "2d811cb8bc21e87125d18eae2d69f7969fea55c4", "best_bid": "0.21", "best_ask": "0.66"}, {"asset_id": "37620797048389817881327185390019211177750201483753180268328239381247553652046", "price": "0.88", "size": "8.5", "side": "SELL", "hash": "49c9448d536c941dad70c0f7887fe869d3d094e8", "best_bid": "0.34", "best_ask": "0.79"}], "timestamp": "1769384101053", "event_type": "price_change"}}
{"_local_timestamp": "2026-01-25T23:35:02.959956+00:00", "data": {"market": "0x075bcf678371a0eca1ace2b4f02e50d4de0988f681125d2c4d2dc40e6f0399e4", "price_changes": [{"asset_id": "44043083063635748160381310836270929809335612864286205545661695728400717697980", "price": "0.21", "size": "0", "side": "BUY", "hash": "8e6fa1135e5165263a4aac158eabb1e917a0e1b3", "best_bid": "0.18", "best_ask": "0.66"}, {"asset_id": "37620797048389817881327185390019211177750201483753180268328239381247553652046", "price": "0.79", "size": "0", "side": "SELL", "hash": "f76da73f2ee7e45d4570618fa2c6f4d3cce66dae", "best_bid": "0.34", "best_ask": "0.82"}], "timestamp": "1769384102878", "event_type": "price_change"}}
{"_local_timestamp": "2026-01-25T23:35:02.960606+00:00", "data": {"market": "0xe84eca57bd45badc67bc03e45f1572d9b7cb54c99f439cab8d1f5a8f706ed5aa", "price_changes": [{"asset_id": "57604927680313565537024476609266309679605748393322698936584890001973886141363", "price": "0.32", "size": "0", "side": "BUY", "hash": "652b857f39dd3475c96bd4cdecb92e88a60db012", "best_bid": "0.29", "best_ask": "0.82"}, {"asset_id": "40914385129726617553295008292757296803187090422865409939820153761951336447592", "price": "0.68", "size": "0", "side": "SELL", "hash": "f322db1bbd952e0991419abafd771aef74124325", "best_bid": "0.18", "best_ask": "0.71"}], "timestamp": "1769384102878", "event_type": "price_change"}}
{"_local_timestamp": "2026-01-25T23:35:02.961145+00:00", "data": {"market": "0x075bcf678371a0eca1ace2b4f02e50d4de0988f681125d2c4d2dc40e6f0399e4", "price_changes": [{"asset_id": "37620797048389817881327185390019211177750201483753180268328239381247553652046", "price": "0.34", "size": "0", "side": "BUY", "hash": "3b523989c10c1c0967e75bc501391ca3a30855b0", "best_bid": "0.31", "best_ask": "0.82"}, {"asset_id": "44043083063635748160381310836270929809335612864286205545661695728400717697980", "price": "0.66", "size": "0", "side": "SELL", "hash": "6f9733be259b165eb90bc5026a3ad5c0f64e95d0", "best_bid": "0.18", "best_ask": "0.69"}], "timestamp": "1769384102878", "event_type": "price_change"}}
{"_local_timestamp": "2026-01-25T23:35:02.961648+00:00", "data": {"market": "0x4a8759d2d875be9b0e249c7b1a3d3d49dc900e4284d9737a129cbc4e87d7da71", "price_changes": [{"asset_id": "7067416833910504014055125845884236381326744632778703622549349924849000358827", "price": "0.33", "size": "0", "side": "BUY", "hash": "0acc6948c7ac28c67f8e536a27a6276d08aadde7", "best_bid": "0.3", "best_ask": "0.65"}, {"asset_id": "68613822600760797550354490673418846729952358124298380004368114705765533299136", "price": "0.67", "size": "0", "side": "SELL", "hash": "41c8d514c31b72684b795393280f3f139f617750", "best_bid": "0.35", "best_ask": "0.7"}], "timestamp": "1769384102878", "event_type": "price_change"}}
{"_local_timestamp": "2026-01-25T23:35:03.632416+00:00", "data": {"market": "0x075bcf678371a0eca1ace2b4f02e50d4de0988f681125d2c4d2dc40e6f0399e4", "price_changes": [{"asset_id": "37620797048389817881327185390019211177750201483753180268328239381247553652046", "price": "0.32", "size": "150", "side": "BUY", "hash": "f6b8f2067e53ff97085c80d2369ddd96b3e33936", "best_bid": "0.32", "best_ask": "0.82"}, {"asset_id": "44043083063635748160381310836270929809335612864286205545661695728400717697980", "price": "0.68", "size": "150", "side": "SELL", "hash": "34dc754e1c4903fb1a4b4bbfd52bf0adb53e7cf3", "best_bid": "0.18", "best_ask": "0.68"}], "timestamp": "1769384103562", "event_type": "price_change"}}
{"_local_timestamp": "2026-01-25T23:35:03.633165+00:00", "data": {"market": "0x075bcf678371a0eca1ace2b4f02e50d4de0988f681125d2c4d2dc40e6f0399e4", "price_changes": [{"asset_id": "44043083063635748160381310836270929809335612864286205545661695728400717697980", "price": "0.19", "size": "150", "side": "BUY", "hash": "057d0712d9cfc2d7aceca1413f1265001827d76e", "best_bid": "0.19", "best_ask": "0.68"}, {"asset_id": "37620797048389817881327185390019211177750201483753180268328239381247553652046", "price": "0.81", "size": "150", "side": "SELL", "hash": "4c8cd21f2f69e3a146a0223e5807d70d890dfbde", "best_bid": "0.32", "best_ask": "0.81"}], "timestamp": "1769384103563", "event_type": "price_change"}}
{"_local_timestamp": "2026-01-25T23:35:03.657747+00:00", "data": {"market": "0xe84eca57bd45badc67bc03e45f1572d9b7cb54c99f439cab8d1f5a8f706ed5aa", "price_changes": [{"asset_id": "57604927680313565537024476609266309679605748393322698936584890001973886141363", "price": "0.3", "size": "150", "side": "BUY", "hash": "9f414c588464deb8f4e74670cd8c6051cfb5d2cb", "best_bid": "0.3", "best_ask": "0.82"}, {"asset_id": "40914385129726617553295008292757296803187090422865409939820153761951336447592", "price": "0.7", "size": "150", "side": "SELL", "hash": "bd5cd2d6445ab55301434af73f2d909d24ffe3d6", "best_bid": "0.18", "best_ask": "0.7"}], "timestamp": "1769384103580", "event_type": "price_change"}}
{"_local_timestamp": "2026-01-25T23:35:03.658485+00:00", "data": {"market": "0x4a8759d2d875be9b0e249c7b1a3d3d49dc900e4284d9737a129cbc4e87d7da71", "price_changes": [{"asset_id": "7067416833910504014055125845884236381326744632778703622549349924849000358827", "price": "0.31", "size": "150", "side": "BUY", "hash": "5f5066b52f867197c82eec6e1e11ceccb5a81a4d", "best_bid": "0.31", "best_ask": "0.65"}, {"asset_id": "68613822600760797550354490673418846729952358124298380004368114705765533299136", "price": "0.69", "size": "150", "side": "SELL", "hash": "afda8078cad22a0f776752a59edef21df9f23745", "best_bid": "0.35", "best_ask": "0.69"}], "timestamp": "1769384103582", "event_type": "price_change"}}
{"_local_timestamp": "2026-01-25T23:35:09.947587+00:00", "data": {"market": "0x075bcf678371a0eca1ace2b4f02e50d4de0988f681125d2c4d2dc40e6f0399e4", "price_changes": [{"asset_id": "44043083063635748160381310836270929809335612864286205545661695728400717697980", "price": "0.12", "size": "0", "side": "BUY", "hash": "17977b29978784f0fccb681709d96ed4b1121b25", "best_bid": "0.19", "best_ask": "0.68"}, {"asset_id": "37620797048389817881327185390019211177750201483753180268328239381247553652046", "price": "0.88", "size": "0", "side": "SELL", "hash": "b962c2179c72b8df1288751c8ae66d1cfe6b640c", "best_bid": "0.32", "best_ask": "0.81"}], "timestamp": "1769384109879", "event_type": "price_change"}}
{"_local_timestamp": "2026-01-25T23:35:10.009427+00:00", "data": {"market": "0x075bcf678371a0eca1ace2b4f02e50d4de0988f681125d2c4d2dc40e6f0399e4", "price_changes": [{"asset_id": "44043083063635748160381310836270929809335612864286205545661695728400717697980", "price": "0.2", "size": "8.5", "side": "BUY", "hash": "d7ce58dff2661389ff455b1af227d9797dcbc414", "best_bid": "0.2", "best_ask": "0.68"}, {"asset_id": "37620797048389817881327185390019211177750201483753180268328239381247553652046", "price": "0.8", "size": "8.5", "side": "SELL", "hash": "14aecfb5d01e4a29c1f37b83ebae20c367fd07bd", "best_bid": "0.32", "best_ask": "0.8"}], "timestamp": "1769384109945", "event_type": "price_change"}}
{"_local_timestamp": "2026-01-25T23:35:14.529342+00:00", "data": {"market": "0x075bcf678371a0eca1ace2b4f02e50d4de0988f681125d2c4d2dc40e6f0399e4", "price_changes": [{"asset_id": "44043083063635748160381310836270929809335612864286205545661695728400717697980", "price": "0.19", "size": "0", "side": "BUY", "hash": "ba395bb05202f55ba24d59cbe3f6ea60b4d0caa5", "best_bid": "0.2", "best_ask": "0.68"}, {"asset_id": "37620797048389817881327185390019211177750201483753180268328239381247553652046", "price": "0.81", "size": "0", "side": "SELL", "hash": "427da7cd31029e8937826a3f7023c75df73e50d3", "best_bid": "0.32", "best_ask": "0.8"}], "timestamp": "1769384114452", "event_type": "price_change"}}
{"_local_timestamp": "2026-01-25T23:35:14.890018+00:00", "data": {"market": "0x075bcf678371a0eca1ace2b4f02e50d4de0988f681125d2c4d2dc40e6f0399e4", "price_changes": [{"asset_id": "44043083063635748160381310836270929809335612864286205545661695728400717697980", "price": "0.21", "size": "150", "side": "BUY", "hash": "936276f303992ae1dc65a1150ac80e1501af0659", "best_bid": "0.21", "best_ask": "0.68"}, {"asset_id": "37620797048389817881327185390019211177750201483753180268328239381247553652046", "price": "0.79", "size": "150", "side": "SELL", "hash": "ee989668849bf4963128bffb052ad0f9ba0d5a50", "best_bid": "0.32", "best_ask": "0.79"}], "timestamp": "1769384114820", "event_type": "price_change"}}
{"_local_timestamp": "2026-01-25T23:35:21.438876+00:00", "data": {"market": "0x075bcf678371a0eca1ace2b4f02e50d4de0988f681125d2c4d2dc40e6f0399e4", "price_changes": [{"asset_id": "44043083063635748160381310836270929809335612864286205545661695728400717697980", "price": "0.2", "size": "0", "side": "BUY", "hash": "d8f5666e429cf656b31c6b715c50b9380826269b", "best_bid": "0.21", "best_ask": "0.68"}, {"asset_id": "37620797048389817881327185390019211177750201483753180268328239381247553652046", "price": "0.8", "size": "0", "side": "SELL", "hash": "6a0fda19ffb399dd7cf5d9f945ae66e98ee3417a", "best_bid": "0.32", "best_ask": "0.79"}], "timestamp": "1769384121370", "event_type": "price_change"}}
{"_local_timestamp": "2026-01-25T23:35:21.497334+00:00", "data": {"market": "0x075bcf678371a0eca1ace2b4f02e50d4de0988f681125d2c4d2dc40e6f0399e4", "price_changes": [{"asset_id": "44043083063635748160381310836270929809335612864286205545661695728400717697980", "price": "0.12", "size": "8.5", "side": "BUY", "hash": "dc17d14ace3fab836cb87e27576d004bf8e2056a", "best_bid": "0.21", "best_ask": "0.68"}, {"asset_id": "37620797048389817881327185390019211177750201483753180268328239381247553652046", "price": "0.88", "size": "8.5", "side": "SELL", "hash": "e6c0a6fc4cf46ac2a67c2b88151f063524273525", "best_bid": "0.32", "best_ask": "0.79"}], "timestamp": "1769384121435", "event_type": "price_change"}}
{"_local_timestamp": "2026-01-25T23:35:25.363183+00:00", "data": {"market": "0x075bcf678371a0eca1ace2b4f02e50d4de0988f681125d2c4d2dc40e6f0399e4", "price_changes": [{"asset_id": "44043083063635748160381310836270929809335612864286205545661695728400717697980", "price": "0.21", "size": "0", "side": "BUY", "hash": "64ca3c7655ac4e5a871934f858cc935a1ae03abf", "best_bid": "0.18", "best_ask": "0.68"}, {"asset_id": "37620797048389817881327185390019211177750201483753180268328239381247553652046", "price": "0.79", "size": "0", "side": "SELL", "hash": "b96f1562d932e6016039f297b59872e5d47a2c53", "best_bid": "0.32", "best_ask": "0.82"}], "timestamp": "1769384125291", "event_type": "price_change"}}
{"_local_timestamp": "2026-01-25T23:35:25.726940+00:00", "data": {"market": "0x075bcf678371a0eca1ace2b4f02e50d4de0988f681125d2c4d2dc40e6f0399e4", "price_changes": [{"asset_id": "44043083063635748160381310836270929809335612864286205545661695728400717697980", "price": "0.19", "size": "150", "side": "BUY", "hash": "3ae6e947eb633930a46db84c61e77a017080b779", "best_bid": "0.19", "best_ask": "0.68"}, {"asset_id": "37620797048389817881327185390019211177750201483753180268328239381247553652046", "price": "0.81", "size": "150", "side": "SELL", "hash": "136e19f2b0f9f1d5b37484313ba08c6bd01fd046", "best_bid": "0.32", "best_ask": "0.81"}], "timestamp": "1769384125657", "event_type": "price_change"}}
{"_local_timestamp": "2026-01-25T23:35:30.339189+00:00", "data": {"market": "0x075bcf678371a0eca1ace2b4f02e50d4de0988f681125d2c4d2dc40e6f0399e4", "price_changes": [{"asset_id": "44043083063635748160381310836270929809335612864286205545661695728400717697980", "price": "0.12", "size": "0", "side": "BUY", "hash": "6a03c4b1037214d1ac3cbac47a80c28fa20c97d8", "best_bid": "0.19", "best_ask": "0.68"}, {"asset_id": "37620797048389817881327185390019211177750201483753180268328239381247553652046", "price": "0.88", "size": "0", "side": "SELL", "hash": "9a1e780efca80e6cc5115a05f47adf815e501b83", "best_bid": "0.32", "best_ask": "0.81"}], "timestamp": "1769384130169", "event_type": "price_change"}}
{"_local_timestamp": "2026-01-25T23:35:30.339885+00:00", "data": {"market": "0x075bcf678371a0eca1ace2b4f02e50d4de0988f681125d2c4d2dc40e6f0399e4", "price_changes": [{"asset_id": "44043083063635748160381310836270929809335612864286205545661695728400717697980", "price": "0.2", "size": "8.5", "side": "BUY", "hash": "5347bb7987acea307343c8cd313e8cb2ccddf8df", "best_bid": "0.2", "best_ask": "0.68"}, {"asset_id": "37620797048389817881327185390019211177750201483753180268328239381247553652046", "price": "0.8", "size": "8.5", "side": "SELL", "hash": "52396585c99b7b31a1d29135a9fa4e45abf25933", "best_bid": "0.32", "best_ask": "0.8"}], "timestamp": "1769384130235", "event_type": "price_change"}}
{"_local_timestamp": "2026-01-25T23:35:30.868303+00:00", "data": {"market": "0x075bcf678371a0eca1ace2b4f02e50d4de0988f681125d2c4d2dc40e6f0399e4", "price_changes": [{"asset_id": "44043083063635748160381310836270929809335612864286205545661695728400717697980", "price": "0.19", "size": "0", "side": "BUY", "hash": "18ca86ddce7057d905c078a894ec869d620cfa66", "best_bid": "0.2", "best_ask": "0.68"}, {"asset_id": "37620797048389817881327185390019211177750201483753180268328239381247553652046", "price": "0.81", "size": "0", "side": "SELL", "hash": "e2edaaf370d0cf4ed37395949e2ccc486e7b7420", "best_bid": "0.32", "best_ask": "0.8"}], "timestamp": "1769384130798", "event_type": "price_change"}}
{"_local_timestamp": "2026-01-25T23:35:31.174529+00:00", "data": {"market": "0x075bcf678371a0eca1ace2b4f02e50d4de0988f681125d2c4d2dc40e6f0399e4", "price_changes": [{"asset_id": "44043083063635748160381310836270929809335612864286205545661695728400717697980", "price": "0.21", "size": "150", "side": "BUY", "hash": "85353d64e945da464c77ebfeb299992369c6b4bf", "best_bid": "0.21", "best_ask": "0.68"}, {"asset_id": "37620797048389817881327185390019211177750201483753180268328239381247553652046", "price": "0.79", "size": "150", "side": "SELL", "hash": "638cccf7a9c4e09fc3009d04225dcef33ddcfc89", "best_bid": "0.32", "best_ask": "0.79"}], "timestamp": "1769384131100", "event_type": "price_change"}}
{"_local_timestamp": "2026-01-25T23:35:38.531814+00:00", "data": {"market": "0x075bcf678371a0eca1ace2b4f02e50d4de0988f681125d2c4d2dc40e6f0399e4", "price_changes": [{"asset_id": "44043083063635748160381310836270929809335612864286205545661695728400717697980", "price": "0.2", "size": "0", "side": "BUY", "hash": "20a1644da6f04dddbbb68500ed473292e0ba22a8", "best_bid": "0.21", "best_ask": "0.68"}, {"asset_id": "37620797048389817881327185390019211177750201483753180268328239381247553652046", "price": "0.8", "size": "0", "side": "SELL", "hash": "1537fb16ca0fac388c891970893fbed6a67420c7", "best_bid": "0.32", "best_ask": "0.79"}], "timestamp": "1769384138464", "event_type": "price_change"}}
{"_local_timestamp": "2026-01-25T23:35:38.599928+00:00", "data": {"market": "0x075bcf678371a0eca1ace2b4f02e50d4de0988f681125d2c4d2dc40e6f0399e4", "price_changes": [{"asset_id": "44043083063635748160381310836270929809335612864286205545661695728400717697980", "price": "0.12", "size": "8.5", "side": "BUY", "hash": "17b0b4e4055defe15c455ef6fd874f13ff3d425d", "best_bid": "0.21", "best_ask": "0.68"}, {"asset_id": "37620797048389817881327185390019211177750201483753180268328239381247553652046", "price": "0.88", "size": "8.5", "side": "SELL", "hash": "c10597ac9725c76cd73502c5fc7ef64a10e902ec", "best_bid": "0.32", "best_ask": "0.79"}], "timestamp": "1769384138529", "event_type": "price_change"}}
{"_local_timestamp": "2026-01-25T23:35:41.708780+00:00", "data": {"market": "0x075bcf678371a0eca1ace2b4f02e50d4de0988f681125d2c4d2dc40e6f0399e4", "price_changes": [{"asset_id": "44043083063635748160381310836270929809335612864286205545661695728400717697980", "price": "0.21", "size": "0", "side": "BUY", "hash": "a4fc634e5b2ba81215a9ecb5297e1e49ea6b1227", "best_bid": "0.18", "best_ask": "0.68"}, {"asset_id": "37620797048389817881327185390019211177750201483753180268328239381247553652046", "price": "0.79", "size": "0", "side": "SELL", "hash": "ae2f85005ec7789737b99b83cf54b5215f67f306", "best_bid": "0.32", "best_ask": "0.82"}], "timestamp": "1769384141638", "event_type": "price_change"}}
{"_local_timestamp": "2026-01-25T23:35:42.192168+00:00", "data": {"market": "0x075bcf678371a0eca1ace2b4f02e50d4de0988f681125d2c4d2dc40e6f0399e4", "price_changes": [{"asset_id": "44043083063635748160381310836270929809335612864286205545661695728400717697980", "price": "0.19", "size": "150", "side": "BUY", "hash": "d5cd7c7320897017528daea20a960965dd9a2bbb", "best_bid": "0.19", "best_ask": "0.68"}, {"asset_id": "37620797048389817881327185390019211177750201483753180268328239381247553652046", "price": "0.81", "size": "150", "side": "SELL", "hash": "e319f30f2f90a325a80bce0a673c279d0f3b437f", "best_bid": "0.32", "best_ask": "0.81"}], "timestamp": "1769384142102", "event_type": "price_change"}}
{"_local_timestamp": "2026-01-25T23:35:45.926734+00:00", "data": {"market": "0x075bcf678371a0eca1ace2b4f02e50d4de0988f681125d2c4d2dc40e6f0399e4", "price_changes": [{"asset_id": "44043083063635748160381310836270929809335612864286205545661695728400717697980", "price": "0.12", "size": "0", "side": "BUY", "hash": "0e6fc50ab4ee2552f75274570bb04f250cce6ef0", "best_bid": "0.19", "best_ask": "0.68"}, {"asset_id": "37620797048389817881327185390019211177750201483753180268328239381247553652046", "price": "0.88", "size": "0", "side": "SELL", "hash": "6271bc05c60ef1458fbbdf2d1fe0ccc9e1d7352a", "best_bid": "0.32", "best_ask": "0.81"}], "timestamp": "1769384145860", "event_type": "price_change"}}
{"_local_timestamp": "2026-01-25T23:35:45.985442+00:00", "data": {"market": "0x075bcf678371a0eca1ace2b4f02e50d4de0988f681125d2c4d2dc40e6f0399e4", "price_changes": [{"asset_id": "44043083063635748160381310836270929809335612864286205545661695728400717697980", "price": "0.2", "size": "8.5", "side": "BUY", "hash": "77d302154d983eb056fbb31af500bf8de5614c47", "best_bid": "0.2", "best_ask": "0.68"}, {"asset_id": "37620797048389817881327185390019211177750201483753180268328239381247553652046", "price": "0.8", "size": "8.5", "side": "SELL", "hash": "f37f596e82c47c7971942ee0ee814e2424bd172f", "best_bid": "0.32", "best_ask": "0.8"}], "timestamp": "1769384145921", "event_type": "price_change"}}
{"_local_timestamp": "2026-01-25T23:35:47.347131+00:00", "data": {"market": "0x075bcf678371a0eca1ace2b4f02e50d4de0988f681125d2c4d2dc40e6f0399e4", "price_changes": [{"asset_id": "44043083063635748160381310836270929809335612864286205545661695728400717697980", "price": "0.19", "size": "0", "side": "BUY", "hash": "9c5b1aa49260dd44e7b4a19fe21eeb191a871e86", "best_bid": "0.2", "best_ask": "0.68"}, {"asset_id": "37620797048389817881327185390019211177750201483753180268328239381247553652046", "price": "0.81", "size": "0", "side": "SELL", "hash": "c392e3cf17d2c0e4a3d45bd7f1ba61a24163e21c", "best_bid": "0.32", "best_ask": "0.8"}], "timestamp": "1769384147285", "event_type": "price_change"}}
{"_local_timestamp": "2026-01-25T23:35:47.960815+00:00", "data": {"market": "0x075bcf678371a0eca1ace2b4f02e50d4de0988f681125d2c4d2dc40e6f0399e4", "price_changes": [{"asset_id": "44043083063635748160381310836270929809335612864286205545661695728400717697980", "price": "0.21", "size": "150", "side": "BUY", "hash": "b96e029955472abb28756e0146f38e23e4d57927", "best_bid": "0.21", "best_ask": "0.68"}, {"asset_id": "37620797048389817881327185390019211177750201483753180268328239381247553652046", "price": "0.79", "size": "150", "side": "SELL", "hash": "b44c389e3867c02997992478af31d313ea2b48d9", "best_bid": "0.32", "best_ask": "0.79"}], "timestamp": "1769384147893", "event_type": "price_change"}}
{"_local_timestamp": "2026-01-25T23:35:54.012197+00:00", "data": {"market": "0x075bcf678371a0eca1ace2b4f02e50d4de0988f681125d2c4d2dc40e6f0399e4", "price_changes": [{"asset_id": "44043083063635748160381310836270929809335612864286205545661695728400717697980", "price": "0.2", "size": "0", "side": "BUY", "hash": "56926bd861dce6285e972248628eb2f5f6666009", "best_bid": "0.21", "best_ask": "0.68"}, {"asset_id": "37620797048389817881327185390019211177750201483753180268328239381247553652046", "price": "0.8", "size": "0", "side": "SELL", "hash": "88ae5efeb124601f57fe2df554bea1cd783871ff", "best_bid": "0.32", "best_ask": "0.79"}], "timestamp": "1769384153948", "event_type": "price_change"}}
{"_local_timestamp": "2026-01-25T23:35:54.086945+00:00", "data": {"market": "0x075bcf678371a0eca1ace2b4f02e50d4de0988f681125d2c4d2dc40e6f0399e4", "price_changes": [{"asset_id": "44043083063635748160381310836270929809335612864286205545661695728400717697980", "price": "0.12", "size": "8.5", "side": "BUY", "hash": "0ec67e65ca0d150358fa12cdef700e172b486aa4", "best_bid": "0.21", "best_ask": "0.68"}, {"asset_id": "37620797048389817881327185390019211177750201483753180268328239381247553652046", "price": "0.88", "size": "8.5", "side": "SELL", "hash": "de0b1116620a85440d64a50aa5868dbd78922284", "best_bid": "0.32", "best_ask": "0.79"}], "timestamp": "1769384154014", "event_type": "price_change"}}
{"_local_timestamp": "2026-01-25T23:35:58.537609+00:00", "data": {"market": "0x075bcf678371a0eca1ace2b4f02e50d4de0988f681125d2c4d2dc40e6f0399e4", "price_changes": [{"asset_id": "44043083063635748160381310836270929809335612864286205545661695728400717697980", "price": "0.21", "size": "0", "side": "BUY", "hash": "c9f5498b7f19cc8687091fd70c42a27a13737d2b", "best_bid": "0.18", "best_ask": "0.68"}, {"asset_id": "37620797048389817881327185390019211177750201483753180268328239381247553652046", "price": "0.79", "size": "0", "side": "SELL", "hash": "695286e98517d1941ce016fa0545f242d99df7c4", "best_bid": "0.32", "best_ask": "0.82"}], "timestamp": "1769384158473", "event_type": "price_change"}}
{"_local_timestamp": "2026-01-25T23:35:58.887702+00:00", "data": {"market": "0x075bcf678371a0eca1ace2b4f02e50d4de0988f681125d2c4d2dc40e6f0399e4", "price_changes": [{"asset_id": "44043083063635748160381310836270929809335612864286205545661695728400717697980", "price": "0.19", "size": "150", "side": "BUY", "hash": "11e0fc6c9f526ab32313e6bc4601a24a5b2827e2", "best_bid": "0.19", "best_ask": "0.68"}, {"asset_id": "37620797048389817881327185390019211177750201483753180268328239381247553652046", "price": "0.81", "size": "150", "side": "SELL", "hash": "b85ae1b7e48d986b13591982370bf1981a7c4cd9", "best_bid": "0.32", "best_ask": "0.81"}], "timestamp": "1769384158816", "event_type": "price_change"}}
{"_local_timestamp": "2026-01-25T23:36:06.393521+00:00", "data": {"market": "0x075bcf678371a0eca1ace2b4f02e50d4de0988f681125d2c4d2dc40e6f0399e4", "price_changes": [{"asset_id": "44043083063635748160381310836270929809335612864286205545661695728400717697980", "price": "0.12", "size": "0", "side": "BUY", "hash": "9e4289af91b6fab52e92961f671bb27e21c1ba1c", "best_bid": "0.19", "best_ask": "0.68"}, {"asset_id": "37620797048389817881327185390019211177750201483753180268328239381247553652046", "price": "0.88", "size": "0", "side": "SELL", "hash": "30c6622d42cc6db07ba0d5459bdf1e3bff454fa9", "best_bid": "0.32", "best_ask": "0.81"}], "timestamp": "1769384166313", "event_type": "price_change"}}
{"_local_timestamp": "2026-01-25T23:36:06.441031+00:00", "data": {"market": "0x075bcf678371a0eca1ace2b4f02e50d4de0988f681125d2c4d2dc40e6f0399e4", "price_changes": [{"asset_id": "44043083063635748160381310836270929809335612864286205545661695728400717697980", "price": "0.2", "size": "8.5", "side": "BUY", "hash": "66b3d61efbab182273da9abc740ee0a7056e6d81", "best_bid": "0.2", "best_ask": "0.68"}, {"asset_id": "37620797048389817881327185390019211177750201483753180268328239381247553652046", "price": "0.8", "size": "8.5", "side": "SELL", "hash": "a13968f60c8f58e5a924f1b1215bb8802083bb85", "best_bid": "0.32", "best_ask": "0.8"}], "timestamp": "1769384166376", "event_type": "price_change"}}
{"_local_timestamp": "2026-01-25T23:36:09.435579+00:00", "data": {"market": "0x075bcf678371a0eca1ace2b4f02e50d4de0988f681125d2c4d2dc40e6f0399e4", "price_changes": [{"asset_id": "44043083063635748160381310836270929809335612864286205545661695728400717697980", "price": "0.19", "size": "0", "side": "BUY", "hash": "a2b4824f0cc79260c46ce516b4fd25f97af3f075", "best_bid": "0.2", "best_ask": "0.68"}, {"asset_id": "37620797048389817881327185390019211177750201483753180268328239381247553652046", "price": "0.81", "size": "0", "side": "SELL", "hash": "45b4f2cdc088be8778d13bd4be091ac113b0c67d", "best_bid": "0.32", "best_ask": "0.8"}], "timestamp": "1769384169365", "event_type": "price_change"}}
