{"_local_timestamp": "2026-01-25T23:33:45.267602+00:00", "data": [{"market": "0xf5f1da6b4e154877efc4f17f4bab1048eb4cc16e92fc61e2f97b0c4f8e49e938", "asset_id": "69103578602577506445128884144969758220407685799853106314819017171186286635199", "timestamp": "1769383855359", "hash": "9afdabee9141cd7826d313f1259076ab058c6e69", "bids": [{"price": "0.01", "size": "131.09"}, {"price": "0.02", "size": "300"}, {"price": "0.03", "size": "406.36"}, {"price": "0.05", "size": "10"}, {"price": "0.06", "size": "40"}, {"price": "0.07", "size": "10.67"}, {"price": "0.08", "size": "462.5"}, {"price": "0.09", "size": "61.11"}, {"price": "0.11", "size": "73"}, {"price": "0.17", "size": "10"}, {"price": "0.18", "size": "150"}], "asks": [{"price": "0.99", "size": "125.91"}, {"price": "0.98", "size": "708.94"}, {"price": "0.97", "size": "8.22"}, {"price": "0.96", "size": "9.85"}, {"price": "0.95", "size": "30"}, {"price": "0.94", "size": "333"}, {"price": "0.93", "size": "200"}, {"price": "0.92", "size": "500"}, {"price": "0.91", "size": "11.9"}, {"price": "0.83", "size": "76.47"}, {"price": "0.82", "size": "38"}, {"price": "0.81", "size": "57.89"}, {"price": "0.68", "size": "10"}, {"price": "0.67", "size": "150"}], "event_type": "book", "last_trade_price": ""}, {"market": "0xf5f1da6b4e154877efc4f17f4bab1048eb4cc16e92fc61e2f97b0c4f8e49e938", "asset_id": "63815437350843670858589643246383750933010151607978271815924624456575230269248", "timestamp": "1769383855359", "hash": "e3dd5a84761a24d8c9beac94e955d82480b129ef", "bids": [{"price": "0.01", "size": "125.91"}, {"price": "0.02", "size": "708.94"}, {"price": "0.03", "size": "8.22"}, {"price": "0.04", "size": "9.85"}, {"price": "0.05", "size": "30"}, {"price": "0.06", "size": "333"}, {"price": "0.07", "size": "200"}, {"price": "0.08", "size": "500"}, {"price": "0.09", "size": "11.9"}, {"price": "0.17", "size": "76.47"}, {"price": "0.18", "size": "38"}, {"price": "0.19", "size": "57.89"}, {"price": "0.32", "size": "10"}, {"price": "0.33", "size": "150"}], "asks": [{"price": "0.99", "size": "131.09"}, {"price": "0.98", "size": "300"}, {"price": "0.97", "size": "406.36"}, {"price": "0.95", "size": "10"}, {"price": "0.94", "size": "40"}, {"price": "0.93", "size": "10.67"}, {"price": "0.92", "size": "462.5"}, {"price": "0.91", "size": "61.11"}, {"price": "0.89", "size": "73"}, {"price": "0.83", "size": "10"}, {"price": "0.82", "size": "150"}], "event_type": "book", "last_trade_price": ""}, {"market": "0x9b0fd1a525b7f5c8c4ce05bd29c3cdc0918a199818a499ced9441b25232abfd6", "asset_id": "28503009987019343485309232594198559023441239825108348608134465045789169845902", "timestamp": "1769383855359", "hash": "50bfff09e1429f6c22d4d6bd5d65dc912c57bf9f", "bids": [{"price": "0.01", "size": "1034.32"}, {"price": "0.02", "size": "25.17"}, {"price": "0.04", "size": "1000"}, {"price": "0.05", "size": "355"}, {"price": "0.06", "size": "108"}, {"price": "0.07", "size": "8.24"}, {"price": "0.12", "size": "208.33"}, {"price": "0.14", "size": "78.57"}, {"price": "0.15", "size": "46.31"}, {"price": "0.16", "size": "8.5"}, {"price": "0.17", "size": "5.88"}, {"price": "0.28", "size": "10"}, {"price": "0.29", "size": "150"}], "asks": [{"price": "0.99", "size": "1027"}, {"price": "0.98", "size": "9.3"}, {"price": "0.96", "size": "1200"}, {"price": "0.95", "size": "230"}, {"price": "0.94", "size": "40"}, {"price": "0.93", "size": "6.86"}, {"price": "0.9", "size": "400"}, {"price": "0.83", "size": "76.47"}, {"price": "0.82", "size": "38"}, {"price": "0.81", "size": "57.89"}, {"price": "0.8", "size": "8.5"}, {"price": "0.67", "size": "10"}, {"price": "0.66", "size": "150"}], "event_type": "book", "last_trade_price": ""}, {"market": "0xabc298cc3b8f2f71e5b5fac93c143511febd8881a8789477649d16799628fd22", "asset_id": "69416253506612672665445917464735860963819479446257172285288784162224167788583", "timestamp": "1769384020313", "hash": "20b935d9575e4f9667743a1ea5bddfbefd61b258", "bids": [{"price": "0.01", "size": "1042.36"}, {"price": "0.02", "size": "700"}, {"price": "0.03", "size": "14.99"}, {"price": "0.05", "size": "30"}, {"price": "0.06", "size": "33"}, {"price": "0.07", "size": "300"}, {"price": "0.08", "size": "631.33"}, {"price": "0.09", "size": "75"}, {"price": "0.14", "size": "92.85"}, {"price": "0.15", "size": "5.6"}, {"price": "0.16", "size": "68.75"}, {"price": "0.17", "size": "34"}, {"price": "0.18", "size": "8.5"}, {"price": "0.32", "size": "10"}, {"price": "0.33", "size": "150"}], "asks": [{"price": "0.99", "size": "1036.77"}, {"price": "0.98", "size": "700"}, {"price": "0.97", "size": "5.61"}, {"price": "0.95", "size": "10"}, {"price": "0.94", "size": "40"}, {"price": "0.93", "size": "11.19"}, {"price": "0.92", "size": "462.5"}, {"price": "0.91", "size": "61.11"}, {"price": "0.87", "size": "62"}, {"price": "0.81", "size": "10"}, {"price": "0.79", "size": "8.5"}, {"price": "0.78", "size": "150"}], "event_type": "book", "last_trade_price": ""}, {"market": "0x9b0fd1a525b7f5c8c4ce05bd29c3cdc0918a199818a499ced9441b25232abfd6", "asset_id": "36834864503550793459212222243452202031650171378978923530338545665508485984256", "timestamp": "1769383855359", "hash": "84e2caf0c8c0bbe5fd7495f7b76c91c45d160dbe", "bids": [{"price": "0.01", "size": "1027"}, {"price": "0.02", "size": "9.3"}, {"price": "0.04", "size": "1200"}, {"price": "0.05", "size": "230"}, {"price": "0.06", "size": "40"}, {"price": "0.07", "size": "6.86"}, {"price": "0.1", "size": "400"}, {"price": "0.17", "size": "76.47"}, {"price": "0.18", "size": "38"}, {"price": "0.19", "size": "57.89"}, {"price": "0.2", "size": "8.5"}, {"price": "0.33", "size": "10"}, {"price": "0.34", "size": "150"}], "asks": [{"price": "0.99", "size": "1034.32"}, {"price": "0.98", "size": "25.17"}, {"price": "0.96", "size": "1000"}, {"price": "0.95", "size": "355"}, {"price": "0.94", "size": "108"}, {"price": "0.93", "size": "8.24"}, {"price": "0.88", "size": "208.33"}, {"price": "0.86", "size": "78.57"}, {"price": "0.85", "size": "46.31"}, {"price": "0.84", "size": "8.5"}, {"price": "0.83", "size": "5.88"}, {"price": "0.72", "size": "10"}, {"price": "0.71", "size": "150"}], "event_type": "book", "last_trade_price": ""}, {"market": "0xabc298cc3b8f2f71e5b5fac93c143511febd8881a8789477649d16799628fd22", "asset_id": "103484252200720329038183287117844612461976965767900045310070621317188250923489", "timestamp": "1769384020313", "hash": "17d1b7e4bd5f445a823394b0610ce02e229697f0", "bids": [{"price": "0.01", "size": "1036.77"}, {"price": "0.02", "size": "700"}, {"price": "0.03", "size": "5.61"}, {"price": "0.05", "size": "10"}, {"price": "0.06", "size": "40"}, {"price": "0.07", "size": "11.19"}, {"price": "0.08", "size": "462.5"}, {"price": "0.09", "size": "61.11"}, {"price": "0.13", "size": "62"}, {"price": "0.19", "size": "10"}, {"price": "0.21", "size": "8.5"}, {"price": "0.22", "size": "150"}], "asks": [{"price": "0.99", "size": "1042.36"}, {"price": "0.98", "size": "700"}, {"price": "0.97", "size": "14.99"}, {"price": "0.95", "size": "30"}, {"price": "0.94", "size": "33"}, {"price": "0.93", "size": "300"}, {"price": "0.92", "size": "631.33"}, {"price": "0.91", "size": "75"}, {"price": "0.86", "size": "92.85"}, {"price": "0.85", "size": "5.6"}, {"price": "0.84", "size": "68.75"}, {"price": "0.83", "size": "34"}, {"price": "0.82", "size": "8.5"}, {"price": "0.68", "size": "10"}, {"price": "0.67", "size": "150"}], "event_type": "book", "last_trade_price": ""}]}
{"_local_timestamp": "2026-01-25T23:33:46.524570+00:00", "data": {"market": "0xabc298cc3b8f2f71e5b5fac93c143511febd8881a8789477649d16799628fd22", "price_changes": [{"asset_id": "69416253506612672665445917464735860963819479446257172285288784162224167788583", "price": "0.18", "size": "0", "side": "BUY", "hash": "f35291bdd0c08875136e770646cd84b537049a4a", "best_bid": "0.33", "best_ask": "0.78"}, {"asset_id": "103484252200720329038183287117844612461976965767900045310070621317188250923489", "price": "0.82", "size": "0", "side": "SELL", "hash": "4a458a082480297fda51cec2af390696559a7f1a", "best_bid": "0.22", "best_ask": "0.67"}], "timestamp": "1769384026453", "event_type": "price_change"}}
{"_local_timestamp": "2026-01-25T23:33:46.527221+00:00", "data": {"market": "0xabc298cc3b8f2f71e5b5fac93c143511febd8881a8789477649d16799628fd22", "price_changes": [{"asset_id": "103484252200720329038183287117844612461976965767900045310070621317188250923489", "price": "0.21", "size": "0", "side": "BUY", "hash": "1e51bc4589add8d3760eec5df2b0e4bb3061e646", "best_bid": "0.22", "best_ask": "0.67"}, {"asset_id": "69416253506612672665445917464735860963819479446257172285288784162224167788583", "price": "0.79", "size": "0", "side": "SELL", "hash": "3d31b95bf0c45df328a8593a93922343f1e2eb11", "best_bid": "0.33", "best_ask": "0.78"}], "timestamp": "1769384026453", "event_type": "price_change"}}
{"_local_timestamp": "2026-01-25T23:33:51.058535+00:00", "data": {"market": "0xabc298cc3b8f2f71e5b5fac93c143511febd8881a8789477649d16799628fd22", "price_changes": [{"asset_id": "103484252200720329038183287117844612461976965767900045310070621317188250923489", "price": "0.22", "size": "0", "side": "BUY", "hash": "65287e62367cbbe694e64187365f806e863f0ff3", "best_bid": "0.19", "best_ask": "0.67"}, {"asset_id": "69416253506612672665445917464735860963819479446257172285288784162224167788583", "price": "0.78", "size": "0", "side": "SELL", "hash": "be69990018e81a90cc2f087c0c8f3249aa7bb9e3", "best_bid": "0.33", "best_ask": "0.81"}], "timestamp": "1769384030988", "event_type": "price_change"}}
{"_local_timestamp": "2026-01-25T23:33:51.447825+00:00", "data": {"market": "0xabc298cc3b8f2f71e5b5fac93c143511febd8881a8789477649d16799628fd22", "price_changes": [{"asset_id": "103484252200720329038183287117844612461976965767900045310070621317188250923489", "price": "0.2", "size": "150", "side": "BUY", "hash": "2f9294c57d4768af4738ddf6462d2b0866d55c4f", "best_bid": "0.2", "best_ask": "0.67"}, {"asset_id": "69416253506612672665445917464735860963819479446257172285288784162224167788583", "price": "0.8", "size": "150", "side": "SELL", "hash": "dc7ee0d004f4cbcf16aa02e0ad63ed5c9c5c971f", "best_bid": "0.33", "best_ask": "0.8"}], "timestamp": "1769384031376", "event_type": "price_change"}}
{"_local_timestamp": "2026-01-25T23:33:58.324966+00:00", "data": {"market": "0xabc298cc3b8f2f71e5b5fac93c143511febd8881a8789477649d16799628fd22", "price_changes": [{"asset_id": "69416253506612672665445917464735860963819479446257172285288784162224167788583", "price": "0.18", "size": "8.5", "side": "BUY", "hash": "eb185c95b5c64d2f9e1f6047b77ca4d4b0a9ea4e", "best_bid": "0.33", "best_ask": "0.8"}, {"asset_id": "103484252200720329038183287117844612461976965767900045310070621317188250923489", "price": "0.82", "size": "8.5", "side": "SELL", "hash": "ce86a37e6513a16f1c892ea8c1ae1637e9864649", "best_bid": "0.2", "best_ask": "0.67"}], "timestamp": "1769384038238", "event_type": "price_change"}}
{"_local_timestamp": "2026-01-25T23:33:58.331755+00:00", "data": {"market": "0xabc298cc3b8f2f71e5b5fac93c143511febd8881a8789477649d16799628fd22", "price_changes": [{"asset_id": "103484252200720329038183287117844612461976965767900045310070621317188250923489", "price": "0.21", "size": "8.5", "side": "BUY", "hash": "e3ee10e4be5333599ad8d2ae15e4b8d434b3005c", "best_bid": "0.21", "best_ask": "0.67"}, {"asset_id": "69416253506612672665445917464735860963819479446257172285288784162224167788583", "price": "0.79", "size": "8.5", "side": "SELL", "hash": "78b267df26c4d5714113afaf74e5eb25224ea5fb", "best_bid": "0.33", "best_ask": "0.79"}], "timestamp": "1769384038239", "event_type": "price_change"}}
{"_local_timestamp": "2026-01-25T23:34:02.043549+00:00", "data": {"market": "0xabc298cc3b8f2f71e5b5fac93c143511febd8881a8789477649d16799628fd22", "price_changes": [{"asset_id": "103484252200720329038183287117844612461976965767900045310070621317188250923489", "price": "0.2", "size": "0", "side": "BUY", "hash": "6a3a984ef65783d6d0126f3ce43f5796543b9bf5", "best_bid": "0.21", "best_ask": "0.67"}, {"asset_id": "69416253506612672665445917464735860963819479446257172285288784162224167788583", "price": "0.8", "size": "0", "side": "SELL", "hash": "d70a129ebe93137d4813627f94895c12c63ee42e", "best_bid": "0.33", "best_ask": "0.79"}], "timestamp": "1769384041967", "event_type": "price_change"}}
{"_local_timestamp": "2026-01-25T23:34:02.385162+00:00", "data": {"market": "0xabc298cc3b8f2f71e5b5fac93c143511febd8881a8789477649d16799628fd22", "price_changes": [{"asset_id": "103484252200720329038183287117844612461976965767900045310070621317188250923489", "price": "0.22", "size": "150", "side": "BUY", "hash": "d3d1a2142bd2853d905771b9f9e4b07bc78b4922", "best_bid": "0.22", "best_ask": "0.67"}, {"asset_id": "69416253506612672665445917464735860963819479446257172285288784162224167788583", "price": "0.78", "size": "150", "side": "SELL", "hash": "daac320bcc568c0d50c89141731d21d309e11807", "best_bid": "0.33", "best_ask": "0.78"}], "timestamp": "1769384042311", "event_type": "price_change"}}
{"_local_timestamp": "2026-01-25T23:34:08.037447+00:00", "data": {"market": "0xabc298cc3b8f2f71e5b5fac93c143511febd8881a8789477649d16799628fd22", "price_changes": [{"asset_id": "103484252200720329038183287117844612461976965767900045310070621317188250923489", "price": "0.21", "size": "0", "side": "BUY", "hash": "ca91719c0cb440ad8fc182a4d9e9e80938facc2c", "best_bid": "0.22", "best_ask": "0.67"}, {"asset_id": "69416253506612672665445917464735860963819479446257172285288784162224167788583", "price": "0.79", "size": "0", "side": "SELL", "hash": "74d14fd7e2957ea8bf0e1107b327c893dd175dad", "best_bid": "0.33", "best_ask": "0.78"}], "timestamp": "1769384047942", "event_type": "price_change"}}
{"_local_timestamp": "2026-01-25T23:34:08.042009+00:00", "data": {"market": "0xabc298cc3b8f2f71e5b5fac93c143511febd8881a8789477649d16799628fd22", "price_changes": [{"asset_id": "69416253506612672665445917464735860963819479446257172285288784162224167788583", "price": "0.18", "size": "0", "side": "BUY", "hash": "6957bb702ca9feb209b2855682d30eb04c341330", "best_bid": "0.33", "best_ask": "0.78"}, {"asset_id": "103484252200720329038183287117844612461976965767900045310070621317188250923489", "price": "0.82", "size": "0", "side": "SELL", "hash": "51dea5884c53e4eed629d11d5a9398a22acd54fb", "best_bid": "0.22", "best_ask": "0.67"}], "timestamp": "1769384047942", "event_type": "price_change"}}
