{"_local_timestamp": "2026-01-25T23:34:32.775567+00:00", "data": [{"market": "0x5463d1075197439a7b86aa706284a1ffcbbb362667b42118f81df557fc86e9a6", "asset_id": "16589180396065789489018448748363374303261062729954066621294916549766922867291", "timestamp": "1769383844919", "hash": "197e9330731189a69925a6f59adb8264b0991a88", "bids": [{"price": "0.01", "size": "3624.77"}, {"price": "0.02", "size": "115.58"}, {"price": "0.03", "size": "76.02"}, {"price": "0.04", "size": "20.16"}, {"price": "0.05", "size": "58.42"}, {"price": "0.06", "size": "88"}, {"price": "0.07", "size": "76.6"}], "asks": [{"price": "0.99", "size": "623.34"}, {"price": "0.98", "size": "111.1"}, {"price": "0.97", "size": "128.04"}, {"price": "0.96", "size": "74"}, {"price": "0.95", "size": "5.47"}], "event_type": "book", "last_trade_price": ""}, {"market": "0x5dc18b3b1596be883ab3686659e97fdf659690b9e4e7934f5ab85166d9b3025b", "asset_id": "49258742133122776631713098005095778218765368579843373640614977735042994837156", "timestamp": "1769383847236", "hash": "3ca2fe7f8c5b07a2c82f974a18c6f0a30d1bf8b6", "bids": [{"price": "0.01", "size": "623.34"}, {"price": "0.02", "size": "111.1"}, {"price": "0.03", "size": "128.04"}, {"price": "0.04", "size": "74"}, {"price": "0.05", "size": "5.47"}], "asks": [{"price": "0.99", "size": "3624.77"}, {"price": "0.98", "size": "115.58"}, {"price": "0.97", "size": "76.02"}, {"price": "0.96", "size": "20.16"}, {"price": "0.95", "size": "58.42"}, {"price": "0.94", "size": "64"}, {"price": "0.93", "size": "84.6"}], "event_type": "book", "last_trade_price": ""}, {"market": "0x5dc18b3b1596be883ab3686659e97fdf659690b9e4e7934f5ab85166d9b3025b", "asset_id": "1787945340075171930888604731115710559830249074010295301222695324791964422191", "timestamp": "1769383847236", "hash": "28184cb7d10c641f172782c578f90ca6a50aff38", "bids": [{"price": "0.01", "size": "3624.77"}, {"price": "0.02", "size": "115.58"}, {"price": "0.03", "size": "76.02"}, {"price": "0.04", "size": "20.16"}, {"price": "0.05", "size": "58.42"}, {"price": "0.06", "size": "64"}, {"price": "0.07", "size": "84.6"}], "asks": [{"price": "0.99", "size": "623.34"}, {"price": "0.98", "size": "111.1"}, {"price": "0.97", "size": "128.04"}, {"price": "0.96", "size": "74"}, {"price": "0.95", "size": "5.47"}], "event_type": "book", "last_trade_price": ""}, {"market": "0x5463d1075197439a7b86aa706284a1ffcbbb362667b42118f81df557fc86e9a6", "asset_id": "104580685605701137167990880959664312433966903527057903095871240450792518632158", "timestamp": "1769383844919", "hash": "b38f80c49c0355e661a9084e977ecf714d180c37", "bids": [{"price": "0.01", "size": "623.34"}, {"price": "0.02", "size": "111.1"}, {"price": "0.03", "size": "128.04"}, {"price": "0.04", "size": "74"}, {"price": "0.05", "size": "5.47"}], "asks": [{"price": "0.99", "size": "3624.77"}, {"price": "0.98", "size": "115.58"}, {"price": "0.97", "size": "76.02"}, {"price": "0.96", "size": "20.16"}, {"price": "0.95", "size": "58.42"}, {"price": "0.94", "size": "88"}, {"price": "0.93", "size": "76.6"}], "event_type": "book", "last_trade_price": ""}, {"market": "0xc7e4f211fe041566c20a081ff19751479ffc4b34bf979a273bc11f47ebfd4b92", "asset_id": "41156129535052129240664684040667830925254608308928704807179332043707221045672", "timestamp": "1769383846043", "hash": "153d245621df9476b77b8926dd660ce8c7af3614", "bids": [{"price": "0.01", "size": "3624.77"}, {"price": "0.02", "size": "115.58"}, {"price": "0.03", "size": "76.02"}, {"price": "0.04", "size": "20.16"}, {"price": "0.05", "size": "58.42"}, {"price": "0.06", "size": "64"}, {"price": "0.07", "size": "76.6"}], "asks": [{"price": "0.99", "size": "623.34"}, {"price": "0.98", "size": "111.1"}, {"price": "0.97", "size": "128.04"}, {"price": "0.96", "size": "74"}, {"price": "0.95", "size": "5.47"}], "event_type": "book", "last_trade_price": ""}, {"market": "0xc7e4f211fe041566c20a081ff19751479ffc4b34bf979a273bc11f47ebfd4b92", "asset_id": "90938571526718234756552038238182892248238303454764116364734077780555972142787", "timestamp": "1769383846043", "hash": "b22291e411702fe073ac8448122092dbbc46827c", "bids": [{"price": "0.01", "size": "623.34"}, {"price": "0.02", "size": "111.1"}, {"price": "0.03", "size": "128.04"}, {"price": "0.04", "size": "74"}, {"price": "0.05", "size": "5.47"}], "asks": [{"price": "0.99", "size": "3624.77"}, {"price": "0.98", "size": "115.58"}, {"price": "0.97", "size": "76.02"}, {"price": "0.96", "size": "20.16"}, {"price": "0.95", "size": "58.42"}, {"price": "0.94", "size": "64"}, {"price": "0.93", "size": "76.6"}], "event_type": "book", "last_trade_price": ""}]}
