{"_local_timestamp": "2026-01-25T23:41:38.784163+00:00", "data": [{"market": "0x912499ef292b464c77eba47c1e035b6e2e189b8461ebc760a195e60fc056bf61", "asset_id": "3251388863389975471742964724958547084497786463876369083151932161056958100090", "timestamp": "1769383685179", "hash": "c045bfe7374ed71e286f6ab93b8dab65ff755f3f", "bids": [{"price": "0.01", "size": "85.01"}, {"price": "0.02", "size": "32.49"}], "asks": [{"price": "0.99", "size": "85.01"}, {"price": "0.98", "size": "16.65"}, {"price": "0.96", "size": "13.39"}], "event_type": "book", "last_trade_price": ""}, {"market": "0xcca015ef76e402f87761e28202d37afb41b575b477bf84123f9c582ad538bc6d", "asset_id": "38561966362747887972392402057334825738329899274742144017742207019601641124636", "timestamp": "1769383681364", "hash": "409fdae1468014d812f62bd11e364d94f52157cf", "bids": [{"price": "0.01", "size": "100"}, {"price": "0.02", "size": "25"}, {"price": "0.03", "size": "5.47"}], "asks": [{"price": "0.99", "size": "99.99"}, {"price": "0.98", "size": "25"}], "event_type": "book", "last_trade_price": ""}, {"market": "0xeff1f51b0945a2b40deefce34e0c80a4e49f9e460f7f3eefa67c085c33fa7a30", "asset_id": "6329853253364349542781448597977457623181979770854899741025686393721331726573", "timestamp": "1769383681364", "hash": "9417abdee74b62da15ce605a41b39df41d0ab795", "bids": [{"price": "0.01", "size": "99.99"}, {"price": "0.02", "size": "25"}], "asks": [{"price": "0.99", "size": "100"}, {"price": "0.98", "size": "25"}, {"price": "0.97", "size": "5.47"}], "event_type": "book", "last_trade_price": ""}, {"market": "0x912499ef292b464c77eba47c1e035b6e2e189b8461ebc760a195e60fc056bf61", "asset_id": "68550050804063613863652020225041771492519892531244802766407559573801131890615", "timestamp": "1769383685179", "hash": "bd153e93449413fcfbe34f0b64be48851fe6d6b4", "bids": [{"price": "0.01", "size": "85.01"}, {"price": "0.02", "size": "16.65"}, {"price": "0.04", "size": "13.39"}], "asks": [{"price": "0.99", "size": "85.01"}, {"price": "0.98", "size": "32.49"}], "event_type": "book", "last_trade_price": ""}, {"market": "0xcca015ef76e402f87761e28202d37afb41b575b477bf84123f9c582ad538bc6d", "asset_id": "21872347340448579348928608366649426152036829445284759195692869293166073003623", "timestamp": "1769383681364", "hash": "4d61d4af281beb6e1129f2ad778114a857476dd2", "bids": [{"price": "0.01", "size": "99.99"}, {"price": "0.02", "size": "25"}], "asks": [{"price": "0.99", "size": "100"}, {"price": "0.98", "size": "25"}, {"price": "0.97", "size": "5.47"}], "event_type": "book", "last_trade_price": ""}, {"market": "0x0d2de4258e889e724e6ee8c2d66ed9dbdea2e3125b0936c0afe3c10f99ebd989", "asset_id": "46842629762155231202206890518619257374358097907958010748898867220732255201368", "timestamp": "1769383680113", "hash": "f2905dc8f7dbf02dd415899202dc897a15e49b6a", "bids": [{"price": "0.01", "size": "85.01"}, {"price": "0.02", "size": "25"}], "asks": [{"price": "0.99", "size": "100"}, {"price": "0.98", "size": "25"}, {"price": "0.97", "size": "5.47"}], "event_type": "book", "last_trade_price": ""}, {"market": "0xa4c49fea7461fba7072f9ac79f5c58f505f9ccc8c6a16a961b0697c51364a0c8", "asset_id": "3346128884324174456332124541896908391411172100392594999266367758293284507098", "timestamp": "1769383680107", "hash": "9853f1f6ef233a9778bbe6ac01bc5e0b192b7a98", "bids": [{"price": "0.01", "size": "100"}, {"price": "0.02", "size": "25"}, {"price": "0.03", "size": "5.47"}], "asks": [{"price": "0.99", "size": "85.01"}, {"price": "0.98", "size": "25"}], "event_type": "book", "last_trade_price": ""}, {"market": "0x0d2de4258e889e724e6ee8c2d66ed9dbdea2e3125b0936c0afe3c10f99ebd989", "asset_id": "23912080596769078796744866535057731955326698788575741931732476841024500561873", "timestamp": "1769383680113", "hash": "4a258e392024edb463887423ae6f42289a350aa0", "bids": [{"price": "0.01", "size": "100"}, {"price": "0.02", "size": "25"}, {"price": "0.03", "size": "5.47"}], "asks": [{"price": "0.99", "size": "85.01"}, {"price": "0.98", "size": "25"}], "event_type": "book", "last_trade_price": ""}, {"market": "0xeff1f51b0945a2b40deefce34e0c80a4e49f9e460f7f3eefa67c085c33fa7a30", "asset_id": "105662040343631268791411555409536682530967034406088073721343505804771710576730", "timestamp": "1769383681364", "hash": "0dba372fbdf7271282f8bd20c606a4874864938d", "bids": [{"price": "0.01", "size": "100"}, {"price": "0.02", "size": "25"}, {"price": "0.03", "size": "5.47"}], "asks": [{"price": "0.99", "size": "99.99"}, {"price": "0.98", "size": "25"}], "event_type": "book", "last_trade_price": ""}, {"market": "0xa4c49fea7461fba7072f9ac79f5c58f505f9ccc8c6a16a961b0697c51364a0c8", "asset_id": "15289866204798143446755696937180557471265565209045074458341420645058444433829", "timestamp": "1769383680107", "hash": "677e3bb8ff0bcadbd13c5d502d599e79454c6ada", "bids": [{"price": "0.01", "size": "85.01"}, {"price": "0.02", "size": "25"}], "asks": [{"price": "0.99", "size": "100"}, {"price": "0.98", "size": "25"}, {"price": "0.97", "size": "5.47"}], "event_type": "book", "last_trade_price": ""}]}
{"_local_timestamp": "2026-01-25T23:43:16.844324+00:00", "data": {"market": "0x0d2de4258e889e724e6ee8c2d66ed9dbdea2e3125b0936c0afe3c10f99ebd989", "price_changes": [{"asset_id": "46842629762155231202206890518619257374358097907958010748898867220732255201368", "price": "0.02", "size": "16.47", "side": "BUY", "hash": "3097f6e36d3792e60bb8045c845f932a9a011353", "best_bid": "0.02", "best_ask": "0.97"}, {"asset_id": "23912080596769078796744866535057731955326698788575741931732476841024500561873", "price": "0.98", "size": "16.47", "side": "SELL", "hash": "167e3106ea0e86a77e9659d5a213eca1973c65e3", "best_bid": "0.03", "best_ask": "0.98"}], "timestamp": "1769384596781", "event_type": "price_change"}}
{"_local_timestamp": "2026-01-25T23:43:16.854762+00:00", "data": {"market": "0x912499ef292b464c77eba47c1e035b6e2e189b8461ebc760a195e60fc056bf61", "price_changes": [{"asset_id": "3251388863389975471742964724958547084497786463876369083151932161056958100090", "price": "0.02", "size": "16.65", "side": "BUY", "hash": "6f9f711044651880945ea9c00a336883b6f1d5e4", "best_bid": "0.02", "best_ask": "0.96"}, {"asset_id": "68550050804063613863652020225041771492519892531244802766407559573801131890615", "price": "0.98", "size": "16.65", "side": "SELL", "hash": "6b5efd67010931a5e526e57259dbca02dbe93aef", "best_bid": "0.04", "best_ask": "0.98"}], "timestamp": "1769384596781", "event_type": "price_change"}}
{"_local_timestamp": "2026-01-25T23:43:16.855184+00:00", "data": {"market": "0xa4c49fea7461fba7072f9ac79f5c58f505f9ccc8c6a16a961b0697c51364a0c8", "price_changes": [{"asset_id": "15289866204798143446755696937180557471265565209045074458341420645058444433829", "price": "0.02", "size": "16.47", "side": "BUY", "hash": "94c347d1910970899937ac7ff65fc7a3b915e951", "best_bid": "0.02", "best_ask": "0.97"}, {"asset_id": "3346128884324174456332124541896908391411172100392594999266367758293284507098", "price": "0.98", "size": "16.47", "side": "SELL", "hash": "54111fbe1d86ba67233bf052e212dbe98f69dd62", "best_bid": "0.03", "best_ask": "0.98"}], "timestamp": "1769384596781", "event_type": "price_change"}}
{"_local_timestamp": "2026-01-25T23:43:18.256433+00:00", "data": {"market": "0x912499ef292b464c77eba47c1e035b6e2e189b8461ebc760a195e60fc056bf61", "price_changes": [{"asset_id": "3251388863389975471742964724958547084497786463876369083151932161056958100090", "price": "0.01", "size": "99.99", "side": "BUY", "hash": "32110e7fc8a85b2f503fb51e92418dd1988d6837", "best_bid": "0.02", "best_ask": "0.96"}, {"asset_id": "68550050804063613863652020225041771492519892531244802766407559573801131890615", "price": "0.99", "size": "99.99", "side": "SELL", "hash": "9149652e8855231beb2ad8012e08a3865354cc77", "best_bid": "0.04", "best_ask": "0.98"}], "timestamp": "1769384598189", "event_type": "price_change"}}
{"_local_timestamp": "2026-01-25T23:43:18.436850+00:00", "data": {"market": "0x0d2de4258e889e724e6ee8c2d66ed9dbdea2e3125b0936c0afe3c10f99ebd989", "price_changes": [{"asset_id": "46842629762155231202206890518619257374358097907958010748898867220732255201368", "price": "0.01", "size": "117.06", "side": "BUY", "hash": "9d48837925dc6cae23fe622f02373c7f1a322a7d", "best_bid": "0.02", "best_ask": "0.97"}, {"asset_id": "23912080596769078796744866535057731955326698788575741931732476841024500561873", "price": "0.99", "size": "117.06", "side": "SELL", "hash": "2d6149790d1d9640ff22d33b35aecfa58fe60c88", "best_bid": "0.03", "best_ask": "0.98"}], "timestamp": "1769384598189", "event_type": "price_change"}}
{"_local_timestamp": "2026-01-25T23:43:18.440814+00:00", "data": {"market": "0xa4c49fea7461fba7072f9ac79f5c58f505f9ccc8c6a16a961b0697c51364a0c8", "price_changes": [{"asset_id": "15289866204798143446755696937180557471265565209045074458341420645058444433829", "price": "0.01", "size": "117.06", "side": "BUY", "hash": "f7888ea0df1a2dfcc5dfe48ec30539f08190cbc4", "best_bid": "0.02", "best_ask": "0.97"}, {"asset_id": "3346128884324174456332124541896908391411172100392594999266367758293284507098", "price": "0.99", "size": "117.06", "side": "SELL", "hash": "4dd96771784980dd2a0e54be989a46c27f45f819", "best_bid": "0.03", "best_ask": "0.98"}], "timestamp": "1769384598190", "event_type": "price_change"}}
{"_local_timestamp": "2026-01-25T23:43:18.448121+00:00", "data": {"market": "0x912499ef292b464c77eba47c1e035b6e2e189b8461ebc760a195e60fc056bf61", "price_changes": [{"asset_id": "3251388863389975471742964724958547084497786463876369083151932161056958100090", "price": "0.02", "size": "25", "side": "BUY", "hash": "8fc3db61d627f264858e8322ef41a7555ccbf1b1", "best_bid": "0.02", "best_ask": "0.96"}, {"asset_id": "68550050804063613863652020225041771492519892531244802766407559573801131890615", "price": "0.98", "size": "25", "side": "SELL", "hash": "338cfcd4e00029b1e78894b233b095a6a4796c7e", "best_bid": "0.04", "best_ask": "0.98"}], "timestamp": "1769384598191", "event_type": "price_change"}}
{"_local_timestamp": "2026-01-25T23:43:18.494539+00:00", "data": {"market": "0x912499ef292b464c77eba47c1e035b6e2e189b8461ebc760a195e60fc056bf61", "price_changes": [{"asset_id": "68550050804063613863652020225041771492519892531244802766407559573801131890615", "price": "0.04", "size": "5.47", "side": "BUY", "hash": "c48ade7a5c8a673d1c7d9db1f9c366bdf1136818", "best_bid": "0.04", "best_ask": "0.98"}, {"asset_id": "3251388863389975471742964724958547084497786463876369083151932161056958100090", "price": "0.96", "size": "5.47", "side": "SELL", "hash": "7f8a51c460ad7f4be418ff71312f2af1924058db", "best_bid": "0.02", "best_ask": "0.96"}], "timestamp": "1769384598428", "event_type": "price_change"}}
{"_local_timestamp": "2026-01-25T23:43:19.567460+00:00", "data": {"market": "0x912499ef292b464c77eba47c1e035b6e2e189b8461ebc760a195e60fc056bf61", "price_changes": [{"asset_id": "68550050804063613863652020225041771492519892531244802766407559573801131890615", "price": "0.01", "size": "100", "side": "BUY", "hash": "bf2ff1d2f1cf56c2f346e8cc7330b5b22ccc61b5", "best_bid": "0.04", "best_ask": "0.98"}, {"asset_id": "3251388863389975471742964724958547084497786463876369083151932161056958100090", "price": "0.99", "size": "100", "side": "SELL", "hash": "8f0c340c1666466f02920644a8f1078a2eec904c", "best_bid": "0.02", "best_ask": "0.96"}], "timestamp": "1769384599491", "event_type": "price_change"}}
{"_local_timestamp": "2026-01-25T23:43:19.568159+00:00", "data": {"market": "0x912499ef292b464c77eba47c1e035b6e2e189b8461ebc760a195e60fc056bf61", "price_changes": [{"asset_id": "68550050804063613863652020225041771492519892531244802766407559573801131890615", "price": "0.02", "size": "25", "side": "BUY", "hash": "9d98db49c7d9c3b8fd436b920fca54104bdabe7d", "best_bid": "0.04", "best_ask": "0.98"}, {"asset_id": "3251388863389975471742964724958547084497786463876369083151932161056958100090", "price": "0.98", "size": "25", "side": "SELL", "hash": "1c90058c2a1f0796831da58675749cb14dc08ab5", "best_bid": "0.02", "best_ask": "0.96"}], "timestamp": "1769384599493", "event_type": "price_change"}}
{"_local_timestamp": "2026-01-25T23:43:20.763049+00:00", "data": {"market": "0x912499ef292b464c77eba47c1e035b6e2e189b8461ebc760a195e60fc056bf61", "price_changes": [{"asset_id": "68550050804063613863652020225041771492519892531244802766407559573801131890615", "price": "0.04", "size": "0", "side": "BUY", "hash": "0344d950ca6160dae249dca0bdc61c04a567737f", "best_bid": "0.02", "best_ask": "0.98"}, {"asset_id": "3251388863389975471742964724958547084497786463876369083151932161056958100090", "price": "0.96", "size": "0", "side": "SELL", "hash": "ca20c27fad453befa012e020bf63cc2ceaa61098", "best_bid": "0.02", "best_ask": "0.98"}], "timestamp": "1769384600700", "event_type": "price_change"}}
{"_local_timestamp": "2026-01-25T23:43:20.875973+00:00", "data": {"market": "0x912499ef292b464c77eba47c1e035b6e2e189b8461ebc760a195e60fc056bf61", "price_changes": [{"asset_id": "68550050804063613863652020225041771492519892531244802766407559573801131890615", "price": "0.03", "size": "5.47", "side": "BUY", "hash": "e8efa1fe98669b52892b67d492701673c12ee5c1", "best_bid": "0.03", "best_ask": "0.98"}, {"asset_id": "3251388863389975471742964724958547084497786463876369083151932161056958100090", "price": "0.97", "size": "5.47", "side": "SELL", "hash": "15b106a262c015694244d067b5a924212c62c97d", "best_bid": "0.02", "best_ask": "0.97"}], "timestamp": "1769384600796", "event_type": "price_change"}}
