{"_local_timestamp": "2026-01-25T23:41:38.784163+00:00", "data": [{"market": "0x912499ef292b464c77eba47c1e035b6e2e189b8461ebc760a195e60fc056bf61", "asset_id": "3251388863389975471742964724958547084497786463876369083151932161056958100090", "timestamp": "1769383685179", "hash": "c045bfe7374ed71e286f6ab93b8dab65ff755f3f", "bids": [{"price": "0.01", "size": "85.01"}, {"price": "0.02", "size": "32.49"}], "asks": [{"price": "0.99", "size": "85.01"}, {"price": "0.98", "size": "16.65"}, {"price": "0.96", "size": "13.39"}], "event_type": "book", "last_trade_price": ""}, {"market": "0xcca015ef76e402f87761e28202d37afb41b575b477bf84123f9c582ad538bc6d", "asset_id": "38561966362747887972392402057334825738329899274742144017742207019601641124636", "timestamp": "1769383681364", "hash": "409fdae1468014d812f62bd11e364d94f52157cf", "bids": [{"price": "0.01", "size": "100"}, {"price": "0.02", "size": "25"}, {"price": "0.03", "size": "5.47"}], "asks": [{"price": "0.99", "size": "99.99"}, {"price": "0.98", "size": "25"}], "event_type": "book", "last_trade_price": ""}, {"market": "0xeff1f51b0945a2b40deefce34e0c80a4e49f9e460f7f3eefa67c085c33fa7a30", "asset_id": "6329853253364349542781448597977457623181979770854899741025686393721331726573", "timestamp": "1769383681364", "hash": "9417abdee74b62da15ce605a41b39df41d0ab795", "bids": [{"price": "0.01", "size": "99.99"}, {"price": "0.02", "size": "25"}], "asks": [{"price": "0.99", "size": "100"}, {"price": "0.98", "size": "25"}, {"price": "0.97", "size": "5.47"}], "event_type": "book", "last_trade_price": ""}, {"market": "0x912499ef292b464c77eba47c1e035b6e2e189b8461ebc760a195e60fc056bf61", "asset_id": "68550050804063613863652020225041771492519892531244802766407559573801131890615", "timestamp": "1769383685179", "hash": "bd153e93449413fcfbe34f0b64be48851fe6d6b4", "bids": [{"price": "0.01", "size": "85.01"}, {"price": "0.02", "size": "16.65"}, {"price": "0.04", "size": "13.39"}], "asks": [{"price": "0.99", "size": "85.01"}, {"price": "0.98", "size": "32.49"}], "event_type": "book", "last_trade_price": ""}, {"market": "0xcca015ef76e402f87761e28202d37afb41b575b477bf84123f9c582ad538bc6d", "asset_id": "21872347340448579348928608366649426152036829445284759195692869293166073003623", "timestamp": "1769383681364", "hash": "4d61d4af281beb6e1129f2ad778114a857476dd2", "bids": [{"price": "0.01", "size": "99.99"}, {"price": "0.02", "size": "25"}], "asks": [{"price": "0.99", "size": "100"}, {"price": "0.98", "size": "25"}, {"price": "0.97", "size": "5.47"}], "event_type": "book", "last_trade_price": ""}, {"market": "0x0d2de4258e889e724e6ee8c2d66ed9dbdea2e3125b0936c0afe3c10f99ebd989", "asset_id": "46842629762155231202206890518619257374358097907958010748898867220732255201368", "timestamp": "1769383680113", "hash": "f2905dc8f7dbf02dd415899202dc897a15e49b6a", "bids": [{"price": "0.01", "size": "85.01"}, {"price": "0.02", "size": "25"}], "asks": [{"price": "0.99", "size": "100"}, {"price": "0.98", "size": "25"}, {"price": "0.97", "size": "5.47"}], "event_type": "book", "last_trade_price": ""}, {"market": "0xa4c49fea7461fba7072f9ac79f5c58f505f9ccc8c6a16a961b0697c51364a0c8", "asset_id": "3346128884324174456332124541896908391411172100392594999266367758293284507098", "timestamp": "1769383680107", "hash": "9853f1f6ef233a9778bbe6ac01bc5e0b192b7a98", "bids": [{"price": "0.01", "size": "100"}, {"price": "0.02", "size": "25"}, {"price": "0.03", "size": "5.47"}], "asks": [{"price": "0.99", "size": "85.01"}, {"price": "0.98", "size": "25"}], "event_type": "book", "last_trade_price": ""}, {"market": "0x0d2de4258e889e724e6ee8c2d66ed9dbdea2e3125b0936c0afe3c10f99ebd989", "asset_id": "23912080596769078796744866535057731955326698788575741931732476841024500561873", "timestamp": "1769383680113", "hash": "4a258e392024edb463887423ae6f42289a350aa0", "bids": [{"price": "0.01", "size": "100"}, {"price": "0.02", "size": "25"}, {"price": "0.03", "size": "5.47"}], "asks": [{"price": "0.99", "size": "85.01"}, {"price": "0.98", "size": "25"}], "event_type": "book", "last_trade_price": ""}, {"market": "0xeff1f51b0945a2b40deefce34e0c80a4e49f9e460f7f3eefa67c085c33fa7a30", "asset_id": "105662040343631268791411555409536682530967034406088073721343505804771710576730", "timestamp": "1769383681364", "hash": "0dba372fbdf7271282f8bd20c606a4874864938d", "bids": [{"price": "0.01", "size": "100"}, {"price": "0.02", "size": "25"}, {"price": "0.03", "size": "5.47"}], "asks": [{"price": "0.99", "size": "99.99"}, {"price": "0.98", "size": "25"}], "event_type": "book", "last_trade_price": ""}, {"market": "0xa4c49fea7461fba7072f9ac79f5c58f505f9ccc8c6a16a961b0697c51364a0c8", "asset_id": "15289866204798143446755696937180557471265565209045074458341420645058444433829", "timestamp": "1769383680107", "hash": "677e3bb8ff0bcadbd13c5d502d599e79454c6ada", "bids": [{"price": "0.01", "size": "85.01"}, {"price": "0.02", "size": "25"}], "asks": [{"price": "0.99", "size": "100"}, {"price": "0.98", "size": "25"}, {"price": "0.97", "size": "5.47"}], "event_type": "book", "last_trade_price": ""}]}
