{"_local_timestamp": "2026-01-25T23:34:35.237849+00:00", "data": [{"market": "0x47fe14bcdf2ca05b55ddeda8e10d78b4a74507f17846a8cddf706544c2e6d57c", "asset_id": "63063077447258826069750798598090764008043208884890263082952650249362933281525", "timestamp": "1769382789280", "hash": "15a7580014de70d88dd9fef91be7a33039f58112", "bids": [{"price": "0.01", "size": "99.99"}, {"price": "0.02", "size": "25"}], "asks": [{"price": "0.99", "size": "99.99"}, {"price": "0.98", "size": "30.47"}], "event_type": "book", "last_trade_price": ""}, {"market": "0xf56a74fd86704fb81819a613c99245d0eab003e4b56065c7419f9011a892ccbe", "asset_id": "78533504879275486990927830578957366362345444529568578404343025893693236991376", "timestamp": "1769382792384", "hash": "a2155e07893faadd17b64ac849043dd2078c3713", "bids": [{"price": "0.01", "size": "99.99"}, {"price": "0.02", "size": "25"}], "asks": [{"price": "0.99", "size": "99.99"}, {"price": "0.98", "size": "30.47"}], "event_type": "book", "last_trade_price": ""}, {"market": "0x2e3cd28d5ec0d8adde051f86f516c186faa9940776fdee6f0e871143d6011b2f", "asset_id": "78094506843297683257566072318103318808872234878861337347835761564257463952363", "timestamp": "1769383685177", "hash": "26e76389d5a874ad20b92b7e2f9889a5165f7cd0", "bids": [{"price": "0.01", "size": "85.01"}, {"price": "0.02", "size": "32.49"}], "asks": [{"price": "0.99", "size": "99.99"}, {"price": "0.98", "size": "30.47"}], "event_type": "book", "last_trade_price": ""}, {"market": "0xf56a74fd86704fb81819a613c99245d0eab003e4b56065c7419f9011a892ccbe", "asset_id": "16609729717837373082816450834347716126279570453768652176898693967265448160418", "timestamp": "1769382792384", "hash": "6ea1d13cfb30f794032b3a523d1a6b81a27b34c8", "bids": [{"price": "0.01", "size": "99.99"}, {"price": "0.02", "size": "30.47"}], "asks": [{"price": "0.99", "size": "99.99"}, {"price": "0.98", "size": "25"}], "event_type": "book", "last_trade_price": ""}, {"market": "0x62546c0107977215249e7100d7c65511a9ef32c3f8ca280ad524bb694db538e8", "asset_id": "59194571402830128349993790171831065563568959905110454737106004676425997926411", "timestamp": "1769383685180", "hash": "94e5785c229c55efde692de55c9f4c07db030c7f", "bids": [{"price": "0.01", "size": "99.99"}, {"price": "0.02", "size": "30.47"}], "asks": [{"price": "0.99", "size": "85.01"}, {"price": "0.98", "size": "16.65"}, {"price": "0.97", "size": "10.56"}], "event_type": "book", "last_trade_price": ""}, {"market": "0xb76cea15da30911fd889d91fffc852e6c365aaa137676a74a379778bf646b23a", "asset_id": "72106226614653628697807051689788976693033784619854718872077223591549046016877", "timestamp": "1769383688200", "hash": "3efd2b9b6a7db9583f6e571d8b7a6364d0e4e014", "bids": [{"price": "0.01", "size": "85.01"}, {"price": "0.02", "size": "16.65"}, {"price": "0.04", "size": "7.92"}, {"price": "0.05", "size": "5.47"}], "asks": [{"price": "0.99", "size": "99.99"}, {"price": "0.98", "size": "25"}], "event_type": "book", "last_trade_price": ""}, {"market": "0x62546c0107977215249e7100d7c65511a9ef32c3f8ca280ad524bb694db538e8", "asset_id": "35869245828895786253451677241503320439526550777322080362740008636925497756391", "timestamp": "1769383685180", "hash": "fc5b2b7958a9a7985c90659c982a3db5eb50f089", "bids": [{"price": "0.01", "size": "85.01"}, {"price": "0.02", "size": "16.65"}, {"price": "0.03", "size": "10.56"}], "asks": [{"price": "0.99", "size": "99.99"}, {"price": "0.98", "size": "30.47"}], "event_type": "book", "last_trade_price": ""}, {"market": "0x2e3cd28d5ec0d8adde051f86f516c186faa9940776fdee6f0e871143d6011b2f", "asset_id": "11769424326793048269997185622651321633866790636070317059366785050631654882089", "timestamp": "1769383685177", "hash": "b5918cc541a3f1eab0ba3262ccfaed21db154423", "bids": [{"price": "0.01", "size": "99.99"}, {"price": "0.02", "size": "30.47"}], "asks": [{"price": "0.99", "size": "85.01"}, {"price": "0.98", "size": "32.49"}], "event_type": "book", "last_trade_price": ""}, {"market": "0x47fe14bcdf2ca05b55ddeda8e10d78b4a74507f17846a8cddf706544c2e6d57c", "asset_id": "39148506801337569911642769743484666384464748884304316390278457845315873827872", "timestamp": "1769382789280", "hash": "ff32339ea6e56164a6dea45ca40ad06f6d6e3aa9", "bids": [{"price": "0.01", "size": "99.99"}, {"price": "0.02", "size": "30.47"}], "asks": [{"price": "0.99", "size": "99.99"}, {"price": "0.98", "size": "25"}], "event_type": "book", "last_trade_price": ""}, {"market": "0xb76cea15da30911fd889d91fffc852e6c365aaa137676a74a379778bf646b23a", "asset_id": "100624197530405089237965088525901935278806001525073369230659944347910784112217", "timestamp": "1769383688200", "hash": "304b765f0af2a3368593da947edf5198ae19a271", "bids": [{"price": "0.01", "size": "99.99"}, {"price": "0.02", "size": "25"}], "asks": [{"price": "0.99", "size": "85.01"}, {"price": "0.98", "size": "16.65"}, {"price": "0.96", "size": "7.92"}, {"price": "0.95", "size": "5.47"}], "event_type": "book", "last_trade_price": ""}]}
