{"_local_timestamp": "2026-01-25T23:41:38.530925+00:00", "data": [{"market": "0xef8a209f6379757a2d7dd43c5bed321b86e81eb0d4cc61159ad018c1bab23ec3", "asset_id": "85922132665540968155652830509216195106470150400763849506682465440259251564058", "timestamp": "1769383685177", "hash": "ee83235d6011aebd98458785f913925d5ac55e6e", "bids": [{"price": "0.01", "size": "73.4"}, {"price": "0.02", "size": "111.1"}, {"price": "0.03", "size": "22.26"}], "asks": [{"price": "0.99", "size": "82.82"}, {"price": "0.98", "size": "100.12"}, {"price": "0.97", "size": "16.98"}], "event_type": "book", "last_trade_price": ""}, {"market": "0x21e0f2fb9229c3775dc2fe18a455609e97eb11a3718220b78b203bd15b60be05", "asset_id": "69183381779331463051497925186087125821227778754729090541084754304182989503406", "timestamp": "1769382792945", "hash": "fb1f60a2aac5ac66921a0b0a1ff448a944d65907", "bids": [{"price": "0.01", "size": "102.08"}, {"price": "0.02", "size": "23.96"}], "asks": [{"price": "0.99", "size": "73.72"}, {"price": "0.98", "size": "112.08"}, {"price": "0.97", "size": "22.84"}], "event_type": "book", "last_trade_price": ""}, {"market": "0x577dba55ce669d104a359809edf52ecb59f354372108f9d69ff8a14bb5990f0a", "asset_id": "83331065324511782903320003449316562860161625278972625725973879789443670307767", "timestamp": "1769383685178", "hash": "c5d65f98289f492714e88640f9fe460e2df076d2", "bids": [{"price": "0.01", "size": "82.82"}, {"price": "0.02", "size": "100.12"}, {"price": "0.03", "size": "16.98"}], "asks": [{"price": "0.99", "size": "73.72"}, {"price": "0.98", "size": "112.08"}, {"price": "0.97", "size": "22.84"}], "event_type": "book", "last_trade_price": ""}, {"market": "0x8d1f221c837a2a77f8e8fd5828c0adb2cb53149ee6325daaf501f5fbe99d4087", "asset_id": "65072455450733286331230598650428595089199224544901942312660248368390347906115", "timestamp": "1769382792384", "hash": "eef74a458ed85f071e9770e36b56d562e1126980", "bids": [{"price": "0.01", "size": "73.09"}, {"price": "0.02", "size": "111.21"}, {"price": "0.03", "size": "22.96"}], "asks": [{"price": "0.99", "size": "99.99"}, {"price": "0.98", "size": "25"}], "event_type": "book", "last_trade_price": ""}, {"market": "0x52122e3a9be123b0e4a875c2fc4db41c87348c1c79f2b81164bb971c7af7a57c", "asset_id": "109847085670272096801514637524318897375960985234453839319871824093742715753961", "timestamp": "1769383685177", "hash": "80a72d281c930c808653bce9aea6d16ed6c2e992", "bids": [{"price": "0.01", "size": "100"}, {"price": "0.02", "size": "24.99"}, {"price": "0.03", "size": "5.47"}], "asks": [{"price": "0.99", "size": "82.82"}, {"price": "0.98", "size": "100.12"}, {"price": "0.97", "size": "16.98"}], "event_type": "book", "last_trade_price": ""}, {"market": "0x577dba55ce669d104a359809edf52ecb59f354372108f9d69ff8a14bb5990f0a", "asset_id": "46052670927073562348762763869399055809205352730879171740786475744874295441068", "timestamp": "1769383685178", "hash": "219e5ac60ba78e53c5147f33dea3364fc9796b0e", "bids": [{"price": "0.01", "size": "73.72"}, {"price": "0.02", "size": "112.08"}, {"price": "0.03", "size": "22.84"}], "asks": [{"price": "0.99", "size": "82.82"}, {"price": "0.98", "size": "100.12"}, {"price": "0.97", "size": "16.98"}], "event_type": "book", "last_trade_price": ""}, {"market": "0xef8a209f6379757a2d7dd43c5bed321b86e81eb0d4cc61159ad018c1bab23ec3", "asset_id": "21744892488873127145893254354741530341255612411012688319016186779413551301967", "timestamp": "1769383685177", "hash": "98363011752e364590638e9dd906c2527fbef127", "bids": [{"price": "0.01", "size": "82.82"}, {"price": "0.02", "size": "100.12"}, {"price": "0.03", "size": "16.98"}], "asks": [{"price": "0.99", "size": "73.4"}, {"price": "0.98", "size": "111.1"}, {"price": "0.97", "size": "22.26"}], "event_type": "book", "last_trade_price": ""}, {"market": "0x52122e3a9be123b0e4a875c2fc4db41c87348c1c79f2b81164bb971c7af7a57c", "asset_id": "98168024581094278940888482335224915817877061000040255737167459798348428661744", "timestamp": "1769383685177", "hash": "5805d74c9b62aa11e06254258dfa775025b83551", "bids": [{"price": "0.01", "size": "82.82"}, {"price": "0.02", "size": "100.12"}, {"price": "0.03", "size": "16.98"}], "asks": [{"price": "0.99", "size": "100"}, {"price": "0.98", "size": "24.99"}, {"price": "0.97", "size": "5.47"}], "event_type": "book", "last_trade_price": ""}, {"market": "0x21e0f2fb9229c3775dc2fe18a455609e97eb11a3718220b78b203bd15b60be05", "asset_id": "65263471461646653392115963325905056964528001717442470832613048515076694545980", "timestamp": "1769382792945", "hash": "2ede9d9f2efa0e7f543657f8cb0a6f7f97b852ef", "bids": [{"price": "0.01", "size": "73.72"}, {"price": "0.02", "size": "112.08"}, {"price": "0.03", "size": "22.84"}], "asks": [{"price": "0.99", "size": "102.08"}, {"price": "0.98", "size": "23.96"}], "event_type": "book", "last_trade_price": ""}, {"market": "0x8d1f221c837a2a77f8e8fd5828c0adb2cb53149ee6325daaf501f5fbe99d4087", "asset_id": "17245759528864919607123742459801158714367266405306995895007836813885758269288", "timestamp": "1769382792384", "hash": "df9fbd7733732dcfd69f029e8b216f5e32d3585e", "bids": [{"price": "0.01", "size": "99.99"}, {"price": "0.02", "size": "25"}], "asks": [{"price": "0.99", "size": "73.09"}, {"price": "0.98", "size": "111.21"}, {"price": "0.97", "size": "22.96"}], "event_type": "book", "last_trade_price": ""}]}
{"_local_timestamp": "2026-01-25T23:43:22.190163+00:00", "data": {"market": "0xef8a209f6379757a2d7dd43c5bed321b86e81eb0d4cc61159ad018c1bab23ec3", "price_changes": [{"asset_id": "21744892488873127145893254354741530341255612411012688319016186779413551301967", "price": "0.01", "size": "50", "side": "BUY", "hash": "4dece509254dd67bf06cb6da24d0f3037ab54111", "best_bid": "0.03", "best_ask": "0.97"}, {"asset_id": "85922132665540968155652830509216195106470150400763849506682465440259251564058", "price": "0.99", "size": "50", "side": "SELL", "hash": "a4fb24af66d998e1a37db408059e2bec2bd6cb25", "best_bid": "0.03", "best_ask": "0.97"}], "timestamp": "1769384602050", "event_type": "price_change"}}
{"_local_timestamp": "2026-01-25T23:43:22.193197+00:00", "data": {"market": "0x52122e3a9be123b0e4a875c2fc4db41c87348c1c79f2b81164bb971c7af7a57c", "price_changes": [{"asset_id": "98168024581094278940888482335224915817877061000040255737167459798348428661744", "price": "0.01", "size": "50", "side": "BUY", "hash": "fe5e792dd6bd15321d832965466f543906241990", "best_bid": "0.03", "best_ask": "0.97"}, {"asset_id": "109847085670272096801514637524318897375960985234453839319871824093742715753961", "price": "0.99", "size": "50", "side": "SELL", "hash": "d94e01e319a4f405b9db3d7a7bd4b811ca11e4f1", "best_bid": "0.03", "best_ask": "0.97"}], "timestamp": "1769384602050", "event_type": "price_change"}}
{"_local_timestamp": "2026-01-25T23:43:22.193618+00:00", "data": {"market": "0x577dba55ce669d104a359809edf52ecb59f354372108f9d69ff8a14bb5990f0a", "price_changes": [{"asset_id": "83331065324511782903320003449316562860161625278972625725973879789443670307767", "price": "0.01", "size": "50", "side": "BUY", "hash": "5322ba293ef4e37401c5d303b99c757fa07a8718", "best_bid": "0.03", "best_ask": "0.97"}, {"asset_id": "46052670927073562348762763869399055809205352730879171740786475744874295441068", "price": "0.99", "size": "50", "side": "SELL", "hash": "62e908b25408e7fcd8a56a520e1ec3a433105036", "best_bid": "0.03", "best_ask": "0.97"}], "timestamp": "1769384602050", "event_type": "price_change"}}
{"_local_timestamp": "2026-01-25T23:43:23.990247+00:00", "data": {"market": "0x52122e3a9be123b0e4a875c2fc4db41c87348c1c79f2b81164bb971c7af7a57c", "price_changes": [{"asset_id": "98168024581094278940888482335224915817877061000040255737167459798348428661744", "price": "0.01", "size": "82.82", "side": "BUY", "hash": "d2098e3f5875341fb15eb78862a5dfa85a214629", "best_bid": "0.03", "best_ask": "0.97"}, {"asset_id": "109847085670272096801514637524318897375960985234453839319871824093742715753961", "price": "0.99", "size": "82.82", "side": "SELL", "hash": "5c37af7ce455d0e0e50039f316d9d7e864aaf842", "best_bid": "0.03", "best_ask": "0.97"}], "timestamp": "1769384603845", "event_type": "price_change"}}
{"_local_timestamp": "2026-01-25T23:43:23.990655+00:00", "data": {"market": "0xef8a209f6379757a2d7dd43c5bed321b86e81eb0d4cc61159ad018c1bab23ec3", "price_changes": [{"asset_id": "21744892488873127145893254354741530341255612411012688319016186779413551301967", "price": "0.01", "size": "82.82", "side": "BUY", "hash": "ce671dcfd229eed868b50b018577f83ca8c63fe7", "best_bid": "0.03", "best_ask": "0.97"}, {"asset_id": "85922132665540968155652830509216195106470150400763849506682465440259251564058", "price": "0.99", "size": "82.82", "side": "SELL", "hash": "c901929882a4b80c027e7418f90f9556a927b1ee", "best_bid": "0.03", "best_ask": "0.97"}], "timestamp": "1769384603845", "event_type": "price_change"}}
{"_local_timestamp": "2026-01-25T23:43:23.990989+00:00", "data": {"market": "0x577dba55ce669d104a359809edf52ecb59f354372108f9d69ff8a14bb5990f0a", "price_changes": [{"asset_id": "83331065324511782903320003449316562860161625278972625725973879789443670307767", "price": "0.01", "size": "82.82", "side": "BUY", "hash": "03ebbceea5b1bcb4ac419b327a824e6d30baaa00", "best_bid": "0.03", "best_ask": "0.97"}, {"asset_id": "46052670927073562348762763869399055809205352730879171740786475744874295441068", "price": "0.99", "size": "82.82", "side": "SELL", "hash": "6521dc8f87c34fa3b5db15649774e037c0347e40", "best_bid": "0.03", "best_ask": "0.97"}], "timestamp": "1769384603846", "event_type": "price_change"}}
