{"_local_timestamp": "2026-01-25T23:34:19.877439+00:00", "data": [{"market": "0xf197a26fc9a836609c70884e6ac011a6fe7c9d4244e85939aad9107d11a354d5", "asset_id": "78282528752118651674066199150192520770961153480405695173737134833478880578195", "timestamp": "1769384058732", "hash": "fc95c918754aac3a74d8642b7690ebfd2b56768e", "bids": [{"price": "0.01", "size": "500.04"}, {"price": "0.03", "size": "1000"}, {"price": "0.04", "size": "5.14"}, {"price": "0.08", "size": "500"}, {"price": "0.09", "size": "7.15"}, {"price": "0.16", "size": "500"}, {"price": "0.18", "size": "200"}, {"price": "0.19", "size": "125"}, {"price": "0.21", "size": "75"}, {"price": "0.22", "size": "99"}, {"price": "0.5", "size": "10"}, {"price": "0.51", "size": "9.8"}, {"price": "0.52", "size": "150"}], "asks": [{"price": "0.99", "size": "98.22"}, {"price": "0.98", "size": "312.52"}, {"price": "0.97", "size": "400"}, {"price": "0.96", "size": "5.66"}, {"price": "0.95", "size": "60"}, {"price": "0.94", "size": "6.51"}, {"price": "0.93", "size": "5.47"}, {"price": "0.92", "size": "150"}], "event_type": "book", "last_trade_price": ""}, {"market": "0xf197a26fc9a836609c70884e6ac011a6fe7c9d4244e85939aad9107d11a354d5", "asset_id": "47421448820642781216315250895176381947790778349943722232309557179499981196855", "timestamp": "1769384058732", "hash": "2437d52369f43d3cb5f632a8d5f59da6f2b50b0f", "bids": [{"price": "0.01", "size": "98.22"}, {"price": "0.02", "size": "312.52"}, {"price": "0.03", "size": "400"}, {"price": "0.04", "size": "5.66"}, {"price": "0.05", "size": "60"}, {"price": "0.06", "size": "6.51"}, {"price": "0.07", "size": "5.47"}, {"price": "0.08", "size": "150"}], "asks": [{"price": "0.99", "size": "500.04"}, {"price": "0.97", "size": "1000"}, {"price": "0.96", "size": "5.14"}, {"price": "0.92", "size": "500"}, {"price": "0.91", "size": "7.15"}, {"price": "0.84", "size": "500"}, {"price": "0.82", "size": "200"}, {"price": "0.81", "size": "125"}, {"price": "0.79", "size": "75"}, {"price": "0.78", "size": "99"}, {"price": "0.5", "size": "10"}, {"price": "0.49", "size": "9.8"}, {"price": "0.48", "size": "150"}], "event_type": "book", "last_trade_price": ""}]}
{"_local_timestamp": "2026-01-25T23:34:44.652202+00:00", "data": {"market": "0xf197a26fc9a836609c70884e6ac011a6fe7c9d4244e85939aad9107d11a354d5", "price_changes": [{"asset_id": "78282528752118651674066199150192520770961153480405695173737134833478880578195", "price": "0.51", "size": "0", "side": "BUY", "hash": "613fcc70a8372189c4ad8d31406b4ff2b60e9681", "best_bid": "0.52", "best_ask": "0.92"}, {"asset_id": "47421448820642781216315250895176381947790778349943722232309557179499981196855", "price": "0.49", "size": "0", "side": "SELL", "hash": "761d58ff9cf7551a755f5c0f0222d7eab3de09c4", "best_bid": "0.08", "best_ask": "0.48"}], "timestamp": "1769384084582", "event_type": "price_change"}}
{"_local_timestamp": "2026-01-25T23:34:44.714546+00:00", "data": {"market": "0xf197a26fc9a836609c70884e6ac011a6fe7c9d4244e85939aad9107d11a354d5", "price_changes": [{"asset_id": "78282528752118651674066199150192520770961153480405695173737134833478880578195", "price": "0.53", "size": "9.43", "side": "BUY", "hash": "cfa183f26805ece1daf2f1cd374fd12d1156588a", "best_bid": "0.53", "best_ask": "0.92"}, {"asset_id": "47421448820642781216315250895176381947790778349943722232309557179499981196855", "price": "0.47", "size": "9.43", "side": "SELL", "hash": "6f358647beeb541ebdab9e793cc72d205a504e38", "best_bid": "0.08", "best_ask": "0.47"}], "timestamp": "1769384084643", "event_type": "price_change"}}
{"_local_timestamp": "2026-01-25T23:34:46.578108+00:00", "data": {"market": "0xf197a26fc9a836609c70884e6ac011a6fe7c9d4244e85939aad9107d11a354d5", "price_changes": [{"asset_id": "78282528752118651674066199150192520770961153480405695173737134833478880578195", "price": "0.52", "size": "0", "side": "BUY", "hash": "0439a8b1741db8f89f4b47889207c53e3db07132", "best_bid": "0.53", "best_ask": "0.92"}, {"asset_id": "47421448820642781216315250895176381947790778349943722232309557179499981196855", "price": "0.48", "size": "0", "side": "SELL", "hash": "234944935073504b2b690509669e5f072ac71830", "best_bid": "0.08", "best_ask": "0.47"}], "timestamp": "1769384086500", "event_type": "price_change"}}
{"_local_timestamp": "2026-01-25T23:34:46.837263+00:00", "data": {"market": "0xf197a26fc9a836609c70884e6ac011a6fe7c9d4244e85939aad9107d11a354d5", "price_changes": [{"asset_id": "78282528752118651674066199150192520770961153480405695173737134833478880578195", "price": "0.54", "size": "150", "side": "BUY", "hash": "8379b9839a912e7aafb145c689a4bc1e200055c6", "best_bid": "0.54", "best_ask": "0.92"}, {"asset_id": "47421448820642781216315250895176381947790778349943722232309557179499981196855", "price": "0.46", "size": "150", "side": "SELL", "hash": "a08ac9bba1dece83404fa8c3d6fa49aebad04c22", "best_bid": "0.08", "best_ask": "0.46"}], "timestamp": "1769384086774", "event_type": "price_change"}}
{"_local_timestamp": "2026-01-25T23:35:12.280618+00:00", "data": {"market": "0xf197a26fc9a836609c70884e6ac011a6fe7c9d4244e85939aad9107d11a354d5", "price_changes": [{"asset_id": "78282528752118651674066199150192520770961153480405695173737134833478880578195", "price": "0.53", "size": "0", "side": "BUY", "hash": "17df3ba86b3b24e669949bbf32fd2dfa49e0c91e", "best_bid": "0.54", "best_ask": "0.92"}, {"asset_id": "47421448820642781216315250895176381947790778349943722232309557179499981196855", "price": "0.47", "size": "0", "side": "SELL", "hash": "667e7e0f8d5a50faaf5106c258b47f7d75adc1d1", "best_bid": "0.08", "best_ask": "0.46"}], "timestamp": "1769384112211", "event_type": "price_change"}}
{"_local_timestamp": "2026-01-25T23:35:12.335775+00:00", "data": {"market": "0xf197a26fc9a836609c70884e6ac011a6fe7c9d4244e85939aad9107d11a354d5", "price_changes": [{"asset_id": "78282528752118651674066199150192520770961153480405695173737134833478880578195", "price": "0.55", "size": "9.09", "side": "BUY", "hash": "3a61885fad7735989d6baa8ac69f4dfdbef6398c", "best_bid": "0.55", "best_ask": "0.92"}, {"asset_id": "47421448820642781216315250895176381947790778349943722232309557179499981196855", "price": "0.45", "size": "9.09", "side": "SELL", "hash": "731cf9e2610e58569457086ebdc668ac01f983ad", "best_bid": "0.08", "best_ask": "0.45"}], "timestamp": "1769384112265", "event_type": "price_change"}}
{"_local_timestamp": "2026-01-25T23:35:14.521448+00:00", "data": {"market": "0xf197a26fc9a836609c70884e6ac011a6fe7c9d4244e85939aad9107d11a354d5", "price_changes": [{"asset_id": "78282528752118651674066199150192520770961153480405695173737134833478880578195", "price": "0.54", "size": "0", "side": "BUY", "hash": "ceb710ed91bd6b60009e41a0d1fe2744242e1d94", "best_bid": "0.55", "best_ask": "0.92"}, {"asset_id": "47421448820642781216315250895176381947790778349943722232309557179499981196855", "price": "0.46", "size": "0", "side": "SELL", "hash": "d8b19912ebae84ba605783c3c8ff0b8b19fb570c", "best_bid": "0.08", "best_ask": "0.45"}], "timestamp": "1769384114452", "event_type": "price_change"}}
{"_local_timestamp": "2026-01-25T23:35:14.889872+00:00", "data": {"market": "0xf197a26fc9a836609c70884e6ac011a6fe7c9d4244e85939aad9107d11a354d5", "price_changes": [{"asset_id": "78282528752118651674066199150192520770961153480405695173737134833478880578195", "price": "0.56", "size": "150", "side": "BUY", "hash": "68970e144bdbbec4c5b0430716af836c4bf7e220", "best_bid": "0.56", "best_ask": "0.92"}, {"asset_id": "47421448820642781216315250895176381947790778349943722232309557179499981196855", "price": "0.44", "size": "150", "side": "SELL", "hash": "e0ba269aa99c0c064e10146b426d638d1e03b0f1", "best_bid": "0.08", "best_ask": "0.44"}], "timestamp": "1769384114820", "event_type": "price_change"}}
{"_local_timestamp": "2026-01-25T23:35:39.931992+00:00", "data": {"market": "0xf197a26fc9a836609c70884e6ac011a6fe7c9d4244e85939aad9107d11a354d5", "price_changes": [{"asset_id": "78282528752118651674066199150192520770961153480405695173737134833478880578195", "price": "0.55", "size": "0", "side": "BUY", "hash": "7a9b2ff43f91a4f569e3c5e1b236b93776ece3bf", "best_bid": "0.56", "best_ask": "0.92"}, {"asset_id": "47421448820642781216315250895176381947790778349943722232309557179499981196855", "price": "0.45", "size": "0", "side": "SELL", "hash": "a1aead2f444918f672580e981677c393193682ac", "best_bid": "0.08", "best_ask": "0.44"}], "timestamp": "1769384139848", "event_type": "price_change"}}
{"_local_timestamp": "2026-01-25T23:35:39.980337+00:00", "data": {"market": "0xf197a26fc9a836609c70884e6ac011a6fe7c9d4244e85939aad9107d11a354d5", "price_changes": [{"asset_id": "78282528752118651674066199150192520770961153480405695173737134833478880578195", "price": "0.57", "size": "8.77", "side": "BUY", "hash": "13b404f923202c4ae1e81078613f6c78bd8e7b26", "best_bid": "0.57", "best_ask": "0.92"}, {"asset_id": "47421448820642781216315250895176381947790778349943722232309557179499981196855", "price": "0.43", "size": "8.77", "side": "SELL", "hash": "fc49820b2ab4711e449e8075e500365ec2cd69d0", "best_bid": "0.08", "best_ask": "0.43"}], "timestamp": "1769384139911", "event_type": "price_change"}}
{"_local_timestamp": "2026-01-25T23:35:41.708446+00:00", "data": {"market": "0xf197a26fc9a836609c70884e6ac011a6fe7c9d4244e85939aad9107d11a354d5", "price_changes": [{"asset_id": "78282528752118651674066199150192520770961153480405695173737134833478880578195", "price": "0.56", "size": "0", "side": "BUY", "hash": "5adead865de5aee4151431c477d90f2aa2f43c48", "best_bid": "0.57", "best_ask": "0.92"}, {"asset_id": "47421448820642781216315250895176381947790778349943722232309557179499981196855", "price": "0.44", "size": "0", "side": "SELL", "hash": "ec10b992db94ae06cea68dc76016038ed491bceb", "best_bid": "0.08", "best_ask": "0.43"}], "timestamp": "1769384141638", "event_type": "price_change"}}
{"_local_timestamp": "2026-01-25T23:35:42.188904+00:00", "data": {"market": "0xf197a26fc9a836609c70884e6ac011a6fe7c9d4244e85939aad9107d11a354d5", "price_changes": [{"asset_id": "78282528752118651674066199150192520770961153480405695173737134833478880578195", "price": "0.57", "size": "158.77", "side": "BUY", "hash": "16216fb9354ddeee224aeeb51beb397ee345c72b", "best_bid": "0.57", "best_ask": "0.92"}, {"asset_id": "47421448820642781216315250895176381947790778349943722232309557179499981196855", "price": "0.43", "size": "158.77", "side": "SELL", "hash": "e34bc8bbe09879c39d713a82acb7ec2f672c1199", "best_bid": "0.08", "best_ask": "0.43"}], "timestamp": "1769384142102", "event_type": "price_change"}}
{"_local_timestamp": "2026-01-25T23:36:07.747025+00:00", "data": {"market": "0xf197a26fc9a836609c70884e6ac011a6fe7c9d4244e85939aad9107d11a354d5", "price_changes": [{"asset_id": "78282528752118651674066199150192520770961153480405695173737134833478880578195", "price": "0.57", "size": "150", "side": "BUY", "hash": "d762ff2d064a740f9232ee76573eac4514b2e523", "best_bid": "0.57", "best_ask": "0.92"}, {"asset_id": "47421448820642781216315250895176381947790778349943722232309557179499981196855", "price": "0.43", "size": "150", "side": "SELL", "hash": "c8bc8e2a8be4486868002c7f7db4cbd1377bf67d", "best_bid": "0.08", "best_ask": "0.43"}], "timestamp": "1769384167664", "event_type": "price_change"}}
{"_local_timestamp": "2026-01-25T23:36:07.837137+00:00", "data": {"market": "0xf197a26fc9a836609c70884e6ac011a6fe7c9d4244e85939aad9107d11a354d5", "price_changes": [{"asset_id": "78282528752118651674066199150192520770961153480405695173737134833478880578195", "price": "0.51", "size": "9.8", "side": "BUY", "hash": "260d008ba8c218b12fd0e3ef2f6d11fe7dce6bdc", "best_bid": "0.57", "best_ask": "0.92"}, {"asset_id": "47421448820642781216315250895176381947790778349943722232309557179499981196855", "price": "0.49", "size": "9.8", "side": "SELL", "hash": "0d28283c3529a67de6ede006c11fcfa2272e1811", "best_bid": "0.08", "best_ask": "0.43"}], "timestamp": "1769384167763", "event_type": "price_change"}}
{"_local_timestamp": "2026-01-25T23:36:09.435570+00:00", "data": {"market": "0xf197a26fc9a836609c70884e6ac011a6fe7c9d4244e85939aad9107d11a354d5", "price_changes": [{"asset_id": "78282528752118651674066199150192520770961153480405695173737134833478880578195", "price": "0.57", "size": "0", "side": "BUY", "hash": "686ec2b142b5a92fd730f1a4a54eb7e697df2ac6", "best_bid": "0.51", "best_ask": "0.92"}, {"asset_id": "47421448820642781216315250895176381947790778349943722232309557179499981196855", "price": "0.43", "size": "0", "side": "SELL", "hash": "4b353edf5e2f41d2261c6e97bbb14b76362b90c6", "best_bid": "0.08", "best_ask": "0.49"}], "timestamp": "1769384169364", "event_type": "price_change"}}
{"_local_timestamp": "2026-01-25T23:36:09.831230+00:00", "data": {"market": "0xf197a26fc9a836609c70884e6ac011a6fe7c9d4244e85939aad9107d11a354d5", "price_changes": [{"asset_id": "78282528752118651674066199150192520770961153480405695173737134833478880578195", "price": "0.52", "size": "150", "side": "BUY", "hash": "35033cae49ca77f022161f5baae9d2a39d19d444", "best_bid": "0.52", "best_ask": "0.92"}, {"asset_id": "47421448820642781216315250895176381947790778349943722232309557179499981196855", "price": "0.48", "size": "150", "side": "SELL", "hash": "db2dc4c0754ebd7a07a9e55cf7b4f3a4b457434c", "best_bid": "0.08", "best_ask": "0.48"}], "timestamp": "1769384169762", "event_type": "price_change"}}
{"_local_timestamp": "2026-01-25T23:36:35.312952+00:00", "data": {"market": "0xf197a26fc9a836609c70884e6ac011a6fe7c9d4244e85939aad9107d11a354d5", "price_changes": [{"asset_id": "78282528752118651674066199150192520770961153480405695173737134833478880578195", "price": "0.51", "size": "0", "side": "BUY", "hash": "5142eb28829aeac0294f817a6144e6aa05307062", "best_bid": "0.52", "best_ask": "0.92"}, {"asset_id": "47421448820642781216315250895176381947790778349943722232309557179499981196855", "price": "0.49", "size": "0", "side": "SELL", "hash": "5f87071fe0881bea3d16142a2a9b843ee145172b", "best_bid": "0.08", "best_ask": "0.48"}], "timestamp": "1769384195247", "event_type": "price_change"}}
{"_local_timestamp": "2026-01-25T23:36:35.370331+00:00", "data": {"market": "0xf197a26fc9a836609c70884e6ac011a6fe7c9d4244e85939aad9107d11a354d5", "price_changes": [{"asset_id": "78282528752118651674066199150192520770961153480405695173737134833478880578195", "price": "0.53", "size": "9.43", "side": "BUY", "hash": "49886f8fe50dd3875ccf795f4de12fd51f6e4b9a", "best_bid": "0.53", "best_ask": "0.92"}, {"asset_id": "47421448820642781216315250895176381947790778349943722232309557179499981196855", "price": "0.47", "size": "9.43", "side": "SELL", "hash": "6ad468de72033467b272a43d1d78a98b3f0fa579", "best_bid": "0.08", "best_ask": "0.47"}], "timestamp": "1769384195305", "event_type": "price_change"}}
{"_local_timestamp": "2026-01-25T23:36:36.726513+00:00", "data": {"market": "0xf197a26fc9a836609c70884e6ac011a6fe7c9d4244e85939aad9107d11a354d5", "price_changes": [{"asset_id": "78282528752118651674066199150192520770961153480405695173737134833478880578195", "price": "0.52", "size": "0", "side": "BUY", "hash": "b19500a56c9fac9f647051883cfcc7ac1b4aeb39", "best_bid": "0.53", "best_ask": "0.92"}, {"asset_id": "47421448820642781216315250895176381947790778349943722232309557179499981196855", "price": "0.48", "size": "0", "side": "SELL", "hash": "aadd464ca139a8aa1b14d9cdc2364a3d63c3a818", "best_bid": "0.08", "best_ask": "0.47"}], "timestamp": "1769384196636", "event_type": "price_change"}}
{"_local_timestamp": "2026-01-25T23:36:37.153283+00:00", "data": {"market": "0xf197a26fc9a836609c70884e6ac011a6fe7c9d4244e85939aad9107d11a354d5", "price_changes": [{"asset_id": "78282528752118651674066199150192520770961153480405695173737134833478880578195", "price": "0.54", "size": "150", "side": "BUY", "hash": "dec22e0e5f858b1a098e14786990daec30be3bca", "best_bid": "0.54", "best_ask": "0.92"}, {"asset_id": "47421448820642781216315250895176381947790778349943722232309557179499981196855", "price": "0.46", "size": "150", "side": "SELL", "hash": "18f6ce834b2586cba573fea157594c2c60932565", "best_bid": "0.08", "best_ask": "0.46"}], "timestamp": "1769384197032", "event_type": "price_change"}}
{"_local_timestamp": "2026-01-25T23:37:03.216596+00:00", "data": {"market": "0xf197a26fc9a836609c70884e6ac011a6fe7c9d4244e85939aad9107d11a354d5", "price_changes": [{"asset_id": "78282528752118651674066199150192520770961153480405695173737134833478880578195", "price": "0.53", "size": "0", "side": "BUY", "hash": "e6557b9c4fc655143665c99f561d82f318c039c6", "best_bid": "0.54", "best_ask": "0.92"}, {"asset_id": "47421448820642781216315250895176381947790778349943722232309557179499981196855", "price": "0.47", "size": "0", "side": "SELL", "hash": "029069b5fe799f1a3d22b247c52c9025cff39af5", "best_bid": "0.08", "best_ask": "0.46"}], "timestamp": "1769384223048", "event_type": "price_change"}}
{"_local_timestamp": "2026-01-25T23:37:03.276664+00:00", "data": {"market": "0xf197a26fc9a836609c70884e6ac011a6fe7c9d4244e85939aad9107d11a354d5", "price_changes": [{"asset_id": "78282528752118651674066199150192520770961153480405695173737134833478880578195", "price": "0.55", "size": "9.09", "side": "BUY", "hash": "b1eae38b7e9c1ea3a16bc268808b3f802c4ade22", "best_bid": "0.55", "best_ask": "0.92"}, {"asset_id": "47421448820642781216315250895176381947790778349943722232309557179499981196855", "price": "0.45", "size": "9.09", "side": "SELL", "hash": "6854c7ca2e5a36b402dbc322b5f58ab604535f66", "best_bid": "0.08", "best_ask": "0.45"}], "timestamp": "1769384223103", "event_type": "price_change"}}
{"_local_timestamp": "2026-01-25T23:37:04.097428+00:00", "data": {"market": "0xf197a26fc9a836609c70884e6ac011a6fe7c9d4244e85939aad9107d11a354d5", "price_changes": [{"asset_id": "78282528752118651674066199150192520770961153480405695173737134833478880578195", "price": "0.54", "size": "0", "side": "BUY", "hash": "e43ff092381e8c378e2628eb74c1e89801bb3456", "best_bid": "0.55", "best_ask": "0.92"}, {"asset_id": "47421448820642781216315250895176381947790778349943722232309557179499981196855", "price": "0.46", "size": "0", "side": "SELL", "hash": "04a879f321840a2ae7f3625cc62fd7ce4bc0385e", "best_bid": "0.08", "best_ask": "0.45"}], "timestamp": "1769384223945", "event_type": "price_change"}}
{"_local_timestamp": "2026-01-25T23:37:04.434051+00:00", "data": {"market": "0xf197a26fc9a836609c70884e6ac011a6fe7c9d4244e85939aad9107d11a354d5", "price_changes": [{"asset_id": "78282528752118651674066199150192520770961153480405695173737134833478880578195", "price": "0.56", "size": "150", "side": "BUY", "hash": "688dab54e3ea0dfc9360b631de0e76144969d3ec", "best_bid": "0.56", "best_ask": "0.92"}, {"asset_id": "47421448820642781216315250895176381947790778349943722232309557179499981196855", "price": "0.44", "size": "150", "side": "SELL", "hash": "c876ac9e90696df827a307873339e2c95205d396", "best_bid": "0.08", "best_ask": "0.44"}], "timestamp": "1769384224268", "event_type": "price_change"}}
{"_local_timestamp": "2026-01-25T23:37:57.322933+00:00", "data": {"market": "0xf197a26fc9a836609c70884e6ac011a6fe7c9d4244e85939aad9107d11a354d5", "price_changes": [{"asset_id": "78282528752118651674066199150192520770961153480405695173737134833478880578195", "price": "0.55", "size": "0", "side": "BUY", "hash": "248f4b112bdd337d4f8688ac1ab874f15d6f5222", "best_bid": "0.56", "best_ask": "0.92"}, {"asset_id": "47421448820642781216315250895176381947790778349943722232309557179499981196855", "price": "0.45", "size": "0", "side": "SELL", "hash": "daf6313436d6756d211e6c7a79e1d9e16ed9b15c", "best_bid": "0.08", "best_ask": "0.44"}], "timestamp": "1769384277254", "event_type": "price_change"}}
{"_local_timestamp": "2026-01-25T23:37:57.354637+00:00", "data": {"market": "0xf197a26fc9a836609c70884e6ac011a6fe7c9d4244e85939aad9107d11a354d5", "price_changes": [{"asset_id": "78282528752118651674066199150192520770961153480405695173737134833478880578195", "price": "0.57", "size": "8.77", "side": "BUY", "hash": "e29da80b5b94e3016227b230f3b270f722c42952", "best_bid": "0.57", "best_ask": "0.92"}, {"asset_id": "47421448820642781216315250895176381947790778349943722232309557179499981196855", "price": "0.43", "size": "8.77", "side": "SELL", "hash": "6112912e0798180d0432f0f353ea82c608caf265", "best_bid": "0.08", "best_ask": "0.43"}], "timestamp": "1769384277284", "event_type": "price_change"}}
{"_local_timestamp": "2026-01-25T23:37:59.215223+00:00", "data": {"market": "0xf197a26fc9a836609c70884e6ac011a6fe7c9d4244e85939aad9107d11a354d5", "price_changes": [{"asset_id": "78282528752118651674066199150192520770961153480405695173737134833478880578195", "price": "0.56", "size": "0", "side": "BUY", "hash": "7760b55c804e1cb5f7f1e1dc55d3976599b12817", "best_bid": "0.57", "best_ask": "0.92"}, {"asset_id": "47421448820642781216315250895176381947790778349943722232309557179499981196855", "price": "0.44", "size": "0", "side": "SELL", "hash": "3d6a39e55ea27600c272b971ee1c0e3f2d45b54b", "best_bid": "0.08", "best_ask": "0.43"}], "timestamp": "1769384279145", "event_type": "price_change"}}
{"_local_timestamp": "2026-01-25T23:37:59.526664+00:00", "data": {"market": "0xf197a26fc9a836609c70884e6ac011a6fe7c9d4244e85939aad9107d11a354d5", "price_changes": [{"asset_id": "78282528752118651674066199150192520770961153480405695173737134833478880578195", "price": "0.57", "size": "158.77", "side": "BUY", "hash": "4c37ea2a4fb8fa214814ccb18b03aab0f2b867fa", "best_bid": "0.57", "best_ask": "0.92"}, {"asset_id": "47421448820642781216315250895176381947790778349943722232309557179499981196855", "price": "0.43", "size": "158.77", "side": "SELL", "hash": "cbf0cf121ca67eb28d52f9538b34262bd71478b8", "best_bid": "0.08", "best_ask": "0.43"}], "timestamp": "1769384279442", "event_type": "price_change"}}
{"_local_timestamp": "2026-01-25T23:38:24.835307+00:00", "data": {"market": "0xf197a26fc9a836609c70884e6ac011a6fe7c9d4244e85939aad9107d11a354d5", "price_changes": [{"asset_id": "78282528752118651674066199150192520770961153480405695173737134833478880578195", "price": "0.57", "size": "150", "side": "BUY", "hash": "bad2700321250c7bd7c7123265d27096b28017dd", "best_bid": "0.57", "best_ask": "0.92"}, {"asset_id": "47421448820642781216315250895176381947790778349943722232309557179499981196855", "price": "0.43", "size": "150", "side": "SELL", "hash": "ca423e1f6c27c0a048f5cd6bd2e5ae5cbe5420ff", "best_bid": "0.08", "best_ask": "0.43"}], "timestamp": "1769384304764", "event_type": "price_change"}}
{"_local_timestamp": "2026-01-25T23:38:24.927597+00:00", "data": {"market": "0xf197a26fc9a836609c70884e6ac011a6fe7c9d4244e85939aad9107d11a354d5", "price_changes": [{"asset_id": "78282528752118651674066199150192520770961153480405695173737134833478880578195", "price": "0.51", "size": "9.8", "side": "BUY", "hash": "d30c8e29a2496751f5fd7609bb6ed42e21d823bb", "best_bid": "0.57", "best_ask": "0.92"}, {"asset_id": "47421448820642781216315250895176381947790778349943722232309557179499981196855", "price": "0.49", "size": "9.8", "side": "SELL", "hash": "82e6706fe7eb167b3508073ce35805d89da1e5bd", "best_bid": "0.08", "best_ask": "0.43"}], "timestamp": "1769384304853", "event_type": "price_change"}}
{"_local_timestamp": "2026-01-25T23:38:26.757235+00:00", "data": {"market": "0xf197a26fc9a836609c70884e6ac011a6fe7c9d4244e85939aad9107d11a354d5", "price_changes": [{"asset_id": "78282528752118651674066199150192520770961153480405695173737134833478880578195", "price": "0.57", "size": "0", "side": "BUY", "hash": "6cc208cbd6aa0670ac737e47fabc541b12f19b31", "best_bid": "0.51", "best_ask": "0.92"}, {"asset_id": "47421448820642781216315250895176381947790778349943722232309557179499981196855", "price": "0.43", "size": "0", "side": "SELL", "hash": "e97949b2beb3fda61103137ebbe56b2bf81489ae", "best_bid": "0.08", "best_ask": "0.49"}], "timestamp": "1769384306687", "event_type": "price_change"}}
{"_local_timestamp": "2026-01-25T23:38:27.449631+00:00", "data": {"market": "0xf197a26fc9a836609c70884e6ac011a6fe7c9d4244e85939aad9107d11a354d5", "price_changes": [{"asset_id": "78282528752118651674066199150192520770961153480405695173737134833478880578195", "price": "0.52", "size": "150", "side": "BUY", "hash": "24e8aebad078f2c3a0aa756658a390b2f21b21f5", "best_bid": "0.52", "best_ask": "0.92"}, {"asset_id": "47421448820642781216315250895176381947790778349943722232309557179499981196855", "price": "0.48", "size": "150", "side": "SELL", "hash": "1a7d45de4c71849f8cadbf192397eccf4dc3258d", "best_bid": "0.08", "best_ask": "0.48"}], "timestamp": "1769384307365", "event_type": "price_change"}}
{"_local_timestamp": "2026-01-25T23:38:52.622507+00:00", "data": {"market": "0xf197a26fc9a836609c70884e6ac011a6fe7c9d4244e85939aad9107d11a354d5", "price_changes": [{"asset_id": "78282528752118651674066199150192520770961153480405695173737134833478880578195", "price": "0.51", "size": "0", "side": "BUY", "hash": "c3dff7ee6084c995a2dce84214f7ea87e94d9434", "best_bid": "0.52", "best_ask": "0.92"}, {"asset_id": "47421448820642781216315250895176381947790778349943722232309557179499981196855", "price": "0.49", "size": "0", "side": "SELL", "hash": "2e4f6e5c8f43419f9869018ddc1cda4f4ca0b612", "best_bid": "0.08", "best_ask": "0.48"}], "timestamp": "1769384332553", "event_type": "price_change"}}
{"_local_timestamp": "2026-01-25T23:38:52.648905+00:00", "data": {"market": "0xf197a26fc9a836609c70884e6ac011a6fe7c9d4244e85939aad9107d11a354d5", "price_changes": [{"asset_id": "78282528752118651674066199150192520770961153480405695173737134833478880578195", "price": "0.53", "size": "9.43", "side": "BUY", "hash": "834451d66ce378ab793c5898533150f7e6712122", "best_bid": "0.53", "best_ask": "0.92"}, {"asset_id": "47421448820642781216315250895176381947790778349943722232309557179499981196855", "price": "0.47", "size": "9.43", "side": "SELL", "hash": "6810cf6b3f9795384912de646798ad01b406a27e", "best_bid": "0.08", "best_ask": "0.47"}], "timestamp": "1769384332580", "event_type": "price_change"}}
{"_local_timestamp": "2026-01-25T23:38:56.201396+00:00", "data": {"market": "0xf197a26fc9a836609c70884e6ac011a6fe7c9d4244e85939aad9107d11a354d5", "price_changes": [{"asset_id": "78282528752118651674066199150192520770961153480405695173737134833478880578195", "price": "0.52", "size": "0", "side": "BUY", "hash": "a65116e9749bfb7356a997061f4e9a879f5a76df", "best_bid": "0.53", "best_ask": "0.92"}, {"asset_id": "47421448820642781216315250895176381947790778349943722232309557179499981196855", "price": "0.48", "size": "0", "side": "SELL", "hash": "ccf5b4d1940053225acba1324b6254ac47e22e84", "best_bid": "0.08", "best_ask": "0.47"}], "timestamp": "1769384336134", "event_type": "price_change"}}
{"_local_timestamp": "2026-01-25T23:38:56.671313+00:00", "data": {"market": "0xf197a26fc9a836609c70884e6ac011a6fe7c9d4244e85939aad9107d11a354d5", "price_changes": [{"asset_id": "78282528752118651674066199150192520770961153480405695173737134833478880578195", "price": "0.54", "size": "150", "side": "BUY", "hash": "13e24fe6ff6c1e39557270fc4983e5a790f23a6e", "best_bid": "0.54", "best_ask": "0.92"}, {"asset_id": "47421448820642781216315250895176381947790778349943722232309557179499981196855", "price": "0.46", "size": "150", "side": "SELL", "hash": "ae3649e3680b2da19e9d4b30ac8a3e48fc9442e4", "best_bid": "0.08", "best_ask": "0.46"}], "timestamp": "1769384336601", "event_type": "price_change"}}
{"_local_timestamp": "2026-01-25T23:39:20.092279+00:00", "data": {"market": "0xf197a26fc9a836609c70884e6ac011a6fe7c9d4244e85939aad9107d11a354d5", "price_changes": [{"asset_id": "78282528752118651674066199150192520770961153480405695173737134833478880578195", "price": "0.53", "size": "0", "side": "BUY", "hash": "4e0b51c7f39c58b8144f45fe1e348f044ef74c2b", "best_bid": "0.54", "best_ask": "0.92"}, {"asset_id": "47421448820642781216315250895176381947790778349943722232309557179499981196855", "price": "0.47", "size": "0", "side": "SELL", "hash": "ae018a032c3b4da3c5a1d776d86fb8bd2077d957", "best_bid": "0.08", "best_ask": "0.46"}], "timestamp": "1769384360013", "event_type": "price_change"}}
{"_local_timestamp": "2026-01-25T23:39:20.144649+00:00", "data": {"market": "0xf197a26fc9a836609c70884e6ac011a6fe7c9d4244e85939aad9107d11a354d5", "price_changes": [{"asset_id": "78282528752118651674066199150192520770961153480405695173737134833478880578195", "price": "0.55", "size": "9.09", "side": "BUY", "hash": "c065ca25583818d964bb5c49b9d313f10fe34630", "best_bid": "0.55", "best_ask": "0.92"}, {"asset_id": "47421448820642781216315250895176381947790778349943722232309557179499981196855", "price": "0.45", "size": "9.09", "side": "SELL", "hash": "37f903af5aa6f70adcfb7ab9045dc9525cf399f5", "best_bid": "0.08", "best_ask": "0.45"}], "timestamp": "1769384360071", "event_type": "price_change"}}
{"_local_timestamp": "2026-01-25T23:39:24.801369+00:00", "data": {"market": "0xf197a26fc9a836609c70884e6ac011a6fe7c9d4244e85939aad9107d11a354d5", "price_changes": [{"asset_id": "78282528752118651674066199150192520770961153480405695173737134833478880578195", "price": "0.54", "size": "0", "side": "BUY", "hash": "abfc16230596f3964d56dbbbf63fc90615816e34", "best_bid": "0.55", "best_ask": "0.92"}, {"asset_id": "47421448820642781216315250895176381947790778349943722232309557179499981196855", "price": "0.46", "size": "0", "side": "SELL", "hash": "e6789320e024c6da7c8a756109e3e09179907d22", "best_bid": "0.08", "best_ask": "0.45"}], "timestamp": "1769384364730", "event_type": "price_change"}}
{"_local_timestamp": "2026-01-25T23:39:25.445803+00:00", "data": {"market": "0xf197a26fc9a836609c70884e6ac011a6fe7c9d4244e85939aad9107d11a354d5", "price_changes": [{"asset_id": "78282528752118651674066199150192520770961153480405695173737134833478880578195", "price": "0.56", "size": "150", "side": "BUY", "hash": "64c4d71ee60f338dfc72222f9e343680a7184232", "best_bid": "0.56", "best_ask": "0.92"}, {"asset_id": "47421448820642781216315250895176381947790778349943722232309557179499981196855", "price": "0.44", "size": "150", "side": "SELL", "hash": "628eaab047789e86a660918d89f016bbf13cb3a1", "best_bid": "0.08", "best_ask": "0.44"}], "timestamp": "1769384365358", "event_type": "price_change"}}
{"_local_timestamp": "2026-01-25T23:39:47.574157+00:00", "data": {"market": "0xf197a26fc9a836609c70884e6ac011a6fe7c9d4244e85939aad9107d11a354d5", "price_changes": [{"asset_id": "78282528752118651674066199150192520770961153480405695173737134833478880578195", "price": "0.55", "size": "0", "side": "BUY", "hash": "208acfcdc6b93ee4249502ecddeb179e9c3981b3", "best_bid": "0.56", "best_ask": "0.92"}, {"asset_id": "47421448820642781216315250895176381947790778349943722232309557179499981196855", "price": "0.45", "size": "0", "side": "SELL", "hash": "988bc0167899ec1cffb1dcd5b559911aca7b625a", "best_bid": "0.08", "best_ask": "0.44"}], "timestamp": "1769384387507", "event_type": "price_change"}}
{"_local_timestamp": "2026-01-25T23:39:47.650722+00:00", "data": {"market": "0xf197a26fc9a836609c70884e6ac011a6fe7c9d4244e85939aad9107d11a354d5", "price_changes": [{"asset_id": "78282528752118651674066199150192520770961153480405695173737134833478880578195", "price": "0.57", "size": "8.77", "side": "BUY", "hash": "1d378adf891e9221dcd72d2589d460263b0c0d60", "best_bid": "0.57", "best_ask": "0.92"}, {"asset_id": "47421448820642781216315250895176381947790778349943722232309557179499981196855", "price": "0.43", "size": "8.77", "side": "SELL", "hash": "1bcc5cb1dd4693dbb95946dea7f60dd2a81788ea", "best_bid": "0.08", "best_ask": "0.43"}], "timestamp": "1769384387579", "event_type": "price_change"}}
{"_local_timestamp": "2026-01-25T23:39:53.168190+00:00", "data": {"market": "0xf197a26fc9a836609c70884e6ac011a6fe7c9d4244e85939aad9107d11a354d5", "price_changes": [{"asset_id": "78282528752118651674066199150192520770961153480405695173737134833478880578195", "price": "0.56", "size": "0", "side": "BUY", "hash": "e481bdbe8f53d83d0a2c415454cecd7f2fe34cac", "best_bid": "0.57", "best_ask": "0.92"}, {"asset_id": "47421448820642781216315250895176381947790778349943722232309557179499981196855", "price": "0.44", "size": "0", "side": "SELL", "hash": "184e176517c6d69ebfae96b2d90e7e0071de1649", "best_bid": "0.08", "best_ask": "0.43"}], "timestamp": "1769384393074", "event_type": "price_change"}}
{"_local_timestamp": "2026-01-25T23:39:53.389879+00:00", "data": {"market": "0xf197a26fc9a836609c70884e6ac011a6fe7c9d4244e85939aad9107d11a354d5", "price_changes": [{"asset_id": "78282528752118651674066199150192520770961153480405695173737134833478880578195", "price": "0.57", "size": "158.77", "side": "BUY", "hash": "b9f8113162ff698251426b4006335ed1803385c8", "best_bid": "0.57", "best_ask": "0.92"}, {"asset_id": "47421448820642781216315250895176381947790778349943722232309557179499981196855", "price": "0.43", "size": "158.77", "side": "SELL", "hash": "00a72642597b85c8e6a40f3b6e12531dec1088f4", "best_bid": "0.08", "best_ask": "0.43"}], "timestamp": "1769384393295", "event_type": "price_change"}}
{"_local_timestamp": "2026-01-25T23:40:10.300732+00:00", "data": {"market": "0xf197a26fc9a836609c70884e6ac011a6fe7c9d4244e85939aad9107d11a354d5", "price_changes": [{"asset_id": "78282528752118651674066199150192520770961153480405695173737134833478880578195", "price": "0.57", "size": "150", "side": "BUY", "hash": "550b23d9fd892f8eb895abce836aa202bec45e45", "best_bid": "0.57", "best_ask": "0.92"}, {"asset_id": "47421448820642781216315250895176381947790778349943722232309557179499981196855", "price": "0.43", "size": "150", "side": "SELL", "hash": "1eb17c3084e9dbce06b85f7cf3aa7d5c21a5e183", "best_bid": "0.08", "best_ask": "0.43"}], "timestamp": "1769384410231", "event_type": "price_change"}}
{"_local_timestamp": "2026-01-25T23:40:14.981381+00:00", "data": {"market": "0xf197a26fc9a836609c70884e6ac011a6fe7c9d4244e85939aad9107d11a354d5", "price_changes": [{"asset_id": "78282528752118651674066199150192520770961153480405695173737134833478880578195", "price": "0.57", "size": "0", "side": "BUY", "hash": "8408d1f51c0755bdae5290b50a2a841a29551a73", "best_bid": "0.5", "best_ask": "0.92"}, {"asset_id": "47421448820642781216315250895176381947790778349943722232309557179499981196855", "price": "0.43", "size": "0", "side": "SELL", "hash": "bb43da95b568ff18ee9ba15a147b93b8cd0556dd", "best_bid": "0.08", "best_ask": "0.5"}], "timestamp": "1769384414908", "event_type": "price_change"}}
{"_local_timestamp": "2026-01-25T23:40:15.302875+00:00", "data": {"market": "0xf197a26fc9a836609c70884e6ac011a6fe7c9d4244e85939aad9107d11a354d5", "price_changes": [{"asset_id": "78282528752118651674066199150192520770961153480405695173737134833478880578195", "price": "0.51", "size": "150", "side": "BUY", "hash": "97564ffad3888f189d5f8494ca0773f8a87b76d3", "best_bid": "0.51", "best_ask": "0.92"}, {"asset_id": "47421448820642781216315250895176381947790778349943722232309557179499981196855", "price": "0.49", "size": "150", "side": "SELL", "hash": "c90bb73fa706d21517375fcf99f245ac0b913797", "best_bid": "0.08", "best_ask": "0.49"}], "timestamp": "1769384415234", "event_type": "price_change"}}
