{"_local_timestamp": "2026-01-25T23:41:25.614697+00:00", "data": [{"market": "0xa8e633ac3b451f54400d4c474dadab8f670b80841833935494d11eceeb2f84f2", "asset_id": "44045709498058076163933355261283593934751144312343054233143295275867733458028", "timestamp": "1769383261770", "hash": "daa84c4d9692d9d746fb6a7e2576f9c65de284c0", "bids": [{"price": "0.01", "size": "490.39"}, {"price": "0.02", "size": "5"}, {"price": "0.03", "size": "1000"}, {"price": "0.04", "size": "21.15"}, {"price": "0.13", "size": "500"}, {"price": "0.14", "size": "250"}, {"price": "0.18", "size": "300"}, {"price": "0.2", "size": "200"}, {"price": "0.22", "size": "125"}, {"price": "0.24", "size": "75"}, {"price": "0.45", "size": "50"}, {"price": "0.46", "size": "140"}], "asks": [{"price": "0.99", "size": "500.1"}, {"price": "0.97", "size": "1000"}, {"price": "0.96", "size": "5.16"}, {"price": "0.92", "size": "400"}, {"price": "0.91", "size": "7.13"}, {"price": "0.86", "size": "350"}, {"price": "0.8", "size": "300"}, {"price": "0.77", "size": "200"}, {"price": "0.75", "size": "125"}, {"price": "0.73", "size": "75"}, {"price": "0.57", "size": "50"}, {"price": "0.56", "size": "150"}, {"price": "0.52", "size": "10"}, {"price": "0.5", "size": "10"}], "event_type": "book", "last_trade_price": "0.450"}, {"market": "0xa8e633ac3b451f54400d4c474dadab8f670b80841833935494d11eceeb2f84f2", "asset_id": "2637462737343408558244902552786352587760621905127688013297742276788832206817", "timestamp": "1769383261770", "hash": "0ce58c0ae82003faf6519e7b4fb583922900b227", "bids": [{"price": "0.01", "size": "500.1"}, {"price": "0.03", "size": "1000"}, {"price": "0.04", "size": "5.16"}, {"price": "0.08", "size": "400"}, {"price": "0.09", "size": "7.13"}, {"price": "0.14", "size": "350"}, {"price": "0.2", "size": "300"}, {"price": "0.23", "size": "200"}, {"price": "0.25", "size": "125"}, {"price": "0.27", "size": "75"}, {"price": "0.43", "size": "50"}, {"price": "0.44", "size": "150"}, {"price": "0.48", "size": "10"}, {"price": "0.5", "size": "10"}], "asks": [{"price": "0.99", "size": "490.39"}, {"price": "0.98", "size": "5"}, {"price": "0.97", "size": "1000"}, {"price": "0.96", "size": "21.15"}, {"price": "0.87", "size": "500"}, {"price": "0.86", "size": "250"}, {"price": "0.82", "size": "300"}, {"price": "0.8", "size": "200"}, {"price": "0.78", "size": "125"}, {"price": "0.76", "size": "75"}, {"price": "0.55", "size": "50"}, {"price": "0.54", "size": "140"}], "event_type": "book", "last_trade_price": "0.450"}]}
{"_local_timestamp": "2026-01-25T23:42:26.235513+00:00", "data": {"market": "0xa8e633ac3b451f54400d4c474dadab8f670b80841833935494d11eceeb2f84f2", "price_changes": [{"asset_id": "2637462737343408558244902552786352587760621905127688013297742276788832206817", "price": "0.44", "size": "0", "side": "BUY", "hash": "aa0e226b34087727fb6b27f0ad0bfccb4004a411", "best_bid": "0.5", "best_ask": "0.54"}, {"asset_id": "44045709498058076163933355261283593934751144312343054233143295275867733458028", "price": "0.56", "size": "0", "side": "SELL", "hash": "a3f0bf43901f6cf9a07bf5460700d0d41a493e77", "best_bid": "0.46", "best_ask": "0.5"}], "timestamp": "1769384546043", "event_type": "price_change"}}
{"_local_timestamp": "2026-01-25T23:42:26.244115+00:00", "data": {"market": "0xa8e633ac3b451f54400d4c474dadab8f670b80841833935494d11eceeb2f84f2", "price_changes": [{"asset_id": "2637462737343408558244902552786352587760621905127688013297742276788832206817", "price": "0.48", "size": "0", "side": "BUY", "hash": "182d352f82e6a262d38b88ddc153e149044b7a4a", "best_bid": "0.5", "best_ask": "0.54"}, {"asset_id": "44045709498058076163933355261283593934751144312343054233143295275867733458028", "price": "0.52", "size": "0", "side": "SELL", "hash": "5b3e8a5714fda90fea3e6e432206b13edf19ea78", "best_bid": "0.46", "best_ask": "0.5"}], "timestamp": "1769384546048", "event_type": "price_change"}}
{"_local_timestamp": "2026-01-25T23:42:32.266372+00:00", "data": {"market": "0xa8e633ac3b451f54400d4c474dadab8f670b80841833935494d11eceeb2f84f2", "price_changes": [{"asset_id": "2637462737343408558244902552786352587760621905127688013297742276788832206817", "price": "0.44", "size": "150", "side": "BUY", "hash": "ab9d28efc314bd85653b683f99e4b939b38db8a5", "best_bid": "0.5", "best_ask": "0.54"}, {"asset_id": "44045709498058076163933355261283593934751144312343054233143295275867733458028", "price": "0.56", "size": "150", "side": "SELL", "hash": "f4bd2f92c34b9e4a0221bfb5a04c6252f27a89ce", "best_bid": "0.46", "best_ask": "0.5"}], "timestamp": "1769384552152", "event_type": "price_change"}}
{"_local_timestamp": "2026-01-25T23:42:32.266743+00:00", "data": {"market": "0xa8e633ac3b451f54400d4c474dadab8f670b80841833935494d11eceeb2f84f2", "price_changes": [{"asset_id": "2637462737343408558244902552786352587760621905127688013297742276788832206817", "price": "0.48", "size": "10", "side": "BUY", "hash": "b7575af84ca41349930e5a787ea292fdc7b098ad", "best_bid": "0.5", "best_ask": "0.54"}, {"asset_id": "44045709498058076163933355261283593934751144312343054233143295275867733458028", "price": "0.52", "size": "10", "side": "SELL", "hash": "6719de79239c37b29e86ded100fc018fee416dbe", "best_bid": "0.46", "best_ask": "0.5"}], "timestamp": "1769384552153", "event_type": "price_change"}}
