{"_local_timestamp": "2026-01-25T23:34:19.877439+00:00", "data": [{"market": "0xf197a26fc9a836609c70884e6ac011a6fe7c9d4244e85939aad9107d11a354d5", "asset_id": "78282528752118651674066199150192520770961153480405695173737134833478880578195", "timestamp": "1769384058732", "hash": "fc95c918754aac3a74d8642b7690ebfd2b56768e", "bids": [{"price": "0.01", "size": "500.04"}, {"price": "0.03", "size": "1000"}, {"price": "0.04", "size": "5.14"}, {"price": "0.08", "size": "500"}, {"price": "0.09", "size": "7.15"}, {"price": "0.16", "size": "500"}, {"price": "0.18", "size": "200"}, {"price": "0.19", "size": "125"}, {"price": "0.21", "size": "75"}, {"price": "0.22", "size": "99"}, {"price": "0.5", "size": "10"}, {"price": "0.51", "size": "9.8"}, {"price": "0.52", "size": "150"}], "asks": [{"price": "0.99", "size": "98.22"}, {"price": "0.98", "size": "312.52"}, {"price": "0.97", "size": "400"}, {"price": "0.96", "size": "5.66"}, {"price": "0.95", "size": "60"}, {"price": "0.94", "size": "6.51"}, {"price": "0.93", "size": "5.47"}, {"price": "0.92", "size": "150"}], "event_type": "book", "last_trade_price": ""}, {"market": "0xf197a26fc9a836609c70884e6ac011a6fe7c9d4244e85939aad9107d11a354d5", "asset_id": "47421448820642781216315250895176381947790778349943722232309557179499981196855", "timestamp": "1769384058732", "hash": "2437d52369f43d3cb5f632a8d5f59da6f2b50b0f", "bids": [{"price": "0.01", "size": "98.22"}, {"price": "0.02", "size": "312.52"}, {"price": "0.03", "size": "400"}, {"price": "0.04", "size": "5.66"}, {"price": "0.05", "size": "60"}, {"price": "0.06", "size": "6.51"}, {"price": "0.07", "size": "5.47"}, {"price": "0.08", "size": "150"}], "asks": [{"price": "0.99", "size": "500.04"}, {"price": "0.97", "size": "1000"}, {"price": "0.96", "size": "5.14"}, {"price": "0.92", "size": "500"}, {"price": "0.91", "size": "7.15"}, {"price": "0.84", "size": "500"}, {"price": "0.82", "size": "200"}, {"price": "0.81", "size": "125"}, {"price": "0.79", "size": "75"}, {"price": "0.78", "size": "99"}, {"price": "0.5", "size": "10"}, {"price": "0.49", "size": "9.8"}, {"price": "0.48", "size": "150"}], "event_type": "book", "last_trade_price": ""}]}
{"_local_timestamp": "2026-01-25T23:34:44.652202+00:00", "data": {"market": "0xf197a26fc9a836609c70884e6ac011a6fe7c9d4244e85939aad9107d11a354d5", "price_changes": [{"asset_id": "78282528752118651674066199150192520770961153480405695173737134833478880578195", "price": "0.51", "size": "0", "side": "BUY", "hash": "613fcc70a8372189c4ad8d31406b4ff2b60e9681", "best_bid": "0.52", "best_ask": "0.92"}, {"asset_id": "47421448820642781216315250895176381947790778349943722232309557179499981196855", "price": "0.49", "size": "0", "side": "SELL", "hash": "761d58ff9cf7551a755f5c0f0222d7eab3de09c4", "best_bid": "0.08", "best_ask": "0.48"}], "timestamp": "1769384084582", "event_type": "price_change"}}
{"_local_timestamp": "2026-01-25T23:34:44.714546+00:00", "data": {"market": "0xf197a26fc9a836609c70884e6ac011a6fe7c9d4244e85939aad9107d11a354d5", "price_changes": [{"asset_id": "78282528752118651674066199150192520770961153480405695173737134833478880578195", "price": "0.53", "size": "9.43", "side": "BUY", "hash": "cfa183f26805ece1daf2f1cd374fd12d1156588a", "best_bid": "0.53", "best_ask": "0.92"}, {"asset_id": "47421448820642781216315250895176381947790778349943722232309557179499981196855", "price": "0.47", "size": "9.43", "side": "SELL", "hash": "6f358647beeb541ebdab9e793cc72d205a504e38", "best_bid": "0.08", "best_ask": "0.47"}], "timestamp": "1769384084643", "event_type": "price_change"}}
{"_local_timestamp": "2026-01-25T23:34:46.578108+00:00", "data": {"market": "0xf197a26fc9a836609c70884e6ac011a6fe7c9d4244e85939aad9107d11a354d5", "price_changes": [{"asset_id": "78282528752118651674066199150192520770961153480405695173737134833478880578195", "price": "0.52", "size": "0", "side": "BUY", "hash": "0439a8b1741db8f89f4b47889207c53e3db07132", "best_bid": "0.53", "best_ask": "0.92"}, {"asset_id": "47421448820642781216315250895176381947790778349943722232309557179499981196855", "price": "0.48", "size": "0", "side": "SELL", "hash": "234944935073504b2b690509669e5f072ac71830", "best_bid": "0.08", "best_ask": "0.47"}], "timestamp": "1769384086500", "event_type": "price_change"}}
{"_local_timestamp": "2026-01-25T23:34:46.837263+00:00", "data": {"market": "0xf197a26fc9a836609c70884e6ac011a6fe7c9d4244e85939aad9107d11a354d5", "price_changes": [{"asset_id": "78282528752118651674066199150192520770961153480405695173737134833478880578195", "price": "0.54", "size": "150", "side": "BUY", "hash": "8379b9839a912e7aafb145c689a4bc1e200055c6", "best_bid": "0.54", "best_ask": "0.92"}, {"asset_id": "47421448820642781216315250895176381947790778349943722232309557179499981196855", "price": "0.46", "size": "150", "side": "SELL", "hash": "a08ac9bba1dece83404fa8c3d6fa49aebad04c22", "best_bid": "0.08", "best_ask": "0.46"}], "timestamp": "1769384086774", "event_type": "price_change"}}
{"_local_timestamp": "2026-01-25T23:35:12.280618+00:00", "data": {"market": "0xf197a26fc9a836609c70884e6ac011a6fe7c9d4244e85939aad9107d11a354d5", "price_changes": [{"asset_id": "78282528752118651674066199150192520770961153480405695173737134833478880578195", "price": "0.53", "size": "0", "side": "BUY", "hash": "17df3ba86b3b24e669949bbf32fd2dfa49e0c91e", "best_bid": "0.54", "best_ask": "0.92"}, {"asset_id": "47421448820642781216315250895176381947790778349943722232309557179499981196855", "price": "0.47", "size": "0", "side": "SELL", "hash": "667e7e0f8d5a50faaf5106c258b47f7d75adc1d1", "best_bid": "0.08", "best_ask": "0.46"}], "timestamp": "1769384112211", "event_type": "price_change"}}
{"_local_timestamp": "2026-01-25T23:35:12.335775+00:00", "data": {"market": "0xf197a26fc9a836609c70884e6ac011a6fe7c9d4244e85939aad9107d11a354d5", "price_changes": [{"asset_id": "78282528752118651674066199150192520770961153480405695173737134833478880578195", "price": "0.55", "size": "9.09", "side": "BUY", "hash": "3a61885fad7735989d6baa8ac69f4dfdbef6398c", "best_bid": "0.55", "best_ask": "0.92"}, {"asset_id": "47421448820642781216315250895176381947790778349943722232309557179499981196855", "price": "0.45", "size": "9.09", "side": "SELL", "hash": "731cf9e2610e58569457086ebdc668ac01f983ad", "best_bid": "0.08", "best_ask": "0.45"}], "timestamp": "1769384112265", "event_type": "price_change"}}
{"_local_timestamp": "2026-01-25T23:35:14.521448+00:00", "data": {"market": "0xf197a26fc9a836609c70884e6ac011a6fe7c9d4244e85939aad9107d11a354d5", "price_changes": [{"asset_id": "78282528752118651674066199150192520770961153480405695173737134833478880578195", "price": "0.54", "size": "0", "side": "BUY", "hash": "ceb710ed91bd6b60009e41a0d1fe2744242e1d94", "best_bid": "0.55", "best_ask": "0.92"}, {"asset_id": "47421448820642781216315250895176381947790778349943722232309557179499981196855", "price": "0.46", "size": "0", "side": "SELL", "hash": "d8b19912ebae84ba605783c3c8ff0b8b19fb570c", "best_bid": "0.08", "best_ask": "0.45"}], "timestamp": "1769384114452", "event_type": "price_change"}}
{"_local_timestamp": "2026-01-25T23:35:14.889872+00:00", "data": {"market": "0xf197a26fc9a836609c70884e6ac011a6fe7c9d4244e85939aad9107d11a354d5", "price_changes": [{"asset_id": "78282528752118651674066199150192520770961153480405695173737134833478880578195", "price": "0.56", "size": "150", "side": "BUY", "hash": "68970e144bdbbec4c5b0430716af836c4bf7e220", "best_bid": "0.56", "best_ask": "0.92"}, {"asset_id": "47421448820642781216315250895176381947790778349943722232309557179499981196855", "price": "0.44", "size": "150", "side": "SELL", "hash": "e0ba269aa99c0c064e10146b426d638d1e03b0f1", "best_bid": "0.08", "best_ask": "0.44"}], "timestamp": "1769384114820", "event_type": "price_change"}}
{"_local_timestamp": "2026-01-25T23:35:39.931992+00:00", "data": {"market": "0xf197a26fc9a836609c70884e6ac011a6fe7c9d4244e85939aad9107d11a354d5", "price_changes": [{"asset_id": "78282528752118651674066199150192520770961153480405695173737134833478880578195", "price": "0.55", "size": "0", "side": "BUY", "hash": "7a9b2ff43f91a4f569e3c5e1b236b93776ece3bf", "best_bid": "0.56", "best_ask": "0.92"}, {"asset_id": "47421448820642781216315250895176381947790778349943722232309557179499981196855", "price": "0.45", "size": "0", "side": "SELL", "hash": "a1aead2f444918f672580e981677c393193682ac", "best_bid": "0.08", "best_ask": "0.44"}], "timestamp": "1769384139848", "event_type": "price_change"}}
{"_local_timestamp": "2026-01-25T23:35:39.980337+00:00", "data": {"market": "0xf197a26fc9a836609c70884e6ac011a6fe7c9d4244e85939aad9107d11a354d5", "price_changes": [{"asset_id": "78282528752118651674066199150192520770961153480405695173737134833478880578195", "price": "0.57", "size": "8.77", "side": "BUY", "hash": "13b404f923202c4ae1e81078613f6c78bd8e7b26", "best_bid": "0.57", "best_ask": "0.92"}, {"asset_id": "47421448820642781216315250895176381947790778349943722232309557179499981196855", "price": "0.43", "size": "8.77", "side": "SELL", "hash": "fc49820b2ab4711e449e8075e500365ec2cd69d0", "best_bid": "0.08", "best_ask": "0.43"}], "timestamp": "1769384139911", "event_type": "price_change"}}
{"_local_timestamp": "2026-01-25T23:35:41.708446+00:00", "data": {"market": "0xf197a26fc9a836609c70884e6ac011a6fe7c9d4244e85939aad9107d11a354d5", "price_changes": [{"asset_id": "78282528752118651674066199150192520770961153480405695173737134833478880578195", "price": "0.56", "size": "0", "side": "BUY", "hash": "5adead865de5aee4151431c477d90f2aa2f43c48", "best_bid": "0.57", "best_ask": "0.92"}, {"asset_id": "47421448820642781216315250895176381947790778349943722232309557179499981196855", "price": "0.44", "size": "0", "side": "SELL", "hash": "ec10b992db94ae06cea68dc76016038ed491bceb", "best_bid": "0.08", "best_ask": "0.43"}], "timestamp": "1769384141638", "event_type": "price_change"}}
{"_local_timestamp": "2026-01-25T23:35:42.188904+00:00", "data": {"market": "0xf197a26fc9a836609c70884e6ac011a6fe7c9d4244e85939aad9107d11a354d5", "price_changes": [{"asset_id": "78282528752118651674066199150192520770961153480405695173737134833478880578195", "price": "0.57", "size": "158.77", "side": "BUY", "hash": "16216fb9354ddeee224aeeb51beb397ee345c72b", "best_bid": "0.57", "best_ask": "0.92"}, {"asset_id": "47421448820642781216315250895176381947790778349943722232309557179499981196855", "price": "0.43", "size": "158.77", "side": "SELL", "hash": "e34bc8bbe09879c39d713a82acb7ec2f672c1199", "best_bid": "0.08", "best_ask": "0.43"}], "timestamp": "1769384142102", "event_type": "price_change"}}
{"_local_timestamp": "2026-01-25T23:36:07.747025+00:00", "data": {"market": "0xf197a26fc9a836609c70884e6ac011a6fe7c9d4244e85939aad9107d11a354d5", "price_changes": [{"asset_id": "78282528752118651674066199150192520770961153480405695173737134833478880578195", "price": "0.57", "size": "150", "side": "BUY", "hash": "d762ff2d064a740f9232ee76573eac4514b2e523", "best_bid": "0.57", "best_ask": "0.92"}, {"asset_id": "47421448820642781216315250895176381947790778349943722232309557179499981196855", "price": "0.43", "size": "150", "side": "SELL", "hash": "c8bc8e2a8be4486868002c7f7db4cbd1377bf67d", "best_bid": "0.08", "best_ask": "0.43"}], "timestamp": "1769384167664", "event_type": "price_change"}}
{"_local_timestamp": "2026-01-25T23:36:07.837137+00:00", "data": {"market": "0xf197a26fc9a836609c70884e6ac011a6fe7c9d4244e85939aad9107d11a354d5", "price_changes": [{"asset_id": "78282528752118651674066199150192520770961153480405695173737134833478880578195", "price": "0.51", "size": "9.8", "side": "BUY", "hash": "260d008ba8c218b12fd0e3ef2f6d11fe7dce6bdc", "best_bid": "0.57", "best_ask": "0.92"}, {"asset_id": "47421448820642781216315250895176381947790778349943722232309557179499981196855", "price": "0.49", "size": "9.8", "side": "SELL", "hash": "0d28283c3529a67de6ede006c11fcfa2272e1811", "best_bid": "0.08", "best_ask": "0.43"}], "timestamp": "1769384167763", "event_type": "price_change"}}
{"_local_timestamp": "2026-01-25T23:36:09.435570+00:00", "data": {"market": "0xf197a26fc9a836609c70884e6ac011a6fe7c9d4244e85939aad9107d11a354d5", "price_changes": [{"asset_id": "78282528752118651674066199150192520770961153480405695173737134833478880578195", "price": "0.57", "size": "0", "side": "BUY", "hash": "686ec2b142b5a92fd730f1a4a54eb7e697df2ac6", "best_bid": "0.51", "best_ask": "0.92"}, {"asset_id": "47421448820642781216315250895176381947790778349943722232309557179499981196855", "price": "0.43", "size": "0", "side": "SELL", "hash": "4b353edf5e2f41d2261c6e97bbb14b76362b90c6", "best_bid": "0.08", "best_ask": "0.49"}], "timestamp": "1769384169364", "event_type": "price_change"}}
{"_local_timestamp": "2026-01-25T23:36:09.831230+00:00", "data": {"market": "0xf197a26fc9a836609c70884e6ac011a6fe7c9d4244e85939aad9107d11a354d5", "price_changes": [{"asset_id": "78282528752118651674066199150192520770961153480405695173737134833478880578195", "price": "0.52", "size": "150", "side": "BUY", "hash": "35033cae49ca77f022161f5baae9d2a39d19d444", "best_bid": "0.52", "best_ask": "0.92"}, {"asset_id": "47421448820642781216315250895176381947790778349943722232309557179499981196855", "price": "0.48", "size": "150", "side": "SELL", "hash": "db2dc4c0754ebd7a07a9e55cf7b4f3a4b457434c", "best_bid": "0.08", "best_ask": "0.48"}], "timestamp": "1769384169762", "event_type": "price_change"}}
