{"_local_timestamp": "2026-01-25T23:34:19.877439+00:00", "data": [{"market": "0xf197a26fc9a836609c70884e6ac011a6fe7c9d4244e85939aad9107d11a354d5", "asset_id": "78282528752118651674066199150192520770961153480405695173737134833478880578195", "timestamp": "1769384058732", "hash": "fc95c918754aac3a74d8642b7690ebfd2b56768e", "bids": [{"price": "0.01", "size": "500.04"}, {"price": "0.03", "size": "1000"}, {"price": "0.04", "size": "5.14"}, {"price": "0.08", "size": "500"}, {"price": "0.09", "size": "7.15"}, {"price": "0.16", "size": "500"}, {"price": "0.18", "size": "200"}, {"price": "0.19", "size": "125"}, {"price": "0.21", "size": "75"}, {"price": "0.22", "size": "99"}, {"price": "0.5", "size": "10"}, {"price": "0.51", "size": "9.8"}, {"price": "0.52", "size": "150"}], "asks": [{"price": "0.99", "size": "98.22"}, {"price": "0.98", "size": "312.52"}, {"price": "0.97", "size": "400"}, {"price": "0.96", "size": "5.66"}, {"price": "0.95", "size": "60"}, {"price": "0.94", "size": "6.51"}, {"price": "0.93", "size": "5.47"}, {"price": "0.92", "size": "150"}], "event_type": "book", "last_trade_price": ""}, {"market": "0xf197a26fc9a836609c70884e6ac011a6fe7c9d4244e85939aad9107d11a354d5", "asset_id": "47421448820642781216315250895176381947790778349943722232309557179499981196855", "timestamp": "1769384058732", "hash": "2437d52369f43d3cb5f632a8d5f59da6f2b50b0f", "bids": [{"price": "0.01", "size": "98.22"}, {"price": "0.02", "size": "312.52"}, {"price": "0.03", "size": "400"}, {"price": "0.04", "size": "5.66"}, {"price": "0.05", "size": "60"}, {"price": "0.06", "size": "6.51"}, {"price": "0.07", "size": "5.47"}, {"price": "0.08", "size": "150"}], "asks": [{"price": "0.99", "size": "500.04"}, {"price": "0.97", "size": "1000"}, {"price": "0.96", "size": "5.14"}, {"price": "0.92", "size": "500"}, {"price": "0.91", "size": "7.15"}, {"price": "0.84", "size": "500"}, {"price": "0.82", "size": "200"}, {"price": "0.81", "size": "125"}, {"price": "0.79", "size": "75"}, {"price": "0.78", "size": "99"}, {"price": "0.5", "size": "10"}, {"price": "0.49", "size": "9.8"}, {"price": "0.48", "size": "150"}], "event_type": "book", "last_trade_price": ""}]}
{"_local_timestamp": "2026-01-25T23:34:44.652202+00:00", "data": {"market": "0xf197a26fc9a836609c70884e6ac011a6fe7c9d4244e85939aad9107d11a354d5", "price_changes": [{"asset_id": "78282528752118651674066199150192520770961153480405695173737134833478880578195", "price": "0.51", "size": "0", "side": "BUY", "hash": "613fcc70a8372189c4ad8d31406b4ff2b60e9681", "best_bid": "0.52", "best_ask": "0.92"}, {"asset_id": "47421448820642781216315250895176381947790778349943722232309557179499981196855", "price": "0.49", "size": "0", "side": "SELL", "hash": "761d58ff9cf7551a755f5c0f0222d7eab3de09c4", "best_bid": "0.08", "best_ask": "0.48"}], "timestamp": "1769384084582", "event_type": "price_change"}}
{"_local_timestamp": "2026-01-25T23:34:44.714546+00:00", "data": {"market": "0xf197a26fc9a836609c70884e6ac011a6fe7c9d4244e85939aad9107d11a354d5", "price_changes": [{"asset_id": "78282528752118651674066199150192520770961153480405695173737134833478880578195", "price": "0.53", "size": "9.43", "side": "BUY", "hash": "cfa183f26805ece1daf2f1cd374fd12d1156588a", "best_bid": "0.53", "best_ask": "0.92"}, {"asset_id": "47421448820642781216315250895176381947790778349943722232309557179499981196855", "price": "0.47", "size": "9.43", "side": "SELL", "hash": "6f358647beeb541ebdab9e793cc72d205a504e38", "best_bid": "0.08", "best_ask": "0.47"}], "timestamp": "1769384084643", "event_type": "price_change"}}
{"_local_timestamp": "2026-01-25T23:34:46.578108+00:00", "data": {"market": "0xf197a26fc9a836609c70884e6ac011a6fe7c9d4244e85939aad9107d11a354d5", "price_changes": [{"asset_id": "78282528752118651674066199150192520770961153480405695173737134833478880578195", "price": "0.52", "size": "0", "side": "BUY", "hash": "0439a8b1741db8f89f4b47889207c53e3db07132", "best_bid": "0.53", "best_ask": "0.92"}, {"asset_id": "47421448820642781216315250895176381947790778349943722232309557179499981196855", "price": "0.48", "size": "0", "side": "SELL", "hash": "234944935073504b2b690509669e5f072ac71830", "best_bid": "0.08", "best_ask": "0.47"}], "timestamp": "1769384086500", "event_type": "price_change"}}
{"_local_timestamp": "2026-01-25T23:34:46.837263+00:00", "data": {"market": "0xf197a26fc9a836609c70884e6ac011a6fe7c9d4244e85939aad9107d11a354d5", "price_changes": [{"asset_id": "78282528752118651674066199150192520770961153480405695173737134833478880578195", "price": "0.54", "size": "150", "side": "BUY", "hash": "8379b9839a912e7aafb145c689a4bc1e200055c6", "best_bid": "0.54", "best_ask": "0.92"}, {"asset_id": "47421448820642781216315250895176381947790778349943722232309557179499981196855", "price": "0.46", "size": "150", "side": "SELL", "hash": "a08ac9bba1dece83404fa8c3d6fa49aebad04c22", "best_bid": "0.08", "best_ask": "0.46"}], "timestamp": "1769384086774", "event_type": "price_change"}}
