{"_local_timestamp": "2026-01-25T23:34:03.919311+00:00", "data": [{"market": "0xafb23268a1782cd0eb4c5d43e400f78a39030c7cf708c060a258f2334b3f9d77", "asset_id": "35382845073974328147565314769549690056208862145322670294408453474329463835648", "timestamp": "1769384035004", "hash": "c803d049947f27383f1f3ccc58aee192770e3456", "bids": [{"price": "0.01", "size": "112.35"}, {"price": "0.02", "size": "152"}, {"price": "0.03", "size": "11.11"}, {"price": "0.04", "size": "100"}, {"price": "0.05", "size": "140"}, {"price": "0.06", "size": "233"}, {"price": "0.07", "size": "8.46"}, {"price": "0.08", "size": "100"}, {"price": "0.09", "size": "111.11"}, {"price": "0.1", "size": "240"}, {"price": "0.11", "size": "10"}, {"price": "0.15", "size": "1040"}, {"price": "0.16", "size": "1733.87"}, {"price": "0.17", "size": "20"}], "asks": [{"price": "0.99", "size": "1155"}, {"price": "0.98", "size": "18.49"}, {"price": "0.96", "size": "100"}, {"price": "0.95", "size": "540"}, {"price": "0.94", "size": "66"}, {"price": "0.93", "size": "300"}, {"price": "0.91", "size": "111.11"}, {"price": "0.9", "size": "700"}, {"price": "0.89", "size": "5.72"}, {"price": "0.85", "size": "325"}, {"price": "0.84", "size": "275"}, {"price": "0.83", "size": "100"}, {"price": "0.74", "size": "2064"}, {"price": "0.49", "size": "15.69"}, {"price": "0.39", "size": "50"}, {"price": "0.35", "size": "65"}, {"price": "0.3", "size": "20"}, {"price": "0.29", "size": "25"}, {"price": "0.27", "size": "200"}, {"price": "0.26", "size": "332.42"}, {"price": "0.22", "size": "405"}, {"price": "0.21", "size": "120"}, {"price": "0.2", "size": "275.25"}, {"price": "0.19", "size": "20"}], "event_type": "book", "last_trade_price": "0.160"}, {"market": "0xafb23268a1782cd0eb4c5d43e400f78a39030c7cf708c060a258f2334b3f9d77", "asset_id": "74551600767062947222291891614408884465454226500838360341456146362778851766173", "timestamp": "1769384035004", "hash": "36fbea93f2bc46e53fe8202dc13ebd582c0d96e9", "bids": [{"price": "0.01", "size": "1155"}, {"price": "0.02", "size": "18.49"}, {"price": "0.04", "size": "100"}, {"price": "0.05", "size": "540"}, {"price": "0.06", "size": "66"}, {"price": "0.07", "size": "300"}, {"price": "0.09", "size": "111.11"}, {"price": "0.1", "size": "700"}, {"price": "0.11", "size": "5.72"}, {"price": "0.15", "size": "325"}, {"price": "0.16", "size": "275"}, {"price": "0.17", "size": "100"}, {"price": "0.26", "size": "2064"}, {"price": "0.51", "size": "15.69"}, {"price": "0.61", "size": "50"}, {"price": "0.65", "size": "65"}, {"price": "0.7", "size": "20"}, {"price": "0.71", "size": "25"}, {"price": "0.73", "size": "200"}, {"price": "0.74", "size": "332.42"}, {"price": "0.78", "size": "405"}, {"price": "0.79", "size": "120"}, {"price": "0.8", "size": "275.25"}, {"price": "0.81", "size": "20"}], "asks": [{"price": "0.99", "size": "112.35"}, {"price": "0.98", "size": "152"}, {"price": "0.97", "size": "11.11"}, {"price": "0.96", "size": "100"}, {"price": "0.95", "size": "140"}, {"price": "0.94", "size": "233"}, {"price": "0.93", "size": "8.46"}, {"price": "0.92", "size": "100"}, {"price": "0.91", "size": "111.11"}, {"price": "0.9", "size": "240"}, {"price": "0.89", "size": "10"}, {"price": "0.85", "size": "1040"}, {"price": "0.84", "size": "1733.87"}, {"price": "0.83", "size": "20"}], "event_type": "book", "last_trade_price": "0.160"}]}
{"_local_timestamp": "2026-01-25T23:34:19.877451+00:00", "data": {"market": "0xafb23268a1782cd0eb4c5d43e400f78a39030c7cf708c060a258f2334b3f9d77", "price_changes": [{"asset_id": "74551600767062947222291891614408884465454226500838360341456146362778851766173", "price": "0.26", "size": "450", "side": "BUY", "hash": "e3b41eeb6aa691b74b8b34ee90629ad669dc6e81", "best_bid": "0.81", "best_ask": "0.83"}, {"asset_id": "35382845073974328147565314769549690056208862145322670294408453474329463835648", "price": "0.74", "size": "450", "side": "SELL", "hash": "069f379f3f8e4c60d8d4a13efaf240a8f588bbc8", "best_bid": "0.17", "best_ask": "0.19"}], "timestamp": "1769384059761", "event_type": "price_change"}}
{"_local_timestamp": "2026-01-25T23:34:27.706260+00:00", "data": {"market": "0xafb23268a1782cd0eb4c5d43e400f78a39030c7cf708c060a258f2334b3f9d77", "price_changes": [{"asset_id": "74551600767062947222291891614408884465454226500838360341456146362778851766173", "price": "0.16", "size": "125", "side": "BUY", "hash": "99575ac0d9690fe42f6c9bb7929efd36e0bdaf6a", "best_bid": "0.81", "best_ask": "0.83"}, {"asset_id": "35382845073974328147565314769549690056208862145322670294408453474329463835648", "price": "0.84", "size": "125", "side": "SELL", "hash": "2042bc1b155c9cc3334d56dc6f48e078da2c1705", "best_bid": "0.17", "best_ask": "0.19"}], "timestamp": "1769384067568", "event_type": "price_change"}}
{"_local_timestamp": "2026-01-25T23:34:28.373250+00:00", "data": {"market": "0xafb23268a1782cd0eb4c5d43e400f78a39030c7cf708c060a258f2334b3f9d77", "price_changes": [{"asset_id": "74551600767062947222291891614408884465454226500838360341456146362778851766173", "price": "0.17", "size": "250", "side": "BUY", "hash": "1b5fb0d5ef75965ae3f4f563a26c56705a8fc6e0", "best_bid": "0.81", "best_ask": "0.83"}, {"asset_id": "35382845073974328147565314769549690056208862145322670294408453474329463835648", "price": "0.83", "size": "250", "side": "SELL", "hash": "7de165a06439db146e6801ca70def12a29a91344", "best_bid": "0.17", "best_ask": "0.19"}], "timestamp": "1769384068110", "event_type": "price_change"}}
{"_local_timestamp": "2026-01-25T23:34:47.007667+00:00", "data": {"market": "0xafb23268a1782cd0eb4c5d43e400f78a39030c7cf708c060a258f2334b3f9d77", "price_changes": [{"asset_id": "74551600767062947222291891614408884465454226500838360341456146362778851766173", "price": "0.17", "size": "2720", "side": "BUY", "hash": "d31ffbee1b6fe8c5c1f6e1613f0ac8bfd031ca18", "best_bid": "0.81", "best_ask": "0.83"}, {"asset_id": "35382845073974328147565314769549690056208862145322670294408453474329463835648", "price": "0.83", "size": "2720", "side": "SELL", "hash": "a3cef1ba8f704f2a08077aba5ec94692f078719c", "best_bid": "0.17", "best_ask": "0.19"}], "timestamp": "1769384086940", "event_type": "price_change"}}
