{"_local_timestamp": "2026-01-25T23:41:29.519797+00:00", "data": [{"market": "0xf2a8331969f02290a4db9dc6440b34369627a3572d3672dc2a517fb00d36e14d", "asset_id": "42333605176269336787569217292883305227188533715009903577284716873452260365965", "timestamp": "1769383963199", "hash": "740f98adab0cdfa0ec41cb09b9e41b4f396ae224", "bids": [{"price": "0.01", "size": "573.5"}, {"price": "0.02", "size": "256.37"}, {"price": "0.03", "size": "21.25"}, {"price": "0.04", "size": "5.47"}], "asks": [{"price": "0.99", "size": "385.01"}, {"price": "0.98", "size": "32.49"}], "event_type": "book", "last_trade_price": ""}, {"market": "0x61b65210c77c826e3de10f05daaac0737c0fd1276d94ce0c4b49361c9fac12bb", "asset_id": "70721517271258618183151031903684550488545363513468320583872877892623271683971", "timestamp": "1769382483673", "hash": "a31c3c2883212dbe9868bc1667b2819535461461", "bids": [{"price": "0.01", "size": "718.81"}, {"price": "0.02", "size": "25.56"}, {"price": "0.03", "size": "16"}, {"price": "0.04", "size": "48"}, {"price": "0.05", "size": "106.01"}], "asks": [{"price": "0.99", "size": "714.79"}, {"price": "0.98", "size": "26.16"}, {"price": "0.96", "size": "49"}, {"price": "0.95", "size": "149"}, {"price": "0.94", "size": "10.95"}], "event_type": "book", "last_trade_price": ""}, {"market": "0xf8bb88af3e06b00d2b8167e390ece5abdc3f980118ff53af220384e558915da6", "asset_id": "27765301339593773301369347773689375643606462057260310639287492628680307911461", "timestamp": "1769382483697", "hash": "5a97834d6f2d00d58845b1818072146e62c8bfab", "bids": [{"price": "0.01", "size": "572.05"}, {"price": "0.02", "size": "146.48"}, {"price": "0.03", "size": "18.99"}, {"price": "0.04", "size": "5.47"}], "asks": [{"price": "0.99", "size": "385.01"}, {"price": "0.98", "size": "32.49"}], "event_type": "book", "last_trade_price": ""}, {"market": "0x11d4fea739e235271e96636c9b723379bed43663b6bcb5ff6ddd13279466f7af", "asset_id": "78976272742987840736267372278172286491915558339263018420716793573292461761030", "timestamp": "1769383963199", "hash": "b87bbc76185b14cb3e9bd0ce947136e91bd9bb50", "bids": [{"price": "0.01", "size": "573.64"}, {"price": "0.02", "size": "141.03"}, {"price": "0.03", "size": "20.76"}, {"price": "0.04", "size": "5.47"}], "asks": [{"price": "0.99", "size": "360.51"}, {"price": "0.98", "size": "177"}, {"price": "0.97", "size": "29.82"}, {"price": "0.54", "size": "17.6"}], "event_type": "book", "last_trade_price": ""}, {"market": "0x7136683ef48c8ff1c480b028b4a7a4df79cab8e71ad1ea38ca95a6af849f4e10", "asset_id": "47991483980862224340086116799363771425076833237131971268804890479356546687417", "timestamp": "1769382483671", "hash": "9dd422b34d2f2bbcff0412adbeb10e44efabef6f", "bids": [{"price": "0.01", "size": "573.64"}, {"price": "0.02", "size": "141.03"}, {"price": "0.03", "size": "20.76"}, {"price": "0.04", "size": "5.47"}], "asks": [{"price": "0.99", "size": "385.01"}, {"price": "0.98", "size": "32.49"}], "event_type": "book", "last_trade_price": ""}, {"market": "0x7136683ef48c8ff1c480b028b4a7a4df79cab8e71ad1ea38ca95a6af849f4e10", "asset_id": "38810794096206803920848282502620748587058300848259149006515968913162915896941", "timestamp": "1769382483671", "hash": "b0acc0b96527d8fb1a0381cc5680725204ce0cb2", "bids": [{"price": "0.01", "size": "385.01"}, {"price": "0.02", "size": "32.49"}], "asks": [{"price": "0.99", "size": "573.64"}, {"price": "0.98", "size": "141.03"}, {"price": "0.97", "size": "20.76"}, {"price": "0.96", "size": "5.47"}], "event_type": "book", "last_trade_price": ""}, {"market": "0xf2a8331969f02290a4db9dc6440b34369627a3572d3672dc2a517fb00d36e14d", "asset_id": "9226860310004753293568894936621612350108342756365746989216464897813474768967", "timestamp": "1769383963199", "hash": "ce78e69d01144ec5e760abac480f37790cd0b2e7", "bids": [{"price": "0.01", "size": "385.01"}, {"price": "0.02", "size": "32.49"}], "asks": [{"price": "0.99", "size": "573.5"}, {"price": "0.98", "size": "256.37"}, {"price": "0.97", "size": "21.25"}, {"price": "0.96", "size": "5.47"}], "event_type": "book", "last_trade_price": ""}, {"market": "0x11d4fea739e235271e96636c9b723379bed43663b6bcb5ff6ddd13279466f7af", "asset_id": "66187505580424581981360725089774070479567263784677664446552969917514620387458", "timestamp": "1769383963199", "hash": "00e968663d66c67fd1df274bfe1edac14c666fd4", "bids": [{"price": "0.01", "size": "360.51"}, {"price": "0.02", "size": "177"}, {"price": "0.03", "size": "29.82"}, {"price": "0.46", "size": "17.6"}], "asks": [{"price": "0.99", "size": "573.64"}, {"price": "0.98", "size": "141.03"}, {"price": "0.97", "size": "20.76"}, {"price": "0.96", "size": "5.47"}], "event_type": "book", "last_trade_price": ""}, {"market": "0x61b65210c77c826e3de10f05daaac0737c0fd1276d94ce0c4b49361c9fac12bb", "asset_id": "72628899397748608990597325762661413190325023117847265894827334211031637815386", "timestamp": "1769382483673", "hash": "acb7b7595f2316811a571967e7e70fb0c82fc705", "bids": [{"price": "0.01", "size": "714.79"}, {"price": "0.02", "size": "26.16"}, {"price": "0.04", "size": "49"}, {"price": "0.05", "size": "149"}, {"price": "0.06", "size": "10.95"}], "asks": [{"price": "0.99", "size": "718.81"}, {"price": "0.98", "size": "25.56"}, {"price": "0.97", "size": "16"}, {"price": "0.96", "size": "48"}, {"price": "0.95", "size": "106.01"}], "event_type": "book", "last_trade_price": ""}, {"market": "0xf8bb88af3e06b00d2b8167e390ece5abdc3f980118ff53af220384e558915da6", "asset_id": "17897519007479627789046197636902268887791971909026774556401991466848350899588", "timestamp": "1769382483697", "hash": "ab9eb04aa90cac1e53abff94e076285034e55caa", "bids": [{"price": "0.01", "size": "385.01"}, {"price": "0.02", "size": "32.49"}], "asks": [{"price": "0.99", "size": "572.05"}, {"price": "0.98", "size": "146.48"}, {"price": "0.97", "size": "18.99"}, {"price": "0.96", "size": "5.47"}], "event_type": "book", "last_trade_price": ""}]}
