{"_local_timestamp": "2026-01-25T23:33:20.188440+00:00", "data": [{"market": "0xe655180a65e17b6959aa722821312de23513cba6c6d2e3a55f47f198977316bf", "asset_id": "47848555635748009983462962481545341194026880518141560747711492227563791266566", "timestamp": "1769383905194", "hash": "cfb115b69465ca9c847972db5e4f33e7c2a5da65", "bids": [{"price": "0.01", "size": "510000"}, {"price": "0.04", "size": "20000"}, {"price": "0.09", "size": "400"}, {"price": "0.14", "size": "242.85"}, {"price": "0.18", "size": "177.77"}, {"price": "0.19", "size": "3052"}, {"price": "0.23", "size": "121.73"}, {"price": "0.27", "size": "96.29"}, {"price": "0.32", "size": "75"}, {"price": "0.34", "size": "4062"}, {"price": "0.35", "size": "300"}, {"price": "0.36", "size": "55.55"}, {"price": "0.37", "size": "10"}, {"price": "0.86", "size": "111"}, {"price": "0.88", "size": "575.83"}, {"price": "0.89", "size": "2881.79"}], "asks": [{"price": "0.99", "size": "10080"}, {"price": "0.98", "size": "250"}, {"price": "0.97", "size": "20"}, {"price": "0.96", "size": "10"}, {"price": "0.93", "size": "625"}, {"price": "0.92", "size": "3065.99"}, {"price": "0.91", "size": "1624.16"}], "event_type": "book", "last_trade_price": "0.890"}, {"market": "0x0465cd005a54781e052b679e2c42c7ae5b772490fdda54316f157bf537536456", "asset_id": "37755135088405799849800190027343457715121200916302661996402931566317384140291", "timestamp": "1769383986540", "hash": "13570b888e1d87156672fa06dd8016fb7be998ea", "bids": [{"price": "0.01", "size": "510000"}, {"price": "0.03", "size": "5000"}, {"price": "0.05", "size": "15000"}, {"price": "0.06", "size": "9000"}, {"price": "0.09", "size": "400"}, {"price": "0.14", "size": "242.85"}, {"price": "0.18", "size": "177.77"}, {"price": "0.19", "size": "842"}, {"price": "0.2", "size": "2100"}, {"price": "0.23", "size": "121.73"}, {"price": "0.27", "size": "96.29"}, {"price": "0.28", "size": "7"}, {"price": "0.3", "size": "4611"}, {"price": "0.31", "size": "300"}, {"price": "0.32", "size": "75"}, {"price": "0.36", "size": "55.55"}, {"price": "0.64", "size": "10"}, {"price": "0.65", "size": "20"}, {"price": "0.87", "size": "214.9"}, {"price": "0.88", "size": "361"}, {"price": "0.89", "size": "2939.24"}], "asks": [{"price": "0.99", "size": "95"}, {"price": "0.92", "size": "3191"}, {"price": "0.91", "size": "450.61"}], "event_type": "book", "last_trade_price": ""}, {"market": "0x0465cd005a54781e052b679e2c42c7ae5b772490fdda54316f157bf537536456", "asset_id": "109815773012907461372639157658293071578555374097742562684476865021743386609433", "timestamp": "1769383986540", "hash": "ce4af4d0952ebc6b08338b81588300c54e5b3f11", "bids": [{"price": "0.01", "size": "95"}, {"price": "0.08", "size": "3191"}, {"price": "0.09", "size": "450.61"}], "asks": [{"price": "0.99", "size": "510000"}, {"price": "0.97", "size": "5000"}, {"price": "0.95", "size": "15000"}, {"price": "0.94", "size": "9000"}, {"price": "0.91", "size": "400"}, {"price": "0.86", "size": "242.85"}, {"price": "0.82", "size": "177.77"}, {"price": "0.81", "size": "842"}, {"price": "0.8", "size": "2100"}, {"price": "0.77", "size": "121.73"}, {"price": "0.73", "size": "96.29"}, {"price": "0.72", "size": "7"}, {"price": "0.7", "size": "4611"}, {"price": "0.69", "size": "300"}, {"price": "0.68", "size": "75"}, {"price": "0.64", "size": "55.55"}, {"price": "0.36", "size": "10"}, {"price": "0.35", "size": "20"}, {"price": "0.13", "size": "214.9"}, {"price": "0.12", "size": "361"}, {"price": "0.11", "size": "2939.24"}], "event_type": "book", "last_trade_price": ""}, {"market": "0xe655180a65e17b6959aa722821312de23513cba6c6d2e3a55f47f198977316bf", "asset_id": "93154595056268120397334102801062018916555787278126869430194069115332749753248", "timestamp": "1769383905194", "hash": "4bb5569a4e7f8901853a38d567d5bfb9f3cfca70", "bids": [{"price": "0.01", "size": "10080"}, {"price": "0.02", "size": "250"}, {"price": "0.03", "size": "20"}, {"price": "0.04", "size": "10"}, {"price": "0.07", "size": "625"}, {"price": "0.08", "size": "3065.99"}, {"price": "0.09", "size": "1624.16"}], "asks": [{"price": "0.99", "size": "510000"}, {"price": "0.96", "size": "20000"}, {"price": "0.91", "size": "400"}, {"price": "0.86", "size": "242.85"}, {"price": "0.82", "size": "177.77"}, {"price": "0.81", "size": "3052"}, {"price": "0.77", "size": "121.73"}, {"price": "0.73", "size": "96.29"}, {"price": "0.68", "size": "75"}, {"price": "0.66", "size": "4062"}, {"price": "0.65", "size": "300"}, {"price": "0.64", "size": "55.55"}, {"price": "0.63", "size": "10"}, {"price": "0.14", "size": "111"}, {"price": "0.12", "size": "575.83"}, {"price": "0.11", "size": "2881.79"}], "event_type": "book", "last_trade_price": "0.890"}]}
{"_local_timestamp": "2026-01-25T23:34:01.563141+00:00", "data": {"market": "0x0465cd005a54781e052b679e2c42c7ae5b772490fdda54316f157bf537536456", "price_changes": [{"asset_id": "37755135088405799849800190027343457715121200916302661996402931566317384140291", "price": "0.64", "size": "0", "side": "BUY", "hash": "e5576169089774a40a8f5c00a8e74da23e705e82", "best_bid": "0.89", "best_ask": "0.91"}, {"asset_id": "109815773012907461372639157658293071578555374097742562684476865021743386609433", "price": "0.36", "size": "0", "side": "SELL", "hash": "3647ba6424b8a8e1757f3bab1a8a10a9ca0415af", "best_bid": "0.09", "best_ask": "0.11"}], "timestamp": "1769384041485", "event_type": "price_change"}}
{"_local_timestamp": "2026-01-25T23:34:01.749026+00:00", "data": {"market": "0x0465cd005a54781e052b679e2c42c7ae5b772490fdda54316f157bf537536456", "price_changes": [{"asset_id": "37755135088405799849800190027343457715121200916302661996402931566317384140291", "price": "0.66", "size": "10", "side": "BUY", "hash": "2195b5af6f3b16beeaa638f46138fb5b0e7d78e9", "best_bid": "0.89", "best_ask": "0.91"}, {"asset_id": "109815773012907461372639157658293071578555374097742562684476865021743386609433", "price": "0.34", "size": "10", "side": "SELL", "hash": "46c266764d12bdd8abbd11c25bf5e2b3e3cb1559", "best_bid": "0.09", "best_ask": "0.11"}], "timestamp": "1769384041682", "event_type": "price_change"}}
{"_local_timestamp": "2026-01-25T23:34:03.892538+00:00", "data": {"market": "0x0465cd005a54781e052b679e2c42c7ae5b772490fdda54316f157bf537536456", "price_changes": [{"asset_id": "37755135088405799849800190027343457715121200916302661996402931566317384140291", "price": "0.65", "size": "0", "side": "BUY", "hash": "d0bc6305ab37b3384191e222389bebe3896a5f86", "best_bid": "0.89", "best_ask": "0.91"}, {"asset_id": "109815773012907461372639157658293071578555374097742562684476865021743386609433", "price": "0.35", "size": "0", "side": "SELL", "hash": "1583658469623f35ebbbede35c0daff4e0787dcc", "best_bid": "0.09", "best_ask": "0.11"}], "timestamp": "1769384043668", "event_type": "price_change"}}
{"_local_timestamp": "2026-01-25T23:34:03.913047+00:00", "data": {"market": "0x0465cd005a54781e052b679e2c42c7ae5b772490fdda54316f157bf537536456", "price_changes": [{"asset_id": "37755135088405799849800190027343457715121200916302661996402931566317384140291", "price": "0.67", "size": "20", "side": "BUY", "hash": "1d40f0f29d2f8ff9a1db165bafc966b2a07b7a40", "best_bid": "0.89", "best_ask": "0.91"}, {"asset_id": "109815773012907461372639157658293071578555374097742562684476865021743386609433", "price": "0.33", "size": "20", "side": "SELL", "hash": "25e9b2575ad356644c51907d72254558ee6de89e", "best_bid": "0.09", "best_ask": "0.11"}], "timestamp": "1769384043696", "event_type": "price_change"}}
{"_local_timestamp": "2026-01-25T23:35:01.899712+00:00", "data": {"market": "0x0465cd005a54781e052b679e2c42c7ae5b772490fdda54316f157bf537536456", "price_changes": [{"asset_id": "37755135088405799849800190027343457715121200916302661996402931566317384140291", "price": "0.66", "size": "0", "side": "BUY", "hash": "e827429e498d426c1ed088d41dec1eb9ff5a4f15", "best_bid": "0.89", "best_ask": "0.91"}, {"asset_id": "109815773012907461372639157658293071578555374097742562684476865021743386609433", "price": "0.34", "size": "0", "side": "SELL", "hash": "ed11dd569dc57e6ea08792c7ee5c8f7df0d6ea15", "best_bid": "0.09", "best_ask": "0.11"}], "timestamp": "1769384101820", "event_type": "price_change"}}
{"_local_timestamp": "2026-01-25T23:35:01.977824+00:00", "data": {"market": "0x0465cd005a54781e052b679e2c42c7ae5b772490fdda54316f157bf537536456", "price_changes": [{"asset_id": "37755135088405799849800190027343457715121200916302661996402931566317384140291", "price": "0.68", "size": "10", "side": "BUY", "hash": "92e0cced3954bfb3d5dcb26e82690cbabf8560e6", "best_bid": "0.89", "best_ask": "0.91"}, {"asset_id": "109815773012907461372639157658293071578555374097742562684476865021743386609433", "price": "0.32", "size": "10", "side": "SELL", "hash": "649efdb27a937216806e404c1c5e4326dd829cea", "best_bid": "0.09", "best_ask": "0.11"}], "timestamp": "1769384101912", "event_type": "price_change"}}
{"_local_timestamp": "2026-01-25T23:35:04.729726+00:00", "data": {"market": "0x0465cd005a54781e052b679e2c42c7ae5b772490fdda54316f157bf537536456", "price_changes": [{"asset_id": "37755135088405799849800190027343457715121200916302661996402931566317384140291", "price": "0.67", "size": "0", "side": "BUY", "hash": "25c65011cc6f052b537dacc037a75ad1b73c192c", "best_bid": "0.89", "best_ask": "0.91"}, {"asset_id": "109815773012907461372639157658293071578555374097742562684476865021743386609433", "price": "0.33", "size": "0", "side": "SELL", "hash": "0d28390c54c487d82534c45e1b28e256a23811ff", "best_bid": "0.09", "best_ask": "0.11"}], "timestamp": "1769384104652", "event_type": "price_change"}}
{"_local_timestamp": "2026-01-25T23:35:04.748930+00:00", "data": {"market": "0x0465cd005a54781e052b679e2c42c7ae5b772490fdda54316f157bf537536456", "price_changes": [{"asset_id": "37755135088405799849800190027343457715121200916302661996402931566317384140291", "price": "0.69", "size": "20", "side": "BUY", "hash": "2ebeb9373ac6a4fa3f06815b774ff5d9b50847bd", "best_bid": "0.89", "best_ask": "0.91"}, {"asset_id": "109815773012907461372639157658293071578555374097742562684476865021743386609433", "price": "0.31", "size": "20", "side": "SELL", "hash": "d427048a4c90e540ce2d53407f710256aa7fb77f", "best_bid": "0.09", "best_ask": "0.11"}], "timestamp": "1769384104680", "event_type": "price_change"}}
