{"_local_timestamp": "2026-01-25T23:33:45.000178+00:00", "data": [{"market": "0x7254ea91de903eb93caff7bceffe9d52c6c1e8008b8e9f1ec92f0d436d576e6f", "asset_id": "57813918059594326240723122101019948264363935948425542619841087488616187108362", "timestamp": "1769384012752", "hash": "592ac9b3d2ad8072193566006acf9ccfe5becacc", "bids": [{"price": "0.001", "size": "99999"}, {"price": "0.002", "size": "55000"}, {"price": "0.008", "size": "155"}, {"price": "0.01", "size": "27000"}, {"price": "0.011", "size": "55710"}, {"price": "0.08", "size": "155"}, {"price": "0.097", "size": "100"}, {"price": "0.099", "size": "100"}, {"price": "0.1", "size": "3500"}, {"price": "0.101", "size": "10000"}, {"price": "0.47", "size": "100"}, {"price": "0.49", "size": "100"}, {"price": "0.497", "size": "100"}, {"price": "0.499", "size": "300"}, {"price": "0.5", "size": "264"}, {"price": "0.75", "size": "60"}, {"price": "0.767", "size": "60"}, {"price": "0.768", "size": "264"}, {"price": "0.769", "size": "60"}, {"price": "0.77", "size": "60"}, {"price": "0.771", "size": "53"}, {"price": "0.772", "size": "25"}, {"price": "0.773", "size": "5.47"}, {"price": "0.991", "size": "300"}, {"price": "0.992", "size": "1000"}, {"price": "0.999", "size": "113303.1"}], "asks": [], "event_type": "book", "last_trade_price": "0.999"}, {"market": "0x22949e8e6cd04e81e5cfe7f724015fee090cbe6597c63c2653ff618bbb98eb7e", "asset_id": "52642199282404533726517565769229499250629883469539644363585184978630481675817", "timestamp": "1769384012751", "hash": "fae544e9d566177234e3e24680d62a36a6aab064", "bids": [{"price": "0.001", "size": "99999"}, {"price": "0.002", "size": "55000"}, {"price": "0.008", "size": "155"}, {"price": "0.01", "size": "27000"}, {"price": "0.011", "size": "55710"}, {"price": "0.08", "size": "155"}, {"price": "0.097", "size": "100"}, {"price": "0.099", "size": "100"}, {"price": "0.1", "size": "3500"}, {"price": "0.101", "size": "10000"}, {"price": "0.47", "size": "100"}, {"price": "0.49", "size": "100"}, {"price": "0.497", "size": "100"}, {"price": "0.499", "size": "300"}, {"price": "0.5", "size": "264"}, {"price": "0.65", "size": "7.69"}, {"price": "0.75", "size": "60"}, {"price": "0.767", "size": "60"}, {"price": "0.768", "size": "264"}, {"price": "0.769", "size": "60"}, {"price": "0.77", "size": "60"}, {"price": "0.771", "size": "53"}, {"price": "0.991", "size": "300"}, {"price": "0.997", "size": "1000"}, {"price": "0.998", "size": "27.56"}, {"price": "0.999", "size": "113298"}], "asks": [], "event_type": "book", "last_trade_price": ""}, {"market": "0x7254ea91de903eb93caff7bceffe9d52c6c1e8008b8e9f1ec92f0d436d576e6f", "asset_id": "77580704768779629538652841524456953891479588761682847084935111175737832134383", "timestamp": "1769384012752", "hash": "5d305c755d506b584708eb3aecc479815e78f725", "bids": [], "asks": [{"price": "0.999", "size": "99999"}, {"price": "0.998", "size": "55000"}, {"price": "0.992", "size": "155"}, {"price": "0.99", "size": "27000"}, {"price": "0.989", "size": "55710"}, {"price": "0.92", "size": "155"}, {"price": "0.903", "size": "100"}, {"price": "0.901", "size": "100"}, {"price": "0.9", "size": "3500"}, {"price": "0.899", "size": "10000"}, {"price": "0.53", "size": "100"}, {"price": "0.51", "size": "100"}, {"price": "0.503", "size": "100"}, {"price": "0.501", "size": "300"}, {"price": "0.5", "size": "264"}, {"price": "0.25", "size": "60"}, {"price": "0.233", "size": "60"}, {"price": "0.232", "size": "264"}, {"price": "0.231", "size": "60"}, {"price": "0.23", "size": "60"}, {"price": "0.229", "size": "53"}, {"price": "0.228", "size": "25"}, {"price": "0.227", "size": "5.47"}, {"price": "0.009", "size": "300"}, {"price": "0.008", "size": "1000"}, {"price": "0.001", "size": "113303.1"}], "event_type": "book", "last_trade_price": "0.999"}, {"market": "0x22949e8e6cd04e81e5cfe7f724015fee090cbe6597c63c2653ff618bbb98eb7e", "asset_id": "110863992693967844921329720389720011394304822266141187734597926478639148554489", "timestamp": "1769384012751", "hash": "da2b36ea8b6f0390c18685b39de03555edaf0f26", "bids": [], "asks": [{"price": "0.999", "size": "99999"}, {"price": "0.998", "size": "55000"}, {"price": "0.992", "size": "155"}, {"price": "0.99", "size": "27000"}, {"price": "0.989", "size": "55710"}, {"price": "0.92", "size": "155"}, {"price": "0.903", "size": "100"}, {"price": "0.901", "size": "100"}, {"price": "0.9", "size": "3500"}, {"price": "0.899", "size": "10000"}, {"price": "0.53", "size": "100"}, {"price": "0.51", "size": "100"}, {"price": "0.503", "size": "100"}, {"price": "0.501", "size": "300"}, {"price": "0.5", "size": "264"}, {"price": "0.35", "size": "7.69"}, {"price": "0.25", "size": "60"}, {"price": "0.233", "size": "60"}, {"price": "0.232", "size": "264"}, {"price": "0.231", "size": "60"}, {"price": "0.23", "size": "60"}, {"price": "0.229", "size": "53"}, {"price": "0.009", "size": "300"}, {"price": "0.003", "size": "1000"}, {"price": "0.002", "size": "27.56"}, {"price": "0.001", "size": "113298"}], "event_type": "book", "last_trade_price": ""}]}
{"_local_timestamp": "2026-01-25T23:33:45.891544+00:00", "data": {"market": "0x7254ea91de903eb93caff7bceffe9d52c6c1e8008b8e9f1ec92f0d436d576e6f", "price_changes": [{"asset_id": "57813918059594326240723122101019948264363935948425542619841087488616187108362", "price": "0.999", "size": "100005.1", "side": "BUY", "hash": "42bda094f4d7490f94b40512e7c82555cdcb59be", "best_bid": "0.999", "best_ask": "1"}, {"asset_id": "77580704768779629538652841524456953891479588761682847084935111175737832134383", "price": "0.001", "size": "100005.1", "side": "SELL", "hash": "6d105e2d33cbc69ac9ff76f535748bafbf781eb0", "best_bid": "0", "best_ask": "0.001"}], "timestamp": "1769384025807", "event_type": "price_change"}}
{"_local_timestamp": "2026-01-25T23:33:45.911870+00:00", "data": {"market": "0x22949e8e6cd04e81e5cfe7f724015fee090cbe6597c63c2653ff618bbb98eb7e", "price_changes": [{"asset_id": "52642199282404533726517565769229499250629883469539644363585184978630481675817", "price": "0.999", "size": "100000", "side": "BUY", "hash": "b90396ad25fd2364f8d969eb2358750a712817aa", "best_bid": "0.999", "best_ask": "1"}, {"asset_id": "110863992693967844921329720389720011394304822266141187734597926478639148554489", "price": "0.001", "size": "100000", "side": "SELL", "hash": "52f059814dcdb40916eab9fe1d3c801d6a571751", "best_bid": "0", "best_ask": "0.001"}], "timestamp": "1769384025808", "event_type": "price_change"}}
{"_local_timestamp": "2026-01-25T23:33:47.584317+00:00", "data": {"market": "0x22949e8e6cd04e81e5cfe7f724015fee090cbe6597c63c2653ff618bbb98eb7e", "price_changes": [{"asset_id": "52642199282404533726517565769229499250629883469539644363585184978630481675817", "price": "0.999", "size": "102497", "side": "BUY", "hash": "e342fe42d669a8814c9b96b880bee69a37bfa7b8", "best_bid": "0.999", "best_ask": "1"}, {"asset_id": "110863992693967844921329720389720011394304822266141187734597926478639148554489", "price": "0.001", "size": "102497", "side": "SELL", "hash": "3415270fed8ac5f7d9da461e2ebabfd4d181f300", "best_bid": "0", "best_ask": "0.001"}], "timestamp": "1769384027508", "event_type": "price_change"}}
{"_local_timestamp": "2026-01-25T23:33:47.587914+00:00", "data": {"market": "0x7254ea91de903eb93caff7bceffe9d52c6c1e8008b8e9f1ec92f0d436d576e6f", "price_changes": [{"asset_id": "57813918059594326240723122101019948264363935948425542619841087488616187108362", "price": "0.999", "size": "102502.1", "side": "BUY", "hash": "0255d6d013727cf68e2b2da48b5376983a8c14a1", "best_bid": "0.999", "best_ask": "1"}, {"asset_id": "77580704768779629538652841524456953891479588761682847084935111175737832134383", "price": "0.001", "size": "102502.1", "side": "SELL", "hash": "d084ea733f33ae49e6f111fc200a36d64953679b", "best_bid": "0", "best_ask": "0.001"}], "timestamp": "1769384027508", "event_type": "price_change"}}
{"_local_timestamp": "2026-01-25T23:33:48.005810+00:00", "data": {"market": "0x22949e8e6cd04e81e5cfe7f724015fee090cbe6597c63c2653ff618bbb98eb7e", "price_changes": [{"asset_id": "52642199282404533726517565769229499250629883469539644363585184978630481675817", "price": "0.999", "size": "104993", "side": "BUY", "hash": "ab988822f4eb2d822654d65585dc31c88388bb20", "best_bid": "0.999", "best_ask": "1"}, {"asset_id": "110863992693967844921329720389720011394304822266141187734597926478639148554489", "price": "0.001", "size": "104993", "side": "SELL", "hash": "c9930a5fab6297dbd03d63e491f8da17c85e2ce4", "best_bid": "0", "best_ask": "0.001"}], "timestamp": "1769384027922", "event_type": "price_change"}}
{"_local_timestamp": "2026-01-25T23:33:48.006657+00:00", "data": {"market": "0x7254ea91de903eb93caff7bceffe9d52c6c1e8008b8e9f1ec92f0d436d576e6f", "price_changes": [{"asset_id": "57813918059594326240723122101019948264363935948425542619841087488616187108362", "price": "0.999", "size": "104998.1", "side": "BUY", "hash": "93633f51876b3192ca49f7463334439331ba4801", "best_bid": "0.999", "best_ask": "1"}, {"asset_id": "77580704768779629538652841524456953891479588761682847084935111175737832134383", "price": "0.001", "size": "104998.1", "side": "SELL", "hash": "ecc5c9d15a8eb822df952bb1097278ff8ca81060", "best_bid": "0", "best_ask": "0.001"}], "timestamp": "1769384027922", "event_type": "price_change"}}
{"_local_timestamp": "2026-01-25T23:33:48.503690+00:00", "data": {"market": "0x7254ea91de903eb93caff7bceffe9d52c6c1e8008b8e9f1ec92f0d436d576e6f", "price_changes": [{"asset_id": "57813918059594326240723122101019948264363935948425542619841087488616187108362", "price": "0.999", "size": "107493.1", "side": "BUY", "hash": "e9463d5bade3e45e1112a3a25ff61f3e476d75c3", "best_bid": "0.999", "best_ask": "1"}, {"asset_id": "77580704768779629538652841524456953891479588761682847084935111175737832134383", "price": "0.001", "size": "107493.1", "side": "SELL", "hash": "82f17bba9ad82423ebbc64276a3ac0deb8ee7e35", "best_bid": "0", "best_ask": "0.001"}], "timestamp": "1769384028431", "event_type": "price_change"}}
{"_local_timestamp": "2026-01-25T23:33:48.525069+00:00", "data": {"market": "0x22949e8e6cd04e81e5cfe7f724015fee090cbe6597c63c2653ff618bbb98eb7e", "price_changes": [{"asset_id": "52642199282404533726517565769229499250629883469539644363585184978630481675817", "price": "0.999", "size": "107488", "side": "BUY", "hash": "558aeb32ff13eb927ca0a809e1e6181a1582545d", "best_bid": "0.999", "best_ask": "1"}, {"asset_id": "110863992693967844921329720389720011394304822266141187734597926478639148554489", "price": "0.001", "size": "107488", "side": "SELL", "hash": "117d1adc50916e1cc0032d493a51c4073af82972", "best_bid": "0", "best_ask": "0.001"}], "timestamp": "1769384028431", "event_type": "price_change"}}
{"_local_timestamp": "2026-01-25T23:33:49.322444+00:00", "data": {"market": "0x22949e8e6cd04e81e5cfe7f724015fee090cbe6597c63c2653ff618bbb98eb7e", "price_changes": [{"asset_id": "52642199282404533726517565769229499250629883469539644363585184978630481675817", "price": "0.999", "size": "108111", "side": "BUY", "hash": "3023c200145dcfb1f3ecc37c8757168f7a8816e7", "best_bid": "0.999", "best_ask": "1"}, {"asset_id": "110863992693967844921329720389720011394304822266141187734597926478639148554489", "price": "0.001", "size": "108111", "side": "SELL", "hash": "5defd80c78f5e06d87e9f3b8134ed4de8bd4db70", "best_bid": "0", "best_ask": "0.001"}], "timestamp": "1769384029240", "event_type": "price_change"}}
{"_local_timestamp": "2026-01-25T23:33:49.327957+00:00", "data": {"market": "0x7254ea91de903eb93caff7bceffe9d52c6c1e8008b8e9f1ec92f0d436d576e6f", "price_changes": [{"asset_id": "57813918059594326240723122101019948264363935948425542619841087488616187108362", "price": "0.999", "size": "108116.1", "side": "BUY", "hash": "46e2fbe7b5a75d254f710b7b2ed22a27ee07f6d1", "best_bid": "0.999", "best_ask": "1"}, {"asset_id": "77580704768779629538652841524456953891479588761682847084935111175737832134383", "price": "0.001", "size": "108116.1", "side": "SELL", "hash": "ef307578cf0ce7a376b3afeb34331897b177b557", "best_bid": "0", "best_ask": "0.001"}], "timestamp": "1769384029240", "event_type": "price_change"}}
{"_local_timestamp": "2026-01-25T23:33:49.787886+00:00", "data": {"market": "0x7254ea91de903eb93caff7bceffe9d52c6c1e8008b8e9f1ec92f0d436d576e6f", "price_changes": [{"asset_id": "57813918059594326240723122101019948264363935948425542619841087488616187108362", "price": "0.999", "size": "108738.1", "side": "BUY", "hash": "1ddc2027ffe9b227d4e8a223ef74d468fffc92cd", "best_bid": "0.999", "best_ask": "1"}, {"asset_id": "77580704768779629538652841524456953891479588761682847084935111175737832134383", "price": "0.001", "size": "108738.1", "side": "SELL", "hash": "9d8380b319b3845321dbc63271c0130dc3193731", "best_bid": "0", "best_ask": "0.001"}], "timestamp": "1769384029717", "event_type": "price_change"}}
{"_local_timestamp": "2026-01-25T23:33:49.788333+00:00", "data": {"market": "0x22949e8e6cd04e81e5cfe7f724015fee090cbe6597c63c2653ff618bbb98eb7e", "price_changes": [{"asset_id": "52642199282404533726517565769229499250629883469539644363585184978630481675817", "price": "0.999", "size": "108733", "side": "BUY", "hash": "eb8ba7135acb8c98d10df63385f241ff509892d1", "best_bid": "0.999", "best_ask": "1"}, {"asset_id": "110863992693967844921329720389720011394304822266141187734597926478639148554489", "price": "0.001", "size": "108733", "side": "SELL", "hash": "962a82b4fef91b72b373f9cab95ad96746e59894", "best_bid": "0", "best_ask": "0.001"}], "timestamp": "1769384029717", "event_type": "price_change"}}
{"_local_timestamp": "2026-01-25T23:33:51.620457+00:00", "data": {"market": "0x7254ea91de903eb93caff7bceffe9d52c6c1e8008b8e9f1ec92f0d436d576e6f", "price_changes": [{"asset_id": "57813918059594326240723122101019948264363935948425542619841087488616187108362", "price": "0.999", "size": "108893.1", "side": "BUY", "hash": "b6648ac7253d7bee4da288c3f44e804296835669", "best_bid": "0.999", "best_ask": "1"}, {"asset_id": "77580704768779629538652841524456953891479588761682847084935111175737832134383", "price": "0.001", "size": "108893.1", "side": "SELL", "hash": "64f3a388097308c97056eb2678e0fce1bc1dcb83", "best_bid": "0", "best_ask": "0.001"}], "timestamp": "1769384031549", "event_type": "price_change"}}
{"_local_timestamp": "2026-01-25T23:33:51.621785+00:00", "data": {"market": "0x22949e8e6cd04e81e5cfe7f724015fee090cbe6597c63c2653ff618bbb98eb7e", "price_changes": [{"asset_id": "52642199282404533726517565769229499250629883469539644363585184978630481675817", "price": "0.999", "size": "108888", "side": "BUY", "hash": "29d92a2eadc45384915447ea2e72dcc99a9c31cb", "best_bid": "0.999", "best_ask": "1"}, {"asset_id": "110863992693967844921329720389720011394304822266141187734597926478639148554489", "price": "0.001", "size": "108888", "side": "SELL", "hash": "ff5efdec6925199f586b8fc8cc074cf11600dffc", "best_bid": "0", "best_ask": "0.001"}], "timestamp": "1769384031550", "event_type": "price_change"}}
{"_local_timestamp": "2026-01-25T23:33:52.628362+00:00", "data": {"market": "0x22949e8e6cd04e81e5cfe7f724015fee090cbe6597c63c2653ff618bbb98eb7e", "price_changes": [{"asset_id": "52642199282404533726517565769229499250629883469539644363585184978630481675817", "price": "0.999", "size": "109042", "side": "BUY", "hash": "d1737e3a4dfaffd5822e2ad9798a897cda7ccad7", "best_bid": "0.999", "best_ask": "1"}, {"asset_id": "110863992693967844921329720389720011394304822266141187734597926478639148554489", "price": "0.001", "size": "109042", "side": "SELL", "hash": "63dcc8cb7d3206445382d6a8f26cc40674478e9b", "best_bid": "0", "best_ask": "0.001"}], "timestamp": "1769384032544", "event_type": "price_change"}}
{"_local_timestamp": "2026-01-25T23:33:52.631203+00:00", "data": {"market": "0x7254ea91de903eb93caff7bceffe9d52c6c1e8008b8e9f1ec92f0d436d576e6f", "price_changes": [{"asset_id": "57813918059594326240723122101019948264363935948425542619841087488616187108362", "price": "0.999", "size": "109047.1", "side": "BUY", "hash": "748870b527eddeea5ac54930bc035028d731f0bb", "best_bid": "0.999", "best_ask": "1"}, {"asset_id": "77580704768779629538652841524456953891479588761682847084935111175737832134383", "price": "0.001", "size": "109047.1", "side": "SELL", "hash": "8753463e0d1298d3dbc41106eb26643de7be47f2", "best_bid": "0", "best_ask": "0.001"}], "timestamp": "1769384032544", "event_type": "price_change"}}
{"_local_timestamp": "2026-01-25T23:33:52.958904+00:00", "data": {"market": "0x22949e8e6cd04e81e5cfe7f724015fee090cbe6597c63c2653ff618bbb98eb7e", "price_changes": [{"asset_id": "52642199282404533726517565769229499250629883469539644363585184978630481675817", "price": "0.999", "size": "109195", "side": "BUY", "hash": "d0e8e39b929fa0f70adc95348b47c19f96653745", "best_bid": "0.999", "best_ask": "1"}, {"asset_id": "110863992693967844921329720389720011394304822266141187734597926478639148554489", "price": "0.001", "size": "109195", "side": "SELL", "hash": "84a7e8c6189cb2973ca164eb9c831c64d1d01f60", "best_bid": "0", "best_ask": "0.001"}], "timestamp": "1769384032892", "event_type": "price_change"}}
{"_local_timestamp": "2026-01-25T23:33:52.971677+00:00", "data": {"market": "0x7254ea91de903eb93caff7bceffe9d52c6c1e8008b8e9f1ec92f0d436d576e6f", "price_changes": [{"asset_id": "57813918059594326240723122101019948264363935948425542619841087488616187108362", "price": "0.999", "size": "109200.1", "side": "BUY", "hash": "046860df120b2858959eadab6458db54be6f6041", "best_bid": "0.999", "best_ask": "1"}, {"asset_id": "77580704768779629538652841524456953891479588761682847084935111175737832134383", "price": "0.001", "size": "109200.1", "side": "SELL", "hash": "24bf0ece441e026809d77e3828233363a430bdc4", "best_bid": "0", "best_ask": "0.001"}], "timestamp": "1769384032892", "event_type": "price_change"}}
{"_local_timestamp": "2026-01-25T23:33:54.575810+00:00", "data": {"market": "0x22949e8e6cd04e81e5cfe7f724015fee090cbe6597c63c2653ff618bbb98eb7e", "price_changes": [{"asset_id": "52642199282404533726517565769229499250629883469539644363585184978630481675817", "price": "0.999", "size": "109232", "side": "BUY", "hash": "319c9b9b57fea4400f4d78aa078a2b77d658a30f", "best_bid": "0.999", "best_ask": "1"}, {"asset_id": "110863992693967844921329720389720011394304822266141187734597926478639148554489", "price": "0.001", "size": "109232", "side": "SELL", "hash": "34f5824bcf13d0ca1eb5023fec1cef4f6dff112d", "best_bid": "0", "best_ask": "0.001"}], "timestamp": "1769384034492", "event_type": "price_change"}}
{"_local_timestamp": "2026-01-25T23:33:54.580221+00:00", "data": {"market": "0x7254ea91de903eb93caff7bceffe9d52c6c1e8008b8e9f1ec92f0d436d576e6f", "price_changes": [{"asset_id": "57813918059594326240723122101019948264363935948425542619841087488616187108362", "price": "0.999", "size": "109237.1", "side": "BUY", "hash": "33d49a7da4d8f7df98b0cc0f830729eae477875a", "best_bid": "0.999", "best_ask": "1"}, {"asset_id": "77580704768779629538652841524456953891479588761682847084935111175737832134383", "price": "0.001", "size": "109237.1", "side": "SELL", "hash": "65e9565aae0d90f488ea4978985bdbb901a90523", "best_bid": "0", "best_ask": "0.001"}], "timestamp": "1769384034492", "event_type": "price_change"}}
{"_local_timestamp": "2026-01-25T23:33:55.236814+00:00", "data": {"market": "0x7254ea91de903eb93caff7bceffe9d52c6c1e8008b8e9f1ec92f0d436d576e6f", "price_changes": [{"asset_id": "57813918059594326240723122101019948264363935948425542619841087488616187108362", "price": "0.999", "size": "109273.1", "side": "BUY", "hash": "78386f86618dc5511720b1b62816e7efaf687eba", "best_bid": "0.999", "best_ask": "1"}, {"asset_id": "77580704768779629538652841524456953891479588761682847084935111175737832134383", "price": "0.001", "size": "109273.1", "side": "SELL", "hash": "598f8a65051697d7e5ddb8b3881c3888aafd7e5c", "best_bid": "0", "best_ask": "0.001"}], "timestamp": "1769384035136", "event_type": "price_change"}}
{"_local_timestamp": "2026-01-25T23:33:55.245629+00:00", "data": {"market": "0x22949e8e6cd04e81e5cfe7f724015fee090cbe6597c63c2653ff618bbb98eb7e", "price_changes": [{"asset_id": "52642199282404533726517565769229499250629883469539644363585184978630481675817", "price": "0.999", "size": "109268", "side": "BUY", "hash": "f849249e83201b6cc11fa8b16d35adeaa697d114", "best_bid": "0.999", "best_ask": "1"}, {"asset_id": "110863992693967844921329720389720011394304822266141187734597926478639148554489", "price": "0.001", "size": "109268", "side": "SELL", "hash": "0ab680c2f14ad76f1ffb0ec6b9a1b3513e0768fe", "best_bid": "0", "best_ask": "0.001"}], "timestamp": "1769384035136", "event_type": "price_change"}}
{"_local_timestamp": "2026-01-25T23:33:55.654709+00:00", "data": {"market": "0x7254ea91de903eb93caff7bceffe9d52c6c1e8008b8e9f1ec92f0d436d576e6f", "price_changes": [{"asset_id": "57813918059594326240723122101019948264363935948425542619841087488616187108362", "price": "0.999", "size": "109308.1", "side": "BUY", "hash": "dba494a12d57b65b5c840e3c7d162d570392953b", "best_bid": "0.999", "best_ask": "1"}, {"asset_id": "77580704768779629538652841524456953891479588761682847084935111175737832134383", "price": "0.001", "size": "109308.1", "side": "SELL", "hash": "bb359a9f7d2e82e02f15531cc9ad64ecff4c8fb3", "best_bid": "0", "best_ask": "0.001"}], "timestamp": "1769384035560", "event_type": "price_change"}}
{"_local_timestamp": "2026-01-25T23:33:55.655901+00:00", "data": {"market": "0x22949e8e6cd04e81e5cfe7f724015fee090cbe6597c63c2653ff618bbb98eb7e", "price_changes": [{"asset_id": "52642199282404533726517565769229499250629883469539644363585184978630481675817", "price": "0.999", "size": "109303", "side": "BUY", "hash": "4ce90bb8a2b0431590744d45bdb1a00dbe348d3a", "best_bid": "0.999", "best_ask": "1"}, {"asset_id": "110863992693967844921329720389720011394304822266141187734597926478639148554489", "price": "0.001", "size": "109303", "side": "SELL", "hash": "6721eee5d9a6fffe5cf5f10cf94e1a46a2f2dcc2", "best_bid": "0", "best_ask": "0.001"}], "timestamp": "1769384035560", "event_type": "price_change"}}
{"_local_timestamp": "2026-01-25T23:34:08.139886+00:00", "data": {"market": "0x22949e8e6cd04e81e5cfe7f724015fee090cbe6597c63c2653ff618bbb98eb7e", "price_changes": [{"asset_id": "52642199282404533726517565769229499250629883469539644363585184978630481675817", "price": "0.999", "size": "104993", "side": "BUY", "hash": "e7409d9e551f4c9537347eb2824a4c9322ad6208", "best_bid": "0.999", "best_ask": "1"}, {"asset_id": "110863992693967844921329720389720011394304822266141187734597926478639148554489", "price": "0.001", "size": "104993", "side": "SELL", "hash": "f055ef43225089434fec267d2f4950fb4d02dc18", "best_bid": "0", "best_ask": "0.001"}], "timestamp": "1769384047890", "event_type": "price_change"}}
{"_local_timestamp": "2026-01-25T23:34:08.146166+00:00", "data": {"market": "0x7254ea91de903eb93caff7bceffe9d52c6c1e8008b8e9f1ec92f0d436d576e6f", "price_changes": [{"asset_id": "57813918059594326240723122101019948264363935948425542619841087488616187108362", "price": "0.999", "size": "104998.1", "side": "BUY", "hash": "c8f50178d85a68f38fe33f1c2201113baca6c8fc", "best_bid": "0.999", "best_ask": "1"}, {"asset_id": "77580704768779629538652841524456953891479588761682847084935111175737832134383", "price": "0.001", "size": "104998.1", "side": "SELL", "hash": "b1791440e54e28b6fa3019712a641b4ab4dfa479", "best_bid": "0", "best_ask": "0.001"}], "timestamp": "1769384047888", "event_type": "price_change"}}
{"_local_timestamp": "2026-01-25T23:34:08.803225+00:00", "data": {"market": "0x7254ea91de903eb93caff7bceffe9d52c6c1e8008b8e9f1ec92f0d436d576e6f", "price_changes": [{"asset_id": "57813918059594326240723122101019948264363935948425542619841087488616187108362", "price": "0.999", "size": "100005.1", "side": "BUY", "hash": "4438344c73b60a0292e88205e7a0c8f9bc9dadb8", "best_bid": "0.999", "best_ask": "1"}, {"asset_id": "77580704768779629538652841524456953891479588761682847084935111175737832134383", "price": "0.001", "size": "100005.1", "side": "SELL", "hash": "c1581db1690dbe6bf8df25f117ac61b5ec48a921", "best_bid": "0", "best_ask": "0.001"}], "timestamp": "1769384048562", "event_type": "price_change"}}
{"_local_timestamp": "2026-01-25T23:34:08.828020+00:00", "data": {"market": "0x22949e8e6cd04e81e5cfe7f724015fee090cbe6597c63c2653ff618bbb98eb7e", "price_changes": [{"asset_id": "52642199282404533726517565769229499250629883469539644363585184978630481675817", "price": "0.999", "size": "100000", "side": "BUY", "hash": "398efad1a6991a082f43599096f67643eabbe8f5", "best_bid": "0.999", "best_ask": "1"}, {"asset_id": "110863992693967844921329720389720011394304822266141187734597926478639148554489", "price": "0.001", "size": "100000", "side": "SELL", "hash": "6b9a4ebab9e904ccc6e58bf0b7f819674e64b5e7", "best_bid": "0", "best_ask": "0.001"}], "timestamp": "1769384048564", "event_type": "price_change"}}
