{"_local_timestamp": "2026-01-25T23:41:38.956625+00:00", "data": [{"market": "0x14e4776461a2db684c74899db08ecccdb2b9eeb2ecb9dfc8b156f6c23da6d604", "asset_id": "60264208688029028696173334636335955231447877813422504200122847184320275954980", "timestamp": "1769383676641", "hash": "23c8d4edbb3ef2860125f91009cf6f7a8a4f4883", "bids": [{"price": "0.01", "size": "100"}, {"price": "0.02", "size": "25"}, {"price": "0.03", "size": "5.47"}], "asks": [{"price": "0.99", "size": "82.82"}, {"price": "0.98", "size": "100.12"}, {"price": "0.97", "size": "16.98"}], "event_type": "book", "last_trade_price": ""}, {"market": "0x686129c4d99ed20d54c9c581279cf3cd0d715fdcb97ca37c578538fb8b9ed5e3", "asset_id": "85764838815557182476551208509955339600886061350149622216238941874754997269751", "timestamp": "1769383676641", "hash": "8686f52929f5bc0492d5e12bb109acda5a067db5", "bids": [{"price": "0.01", "size": "82.82"}, {"price": "0.02", "size": "100.12"}, {"price": "0.03", "size": "16.98"}], "asks": [{"price": "0.99", "size": "108.1"}, {"price": "0.98", "size": "20.95"}, {"price": "0.97", "size": "5.47"}], "event_type": "book", "last_trade_price": ""}, {"market": "0x686129c4d99ed20d54c9c581279cf3cd0d715fdcb97ca37c578538fb8b9ed5e3", "asset_id": "74078064799040854600366814678123149211012216479577381742496971701551897920734", "timestamp": "1769383676641", "hash": "97b629f8d7ab5b006976932cc22015f729373f43", "bids": [{"price": "0.01", "size": "108.1"}, {"price": "0.02", "size": "20.95"}, {"price": "0.03", "size": "5.47"}], "asks": [{"price": "0.99", "size": "82.82"}, {"price": "0.98", "size": "100.12"}, {"price": "0.97", "size": "16.98"}], "event_type": "book", "last_trade_price": ""}, {"market": "0xd00a9ab40afc348b37d8ba5065f994f64f20ab459083cc284fb524711dfbef69", "asset_id": "45207534609768510514014822107256850470582426180668125303546059911168333819046", "timestamp": "1769383675289", "hash": "821db33afa7ce29cba541b6dee6dae065d70d2b4", "bids": [{"price": "0.01", "size": "100"}, {"price": "0.02", "size": "25"}, {"price": "0.03", "size": "5.47"}], "asks": [{"price": "0.99", "size": "82.82"}, {"price": "0.98", "size": "100.12"}, {"price": "0.97", "size": "16.98"}], "event_type": "book", "last_trade_price": ""}, {"market": "0x23fc5063ed2de579b7ca0c0899957b14e4b81f4df97c4638e108043ceedf725b", "asset_id": "58198018324774748439830374335724067416911005525352465939416383789457463121804", "timestamp": "1769383675036", "hash": "e4c2de09e088743b408c227a099ad084b5024c97", "bids": [{"price": "0.01", "size": "82.82"}, {"price": "0.02", "size": "100.12"}, {"price": "0.03", "size": "16.98"}], "asks": [{"price": "0.99", "size": "101.21"}, {"price": "0.98", "size": "24.39"}, {"price": "0.97", "size": "5.47"}], "event_type": "book", "last_trade_price": ""}, {"market": "0xd00a9ab40afc348b37d8ba5065f994f64f20ab459083cc284fb524711dfbef69", "asset_id": "100761986072654358561452112750201229135940933696748223951610313632610382381339", "timestamp": "1769383675289", "hash": "e00ea1b4d4f66a3d554d051a006dacc2e590f0de", "bids": [{"price": "0.01", "size": "82.82"}, {"price": "0.02", "size": "100.12"}, {"price": "0.03", "size": "16.98"}], "asks": [{"price": "0.99", "size": "100"}, {"price": "0.98", "size": "25"}, {"price": "0.97", "size": "5.47"}], "event_type": "book", "last_trade_price": ""}, {"market": "0x27617c22214816a88f450f6bcac941e89b23135c7232efc4569bfc3c73438140", "asset_id": "19414959745878279348476129384737626133955530417522143844425255947194169635999", "timestamp": "1769383680111", "hash": "a10e01c40ddd93a6a8f614567c26f763f374f89a", "bids": [{"price": "0.01", "size": "108.12"}, {"price": "0.02", "size": "20.94"}, {"price": "0.03", "size": "5.47"}], "asks": [{"price": "0.99", "size": "82.82"}, {"price": "0.98", "size": "100.12"}, {"price": "0.97", "size": "16.98"}], "event_type": "book", "last_trade_price": ""}, {"market": "0x23fc5063ed2de579b7ca0c0899957b14e4b81f4df97c4638e108043ceedf725b", "asset_id": "689432907968640316057033393512181502502525461670828635389031497816832430300", "timestamp": "1769383675036", "hash": "19d84298baac6b004e20a25397346dbc18a1c705", "bids": [{"price": "0.01", "size": "101.21"}, {"price": "0.02", "size": "24.39"}, {"price": "0.03", "size": "5.47"}], "asks": [{"price": "0.99", "size": "82.82"}, {"price": "0.98", "size": "100.12"}, {"price": "0.97", "size": "16.98"}], "event_type": "book", "last_trade_price": ""}, {"market": "0x27617c22214816a88f450f6bcac941e89b23135c7232efc4569bfc3c73438140", "asset_id": "78057998969790211689586283984085654357453867191484581135196234469889349477772", "timestamp": "1769383680111", "hash": "3e485ec06a9948b54ffba64a41eaf2801e77df45", "bids": [{"price": "0.01", "size": "82.82"}, {"price": "0.02", "size": "100.12"}, {"price": "0.03", "size": "16.98"}], "asks": [{"price": "0.99", "size": "108.12"}, {"price": "0.98", "size": "20.94"}, {"price": "0.97", "size": "5.47"}], "event_type": "book", "last_trade_price": ""}, {"market": "0x14e4776461a2db684c74899db08ecccdb2b9eeb2ecb9dfc8b156f6c23da6d604", "asset_id": "2641487711723335631795363908031059324198490573241948153569237811395087710503", "timestamp": "1769383676641", "hash": "2a949ac0a2db6e05e080b0a89c0f23c5271863be", "bids": [{"price": "0.01", "size": "82.82"}, {"price": "0.02", "size": "100.12"}, {"price": "0.03", "size": "16.98"}], "asks": [{"price": "0.99", "size": "100"}, {"price": "0.98", "size": "25"}, {"price": "0.97", "size": "5.47"}], "event_type": "book", "last_trade_price": ""}]}
