{"_local_timestamp": "2026-01-25T23:33:44.649672+00:00", "data": [{"market": "0xade59274b7d6ad4d8a17d306612d46e5123f9ca28ce770d319d41aa2a7d0c196", "asset_id": "48394502856380005983654853891732668839897027386649428009302835944206167506141", "timestamp": "1769384012751", "hash": "b689516feefc3973f99b7919588512e3344a6453", "bids": [], "asks": [{"price": "0.999", "size": "100113.99"}, {"price": "0.998", "size": "55000"}, {"price": "0.992", "size": "155"}, {"price": "0.99", "size": "27000"}, {"price": "0.989", "size": "55710"}, {"price": "0.92", "size": "155"}, {"price": "0.903", "size": "100"}, {"price": "0.901", "size": "100"}, {"price": "0.9", "size": "3500"}, {"price": "0.899", "size": "10000"}, {"price": "0.53", "size": "100"}, {"price": "0.51", "size": "100"}, {"price": "0.503", "size": "100"}, {"price": "0.501", "size": "300"}, {"price": "0.5", "size": "264"}, {"price": "0.25", "size": "60"}, {"price": "0.233", "size": "60"}, {"price": "0.232", "size": "264"}, {"price": "0.231", "size": "60"}, {"price": "0.23", "size": "60"}, {"price": "0.229", "size": "53"}, {"price": "0.228", "size": "50"}, {"price": "0.227", "size": "5.47"}, {"price": "0.01", "size": "10"}, {"price": "0.009", "size": "300"}, {"price": "0.008", "size": "115"}, {"price": "0.007", "size": "5"}, {"price": "0.006", "size": "5"}, {"price": "0.005", "size": "5"}, {"price": "0.004", "size": "10"}, {"price": "0.003", "size": "1220"}, {"price": "0.001", "size": "113298"}], "event_type": "book", "last_trade_price": "0.999"}, {"market": "0xade59274b7d6ad4d8a17d306612d46e5123f9ca28ce770d319d41aa2a7d0c196", "asset_id": "36988328154715653086806391555873285992725610923754268909314427970783826457014", "timestamp": "1769384012751", "hash": "ce6a0add256e7e8f6cef73c5a8e4e4d8fb2ea47c", "bids": [{"price": "0.001", "size": "100113.99"}, {"price": "0.002", "size": "55000"}, {"price": "0.008", "size": "155"}, {"price": "0.01", "size": "27000"}, {"price": "0.011", "size": "55710"}, {"price": "0.08", "size": "155"}, {"price": "0.097", "size": "100"}, {"price": "0.099", "size": "100"}, {"price": "0.1", "size": "3500"}, {"price": "0.101", "size": "10000"}, {"price": "0.47", "size": "100"}, {"price": "0.49", "size": "100"}, {"price": "0.497", "size": "100"}, {"price": "0.499", "size": "300"}, {"price": "0.5", "size": "264"}, {"price": "0.75", "size": "60"}, {"price": "0.767", "size": "60"}, {"price": "0.768", "size": "264"}, {"price": "0.769", "size": "60"}, {"price": "0.77", "size": "60"}, {"price": "0.771", "size": "53"}, {"price": "0.772", "size": "50"}, {"price": "0.773", "size": "5.47"}, {"price": "0.99", "size": "10"}, {"price": "0.991", "size": "300"}, {"price": "0.992", "size": "115"}, {"price": "0.993", "size": "5"}, {"price": "0.994", "size": "5"}, {"price": "0.995", "size": "5"}, {"price": "0.996", "size": "10"}, {"price": "0.997", "size": "1220"}, {"price": "0.999", "size": "113298"}], "asks": [], "event_type": "book", "last_trade_price": "0.999"}]}
{"_local_timestamp": "2026-01-25T23:33:45.909962+00:00", "data": {"market": "0xade59274b7d6ad4d8a17d306612d46e5123f9ca28ce770d319d41aa2a7d0c196", "price_changes": [{"asset_id": "36988328154715653086806391555873285992725610923754268909314427970783826457014", "price": "0.999", "size": "100000", "side": "BUY", "hash": "c85b00fdbed339b3d8a7cd4e5886dbdc2dbcb0a5", "best_bid": "0.999", "best_ask": "1"}, {"asset_id": "48394502856380005983654853891732668839897027386649428009302835944206167506141", "price": "0.001", "size": "100000", "side": "SELL", "hash": "1cccd4990adfb8f0627962a4bec104e99db2084e", "best_bid": "0", "best_ask": "0.001"}], "timestamp": "1769384025807", "event_type": "price_change"}}
{"_local_timestamp": "2026-01-25T23:33:47.588226+00:00", "data": {"market": "0xade59274b7d6ad4d8a17d306612d46e5123f9ca28ce770d319d41aa2a7d0c196", "price_changes": [{"asset_id": "36988328154715653086806391555873285992725610923754268909314427970783826457014", "price": "0.999", "size": "102497", "side": "BUY", "hash": "b2b9680fdd6408121b6408457110341c103b7843", "best_bid": "0.999", "best_ask": "1"}, {"asset_id": "48394502856380005983654853891732668839897027386649428009302835944206167506141", "price": "0.001", "size": "102497", "side": "SELL", "hash": "4856369e6bc9c01ebb2b8ffcdfe54512389825c0", "best_bid": "0", "best_ask": "0.001"}], "timestamp": "1769384027508", "event_type": "price_change"}}
{"_local_timestamp": "2026-01-25T23:33:48.007801+00:00", "data": {"market": "0xade59274b7d6ad4d8a17d306612d46e5123f9ca28ce770d319d41aa2a7d0c196", "price_changes": [{"asset_id": "36988328154715653086806391555873285992725610923754268909314427970783826457014", "price": "0.999", "size": "104993", "side": "BUY", "hash": "c81dabaadd4e9e49b6539efd84abc5c94e020945", "best_bid": "0.999", "best_ask": "1"}, {"asset_id": "48394502856380005983654853891732668839897027386649428009302835944206167506141", "price": "0.001", "size": "104993", "side": "SELL", "hash": "28c8d0506e61c935442fad844cc5351737d4c2a0", "best_bid": "0", "best_ask": "0.001"}], "timestamp": "1769384027922", "event_type": "price_change"}}
{"_local_timestamp": "2026-01-25T23:33:48.511760+00:00", "data": {"market": "0xade59274b7d6ad4d8a17d306612d46e5123f9ca28ce770d319d41aa2a7d0c196", "price_changes": [{"asset_id": "36988328154715653086806391555873285992725610923754268909314427970783826457014", "price": "0.999", "size": "107488", "side": "BUY", "hash": "6b0fa0d8a111096408e329f3b0b3ac3aaa208cc1", "best_bid": "0.999", "best_ask": "1"}, {"asset_id": "48394502856380005983654853891732668839897027386649428009302835944206167506141", "price": "0.001", "size": "107488", "side": "SELL", "hash": "63d4faa9feb3016c9e23ec7e695398f41f70ad22", "best_bid": "0", "best_ask": "0.001"}], "timestamp": "1769384028430", "event_type": "price_change"}}
{"_local_timestamp": "2026-01-25T23:33:49.330372+00:00", "data": {"market": "0xade59274b7d6ad4d8a17d306612d46e5123f9ca28ce770d319d41aa2a7d0c196", "price_changes": [{"asset_id": "36988328154715653086806391555873285992725610923754268909314427970783826457014", "price": "0.999", "size": "108111", "side": "BUY", "hash": "08b950b36cf1ca06b6a0a0dc1bf284e13bd1aba3", "best_bid": "0.999", "best_ask": "1"}, {"asset_id": "48394502856380005983654853891732668839897027386649428009302835944206167506141", "price": "0.001", "size": "108111", "side": "SELL", "hash": "13c9d97c330d970e4d0f032a25c70b200bbf9f22", "best_bid": "0", "best_ask": "0.001"}], "timestamp": "1769384029240", "event_type": "price_change"}}
{"_local_timestamp": "2026-01-25T23:33:49.794798+00:00", "data": {"market": "0xade59274b7d6ad4d8a17d306612d46e5123f9ca28ce770d319d41aa2a7d0c196", "price_changes": [{"asset_id": "36988328154715653086806391555873285992725610923754268909314427970783826457014", "price": "0.999", "size": "108733", "side": "BUY", "hash": "8064cc86bbb0cdf181cdaa798fda69363bddf82b", "best_bid": "0.999", "best_ask": "1"}, {"asset_id": "48394502856380005983654853891732668839897027386649428009302835944206167506141", "price": "0.001", "size": "108733", "side": "SELL", "hash": "4d3f3d352b204ccb9e4956120f7e81d2deba685d", "best_bid": "0", "best_ask": "0.001"}], "timestamp": "1769384029717", "event_type": "price_change"}}
{"_local_timestamp": "2026-01-25T23:33:51.624833+00:00", "data": {"market": "0xade59274b7d6ad4d8a17d306612d46e5123f9ca28ce770d319d41aa2a7d0c196", "price_changes": [{"asset_id": "36988328154715653086806391555873285992725610923754268909314427970783826457014", "price": "0.999", "size": "108888", "side": "BUY", "hash": "c413c0f5a897dd02619c8058e5169c99c516d684", "best_bid": "0.999", "best_ask": "1"}, {"asset_id": "48394502856380005983654853891732668839897027386649428009302835944206167506141", "price": "0.001", "size": "108888", "side": "SELL", "hash": "d7c2eb9721cb09c9ebd63f434c1b29e839faf1e0", "best_bid": "0", "best_ask": "0.001"}], "timestamp": "1769384031549", "event_type": "price_change"}}
{"_local_timestamp": "2026-01-25T23:33:52.621440+00:00", "data": {"market": "0xade59274b7d6ad4d8a17d306612d46e5123f9ca28ce770d319d41aa2a7d0c196", "price_changes": [{"asset_id": "36988328154715653086806391555873285992725610923754268909314427970783826457014", "price": "0.999", "size": "109042", "side": "BUY", "hash": "19d1fc7650cae43faa96b5271aaab160434a5546", "best_bid": "0.999", "best_ask": "1"}, {"asset_id": "48394502856380005983654853891732668839897027386649428009302835944206167506141", "price": "0.001", "size": "109042", "side": "SELL", "hash": "894f516abe7008e3e79da73da061d9dbb33eca05", "best_bid": "0", "best_ask": "0.001"}], "timestamp": "1769384032539", "event_type": "price_change"}}
{"_local_timestamp": "2026-01-25T23:33:52.962974+00:00", "data": {"market": "0xade59274b7d6ad4d8a17d306612d46e5123f9ca28ce770d319d41aa2a7d0c196", "price_changes": [{"asset_id": "36988328154715653086806391555873285992725610923754268909314427970783826457014", "price": "0.999", "size": "109195", "side": "BUY", "hash": "8d1c63c3b96bbfea6577ffb5c05aea7927a34965", "best_bid": "0.999", "best_ask": "1"}, {"asset_id": "48394502856380005983654853891732668839897027386649428009302835944206167506141", "price": "0.001", "size": "109195", "side": "SELL", "hash": "7518fe89b1f6dfe619deab3d2f57015bc119ea95", "best_bid": "0", "best_ask": "0.001"}], "timestamp": "1769384032892", "event_type": "price_change"}}
{"_local_timestamp": "2026-01-25T23:33:54.575926+00:00", "data": {"market": "0xade59274b7d6ad4d8a17d306612d46e5123f9ca28ce770d319d41aa2a7d0c196", "price_changes": [{"asset_id": "36988328154715653086806391555873285992725610923754268909314427970783826457014", "price": "0.999", "size": "109232", "side": "BUY", "hash": "86f9b047f5bfac3668457b0a36a1d7b519972296", "best_bid": "0.999", "best_ask": "1"}, {"asset_id": "48394502856380005983654853891732668839897027386649428009302835944206167506141", "price": "0.001", "size": "109232", "side": "SELL", "hash": "dd5ecaf09ab653f1aff59cac4c3f715e96a796d6", "best_bid": "0", "best_ask": "0.001"}], "timestamp": "1769384034492", "event_type": "price_change"}}
{"_local_timestamp": "2026-01-25T23:33:55.244627+00:00", "data": {"market": "0xade59274b7d6ad4d8a17d306612d46e5123f9ca28ce770d319d41aa2a7d0c196", "price_changes": [{"asset_id": "36988328154715653086806391555873285992725610923754268909314427970783826457014", "price": "0.999", "size": "109268", "side": "BUY", "hash": "c484b99c77220466fd71c2bf1c68e78cb62f6963", "best_bid": "0.999", "best_ask": "1"}, {"asset_id": "48394502856380005983654853891732668839897027386649428009302835944206167506141", "price": "0.001", "size": "109268", "side": "SELL", "hash": "77897d860b79de9deb76ab02ae075b9375543f98", "best_bid": "0", "best_ask": "0.001"}], "timestamp": "1769384035142", "event_type": "price_change"}}
{"_local_timestamp": "2026-01-25T23:33:55.652344+00:00", "data": {"market": "0xade59274b7d6ad4d8a17d306612d46e5123f9ca28ce770d319d41aa2a7d0c196", "price_changes": [{"asset_id": "36988328154715653086806391555873285992725610923754268909314427970783826457014", "price": "0.999", "size": "109303", "side": "BUY", "hash": "76afaca60ed67d73e661730750923d2029124d21", "best_bid": "0.999", "best_ask": "1"}, {"asset_id": "48394502856380005983654853891732668839897027386649428009302835944206167506141", "price": "0.001", "size": "109303", "side": "SELL", "hash": "dd36029c66730558973e1fba2b6802115b8b6fbb", "best_bid": "0", "best_ask": "0.001"}], "timestamp": "1769384035560", "event_type": "price_change"}}
{"_local_timestamp": "2026-01-25T23:34:08.011371+00:00", "data": {"market": "0xade59274b7d6ad4d8a17d306612d46e5123f9ca28ce770d319d41aa2a7d0c196", "price_changes": [{"asset_id": "36988328154715653086806391555873285992725610923754268909314427970783826457014", "price": "0.999", "size": "104993", "side": "BUY", "hash": "c923742d3f4a3cc0913ef70b77ff223f858e7cb9", "best_bid": "0.999", "best_ask": "1"}, {"asset_id": "48394502856380005983654853891732668839897027386649428009302835944206167506141", "price": "0.001", "size": "104993", "side": "SELL", "hash": "f4b0d552a698d8f49132f2bf4cf71e73761501ca", "best_bid": "0", "best_ask": "0.001"}], "timestamp": "1769384047890", "event_type": "price_change"}}
{"_local_timestamp": "2026-01-25T23:34:08.643543+00:00", "data": {"market": "0xade59274b7d6ad4d8a17d306612d46e5123f9ca28ce770d319d41aa2a7d0c196", "price_changes": [{"asset_id": "36988328154715653086806391555873285992725610923754268909314427970783826457014", "price": "0.999", "size": "100000", "side": "BUY", "hash": "df821fc962794406de6086a592021e3db6e1a082", "best_bid": "0.999", "best_ask": "1"}, {"asset_id": "48394502856380005983654853891732668839897027386649428009302835944206167506141", "price": "0.001", "size": "100000", "side": "SELL", "hash": "432847eb2ad75edc5fc2d83f5dd845d4707a9c9e", "best_bid": "0", "best_ask": "0.001"}], "timestamp": "1769384048562", "event_type": "price_change"}}
{"_local_timestamp": "2026-01-25T23:34:09.307448+00:00", "data": {"market": "0xade59274b7d6ad4d8a17d306612d46e5123f9ca28ce770d319d41aa2a7d0c196", "price_changes": [{"asset_id": "36988328154715653086806391555873285992725610923754268909314427970783826457014", "price": "0.999", "size": "90000", "side": "BUY", "hash": "ae042059e66140e03f0ea8fc0261f41486985c4f", "best_bid": "0.999", "best_ask": "1"}, {"asset_id": "48394502856380005983654853891732668839897027386649428009302835944206167506141", "price": "0.001", "size": "90000", "side": "SELL", "hash": "89d8734618af4e939f78a1693b17241f68a90d06", "best_bid": "0", "best_ask": "0.001"}], "timestamp": "1769384049209", "event_type": "price_change"}}
{"_local_timestamp": "2026-01-25T23:34:11.225906+00:00", "data": {"market": "0xade59274b7d6ad4d8a17d306612d46e5123f9ca28ce770d319d41aa2a7d0c196", "price_changes": [{"asset_id": "36988328154715653086806391555873285992725610923754268909314427970783826457014", "price": "0.999", "size": "92500", "side": "BUY", "hash": "3e720334d97ac90dc2893ce0a8b5b0fb149231f8", "best_bid": "0.999", "best_ask": "1"}, {"asset_id": "48394502856380005983654853891732668839897027386649428009302835944206167506141", "price": "0.001", "size": "92500", "side": "SELL", "hash": "4abbb77838227eaddc65c61e9bca70710389d097", "best_bid": "0", "best_ask": "0.001"}], "timestamp": "1769384051128", "event_type": "price_change"}}
{"_local_timestamp": "2026-01-25T23:34:12.451659+00:00", "data": {"market": "0xade59274b7d6ad4d8a17d306612d46e5123f9ca28ce770d319d41aa2a7d0c196", "price_changes": [{"asset_id": "36988328154715653086806391555873285992725610923754268909314427970783826457014", "price": "0.999", "size": "93124", "side": "BUY", "hash": "ab49d4a26c0bdc1ded2adf4b6979354c2b53ed1f", "best_bid": "0.999", "best_ask": "1"}, {"asset_id": "48394502856380005983654853891732668839897027386649428009302835944206167506141", "price": "0.001", "size": "93124", "side": "SELL", "hash": "444f2cb15bdd77b4a944cd1deb35f4ab032edf6c", "best_bid": "0", "best_ask": "0.001"}], "timestamp": "1769384052363", "event_type": "price_change"}}
{"_local_timestamp": "2026-01-25T23:34:13.571934+00:00", "data": {"market": "0xade59274b7d6ad4d8a17d306612d46e5123f9ca28ce770d319d41aa2a7d0c196", "price_changes": [{"asset_id": "36988328154715653086806391555873285992725610923754268909314427970783826457014", "price": "0.999", "size": "93279", "side": "BUY", "hash": "794acd59507e12bc408bbbee5561859bcc300f0a", "best_bid": "0.999", "best_ask": "1"}, {"asset_id": "48394502856380005983654853891732668839897027386649428009302835944206167506141", "price": "0.001", "size": "93279", "side": "SELL", "hash": "9b30964798385128cfb509ad89505b38b616c58f", "best_bid": "0", "best_ask": "0.001"}], "timestamp": "1769384053416", "event_type": "price_change"}}
{"_local_timestamp": "2026-01-25T23:34:25.483827+00:00", "data": {"market": "0xade59274b7d6ad4d8a17d306612d46e5123f9ca28ce770d319d41aa2a7d0c196", "price_changes": [{"asset_id": "36988328154715653086806391555873285992725610923754268909314427970783826457014", "price": "0.999", "size": "80000", "side": "BUY", "hash": "857a751101e4efa49970b16e919e4d8861823000", "best_bid": "0.999", "best_ask": "1"}, {"asset_id": "48394502856380005983654853891732668839897027386649428009302835944206167506141", "price": "0.001", "size": "80000", "side": "SELL", "hash": "65806324f7c8f7c02524c4caa8fb29d6da4251d6", "best_bid": "0", "best_ask": "0.001"}], "timestamp": "1769384065338", "event_type": "price_change"}}
{"_local_timestamp": "2026-01-25T23:34:26.295186+00:00", "data": {"market": "0xade59274b7d6ad4d8a17d306612d46e5123f9ca28ce770d319d41aa2a7d0c196", "price_changes": [{"asset_id": "36988328154715653086806391555873285992725610923754268909314427970783826457014", "price": "0.999", "size": "80625", "side": "BUY", "hash": "32ffb490c2ea8037b031bf51300257ff17cb9674", "best_bid": "0.999", "best_ask": "1"}, {"asset_id": "48394502856380005983654853891732668839897027386649428009302835944206167506141", "price": "0.001", "size": "80625", "side": "SELL", "hash": "5fecd18a6f5bef3dd0d2526034420f9e704b317a", "best_bid": "0", "best_ask": "0.001"}], "timestamp": "1769384066212", "event_type": "price_change"}}
{"_local_timestamp": "2026-01-25T23:34:26.680844+00:00", "data": {"market": "0xade59274b7d6ad4d8a17d306612d46e5123f9ca28ce770d319d41aa2a7d0c196", "price_changes": [{"asset_id": "36988328154715653086806391555873285992725610923754268909314427970783826457014", "price": "0.999", "size": "81249", "side": "BUY", "hash": "eb4acf238703fb3c6605e0930ce0324595b9182c", "best_bid": "0.999", "best_ask": "1"}, {"asset_id": "48394502856380005983654853891732668839897027386649428009302835944206167506141", "price": "0.001", "size": "81249", "side": "SELL", "hash": "3f3dd6dc07a449935ab4705d63e45a36b8e9fea8", "best_bid": "0", "best_ask": "0.001"}], "timestamp": "1769384066586", "event_type": "price_change"}}
{"_local_timestamp": "2026-01-25T23:34:27.933316+00:00", "data": {"market": "0xade59274b7d6ad4d8a17d306612d46e5123f9ca28ce770d319d41aa2a7d0c196", "price_changes": [{"asset_id": "36988328154715653086806391555873285992725610923754268909314427970783826457014", "price": "0.999", "size": "81404", "side": "BUY", "hash": "5acb5e39f2fd264b0d2d5fabce00ae0649347128", "best_bid": "0.999", "best_ask": "1"}, {"asset_id": "48394502856380005983654853891732668839897027386649428009302835944206167506141", "price": "0.001", "size": "81404", "side": "SELL", "hash": "4442d344c0674335c0972faa1543d0905898decb", "best_bid": "0", "best_ask": "0.001"}], "timestamp": "1769384067743", "event_type": "price_change"}}
{"_local_timestamp": "2026-01-25T23:34:28.290569+00:00", "data": {"market": "0xade59274b7d6ad4d8a17d306612d46e5123f9ca28ce770d319d41aa2a7d0c196", "price_changes": [{"asset_id": "36988328154715653086806391555873285992725610923754268909314427970783826457014", "price": "0.999", "size": "81558", "side": "BUY", "hash": "d7c2cd09a0db5ac014ec074a54214d16be4481a4", "best_bid": "0.999", "best_ask": "1"}, {"asset_id": "48394502856380005983654853891732668839897027386649428009302835944206167506141", "price": "0.001", "size": "81558", "side": "SELL", "hash": "b2f01eca25a7416cb3ed24d0ed816944b3653689", "best_bid": "0", "best_ask": "0.001"}], "timestamp": "1769384068176", "event_type": "price_change"}}
{"_local_timestamp": "2026-01-25T23:34:29.355341+00:00", "data": {"market": "0xade59274b7d6ad4d8a17d306612d46e5123f9ca28ce770d319d41aa2a7d0c196", "price_changes": [{"asset_id": "36988328154715653086806391555873285992725610923754268909314427970783826457014", "price": "0.999", "size": "81711", "side": "BUY", "hash": "20c214f04a9c4a14c5672afe0aca7ccfccc6045d", "best_bid": "0.999", "best_ask": "1"}, {"asset_id": "48394502856380005983654853891732668839897027386649428009302835944206167506141", "price": "0.001", "size": "81711", "side": "SELL", "hash": "1b47b3fe3fde5458ad6e62e3dfa4ed46b30fb50a", "best_bid": "0", "best_ask": "0.001"}], "timestamp": "1769384069280", "event_type": "price_change"}}
{"_local_timestamp": "2026-01-25T23:34:29.778140+00:00", "data": {"market": "0xade59274b7d6ad4d8a17d306612d46e5123f9ca28ce770d319d41aa2a7d0c196", "price_changes": [{"asset_id": "36988328154715653086806391555873285992725610923754268909314427970783826457014", "price": "0.999", "size": "81863", "side": "BUY", "hash": "dd3377bd7a34de2302c67ff2311c9308486abe97", "best_bid": "0.999", "best_ask": "1"}, {"asset_id": "48394502856380005983654853891732668839897027386649428009302835944206167506141", "price": "0.001", "size": "81863", "side": "SELL", "hash": "e74a7a05620ad5f3390547b92896973c07488673", "best_bid": "0", "best_ask": "0.001"}], "timestamp": "1769384069637", "event_type": "price_change"}}
{"_local_timestamp": "2026-01-25T23:34:30.392283+00:00", "data": {"market": "0xade59274b7d6ad4d8a17d306612d46e5123f9ca28ce770d319d41aa2a7d0c196", "price_changes": [{"asset_id": "36988328154715653086806391555873285992725610923754268909314427970783826457014", "price": "0.999", "size": "82014", "side": "BUY", "hash": "c1b9ab175e5b996cc13d1a6278c74f9d49ae23f0", "best_bid": "0.999", "best_ask": "1"}, {"asset_id": "48394502856380005983654853891732668839897027386649428009302835944206167506141", "price": "0.001", "size": "82014", "side": "SELL", "hash": "fcd733edbfc68c035eb68021756af44f53938dd7", "best_bid": "0", "best_ask": "0.001"}], "timestamp": "1769384070206", "event_type": "price_change"}}
{"_local_timestamp": "2026-01-25T23:34:30.713668+00:00", "data": {"market": "0xade59274b7d6ad4d8a17d306612d46e5123f9ca28ce770d319d41aa2a7d0c196", "price_changes": [{"asset_id": "36988328154715653086806391555873285992725610923754268909314427970783826457014", "price": "0.999", "size": "82051", "side": "BUY", "hash": "4ea98022cb13b7eca41630f67b4e4ad24d8838d7", "best_bid": "0.999", "best_ask": "1"}, {"asset_id": "48394502856380005983654853891732668839897027386649428009302835944206167506141", "price": "0.001", "size": "82051", "side": "SELL", "hash": "d575fb0a085ac12a8f9bb130718a1e20b6db89ac", "best_bid": "0", "best_ask": "0.001"}], "timestamp": "1769384070594", "event_type": "price_change"}}
{"_local_timestamp": "2026-01-25T23:34:31.003906+00:00", "data": {"market": "0xade59274b7d6ad4d8a17d306612d46e5123f9ca28ce770d319d41aa2a7d0c196", "price_changes": [{"asset_id": "36988328154715653086806391555873285992725610923754268909314427970783826457014", "price": "0.999", "size": "82087", "side": "BUY", "hash": "a98e6f9d3e10a49d4d2f10ec41c6bf02ba0d23c4", "best_bid": "0.999", "best_ask": "1"}, {"asset_id": "48394502856380005983654853891732668839897027386649428009302835944206167506141", "price": "0.001", "size": "82087", "side": "SELL", "hash": "30d4d2fe26d0dcbb9e1798f62f938e2dcad5eec0", "best_bid": "0", "best_ask": "0.001"}], "timestamp": "1769384070924", "event_type": "price_change"}}
