{"_local_timestamp": "2026-01-25T23:41:38.956625+00:00", "data": [{"market": "0x14e4776461a2db684c74899db08ecccdb2b9eeb2ecb9dfc8b156f6c23da6d604", "asset_id": "60264208688029028696173334636335955231447877813422504200122847184320275954980", "timestamp": "1769383676641", "hash": "23c8d4edbb3ef2860125f91009cf6f7a8a4f4883", "bids": [{"price": "0.01", "size": "100"}, {"price": "0.02", "size": "25"}, {"price": "0.03", "size": "5.47"}], "asks": [{"price": "0.99", "size": "82.82"}, {"price": "0.98", "size": "100.12"}, {"price": "0.97", "size": "16.98"}], "event_type": "book", "last_trade_price": ""}, {"market": "0x686129c4d99ed20d54c9c581279cf3cd0d715fdcb97ca37c578538fb8b9ed5e3", "asset_id": "85764838815557182476551208509955339600886061350149622216238941874754997269751", "timestamp": "1769383676641", "hash": "8686f52929f5bc0492d5e12bb109acda5a067db5", "bids": [{"price": "0.01", "size": "82.82"}, {"price": "0.02", "size": "100.12"}, {"price": "0.03", "size": "16.98"}], "asks": [{"price": "0.99", "size": "108.1"}, {"price": "0.98", "size": "20.95"}, {"price": "0.97", "size": "5.47"}], "event_type": "book", "last_trade_price": ""}, {"market": "0x686129c4d99ed20d54c9c581279cf3cd0d715fdcb97ca37c578538fb8b9ed5e3", "asset_id": "74078064799040854600366814678123149211012216479577381742496971701551897920734", "timestamp": "1769383676641", "hash": "97b629f8d7ab5b006976932cc22015f729373f43", "bids": [{"price": "0.01", "size": "108.1"}, {"price": "0.02", "size": "20.95"}, {"price": "0.03", "size": "5.47"}], "asks": [{"price": "0.99", "size": "82.82"}, {"price": "0.98", "size": "100.12"}, {"price": "0.97", "size": "16.98"}], "event_type": "book", "last_trade_price": ""}, {"market": "0xd00a9ab40afc348b37d8ba5065f994f64f20ab459083cc284fb524711dfbef69", "asset_id": "45207534609768510514014822107256850470582426180668125303546059911168333819046", "timestamp": "1769383675289", "hash": "821db33afa7ce29cba541b6dee6dae065d70d2b4", "bids": [{"price": "0.01", "size": "100"}, {"price": "0.02", "size": "25"}, {"price": "0.03", "size": "5.47"}], "asks": [{"price": "0.99", "size": "82.82"}, {"price": "0.98", "size": "100.12"}, {"price": "0.97", "size": "16.98"}], "event_type": "book", "last_trade_price": ""}, {"market": "0x23fc5063ed2de579b7ca0c0899957b14e4b81f4df97c4638e108043ceedf725b", "asset_id": "58198018324774748439830374335724067416911005525352465939416383789457463121804", "timestamp": "1769383675036", "hash": "e4c2de09e088743b408c227a099ad084b5024c97", "bids": [{"price": "0.01", "size": "82.82"}, {"price": "0.02", "size": "100.12"}, {"price": "0.03", "size": "16.98"}], "asks": [{"price": "0.99", "size": "101.21"}, {"price": "0.98", "size": "24.39"}, {"price": "0.97", "size": "5.47"}], "event_type": "book", "last_trade_price": ""}, {"market": "0xd00a9ab40afc348b37d8ba5065f994f64f20ab459083cc284fb524711dfbef69", "asset_id": "100761986072654358561452112750201229135940933696748223951610313632610382381339", "timestamp": "1769383675289", "hash": "e00ea1b4d4f66a3d554d051a006dacc2e590f0de", "bids": [{"price": "0.01", "size": "82.82"}, {"price": "0.02", "size": "100.12"}, {"price": "0.03", "size": "16.98"}], "asks": [{"price": "0.99", "size": "100"}, {"price": "0.98", "size": "25"}, {"price": "0.97", "size": "5.47"}], "event_type": "book", "last_trade_price": ""}, {"market": "0x27617c22214816a88f450f6bcac941e89b23135c7232efc4569bfc3c73438140", "asset_id": "19414959745878279348476129384737626133955530417522143844425255947194169635999", "timestamp": "1769383680111", "hash": "a10e01c40ddd93a6a8f614567c26f763f374f89a", "bids": [{"price": "0.01", "size": "108.12"}, {"price": "0.02", "size": "20.94"}, {"price": "0.03", "size": "5.47"}], "asks": [{"price": "0.99", "size": "82.82"}, {"price": "0.98", "size": "100.12"}, {"price": "0.97", "size": "16.98"}], "event_type": "book", "last_trade_price": ""}, {"market": "0x23fc5063ed2de579b7ca0c0899957b14e4b81f4df97c4638e108043ceedf725b", "asset_id": "689432907968640316057033393512181502502525461670828635389031497816832430300", "timestamp": "1769383675036", "hash": "19d84298baac6b004e20a25397346dbc18a1c705", "bids": [{"price": "0.01", "size": "101.21"}, {"price": "0.02", "size": "24.39"}, {"price": "0.03", "size": "5.47"}], "asks": [{"price": "0.99", "size": "82.82"}, {"price": "0.98", "size": "100.12"}, {"price": "0.97", "size": "16.98"}], "event_type": "book", "last_trade_price": ""}, {"market": "0x27617c22214816a88f450f6bcac941e89b23135c7232efc4569bfc3c73438140", "asset_id": "78057998969790211689586283984085654357453867191484581135196234469889349477772", "timestamp": "1769383680111", "hash": "3e485ec06a9948b54ffba64a41eaf2801e77df45", "bids": [{"price": "0.01", "size": "82.82"}, {"price": "0.02", "size": "100.12"}, {"price": "0.03", "size": "16.98"}], "asks": [{"price": "0.99", "size": "108.12"}, {"price": "0.98", "size": "20.94"}, {"price": "0.97", "size": "5.47"}], "event_type": "book", "last_trade_price": ""}, {"market": "0x14e4776461a2db684c74899db08ecccdb2b9eeb2ecb9dfc8b156f6c23da6d604", "asset_id": "2641487711723335631795363908031059324198490573241948153569237811395087710503", "timestamp": "1769383676641", "hash": "2a949ac0a2db6e05e080b0a89c0f23c5271863be", "bids": [{"price": "0.01", "size": "82.82"}, {"price": "0.02", "size": "100.12"}, {"price": "0.03", "size": "16.98"}], "asks": [{"price": "0.99", "size": "100"}, {"price": "0.98", "size": "25"}, {"price": "0.97", "size": "5.47"}], "event_type": "book", "last_trade_price": ""}]}
{"_local_timestamp": "2026-01-25T23:43:16.454592+00:00", "data": {"market": "0x686129c4d99ed20d54c9c581279cf3cd0d715fdcb97ca37c578538fb8b9ed5e3", "price_changes": [{"asset_id": "74078064799040854600366814678123149211012216479577381742496971701551897920734", "price": "0.01", "size": "76.89", "side": "BUY", "hash": "89f0c8977a17b56abf7b32273ad1b157779b9b64", "best_bid": "0.03", "best_ask": "0.97"}, {"asset_id": "85764838815557182476551208509955339600886061350149622216238941874754997269751", "price": "0.99", "size": "76.89", "side": "SELL", "hash": "07f834c256bf7e0cc7e4a8503d8623528f3b1a65", "best_bid": "0.03", "best_ask": "0.97"}], "timestamp": "1769384596328", "event_type": "price_change"}}
{"_local_timestamp": "2026-01-25T23:43:16.455439+00:00", "data": {"market": "0xd00a9ab40afc348b37d8ba5065f994f64f20ab459083cc284fb524711dfbef69", "price_changes": [{"asset_id": "100761986072654358561452112750201229135940933696748223951610313632610382381339", "price": "0.01", "size": "50", "side": "BUY", "hash": "2cf06ced3d1e2dfe03435f64e73f14678048f726", "best_bid": "0.03", "best_ask": "0.97"}, {"asset_id": "45207534609768510514014822107256850470582426180668125303546059911168333819046", "price": "0.99", "size": "50", "side": "SELL", "hash": "913198adde9c77e726271ccc8e3a8e75f2e5a0a1", "best_bid": "0.03", "best_ask": "0.97"}], "timestamp": "1769384596328", "event_type": "price_change"}}
{"_local_timestamp": "2026-01-25T23:43:16.455798+00:00", "data": {"market": "0x27617c22214816a88f450f6bcac941e89b23135c7232efc4569bfc3c73438140", "price_changes": [{"asset_id": "78057998969790211689586283984085654357453867191484581135196234469889349477772", "price": "0.01", "size": "50", "side": "BUY", "hash": "2b1c7fbe280a369dbea40c45f085bae16268e2e3", "best_bid": "0.03", "best_ask": "0.97"}, {"asset_id": "19414959745878279348476129384737626133955530417522143844425255947194169635999", "price": "0.99", "size": "50", "side": "SELL", "hash": "499cbbb770e5aef466047092c2715362f2c0e391", "best_bid": "0.03", "best_ask": "0.97"}], "timestamp": "1769384596329", "event_type": "price_change"}}
{"_local_timestamp": "2026-01-25T23:43:16.456103+00:00", "data": {"market": "0x14e4776461a2db684c74899db08ecccdb2b9eeb2ecb9dfc8b156f6c23da6d604", "price_changes": [{"asset_id": "2641487711723335631795363908031059324198490573241948153569237811395087710503", "price": "0.01", "size": "50", "side": "BUY", "hash": "a7ff4bb7f8b4cb3fd63149487abb954950812208", "best_bid": "0.03", "best_ask": "0.97"}, {"asset_id": "60264208688029028696173334636335955231447877813422504200122847184320275954980", "price": "0.99", "size": "50", "side": "SELL", "hash": "acef7b79a401811abfc698ba6eb6eff75abc63c9", "best_bid": "0.03", "best_ask": "0.97"}], "timestamp": "1769384596328", "event_type": "price_change"}}
{"_local_timestamp": "2026-01-25T23:43:16.456404+00:00", "data": {"market": "0x686129c4d99ed20d54c9c581279cf3cd0d715fdcb97ca37c578538fb8b9ed5e3", "price_changes": [{"asset_id": "85764838815557182476551208509955339600886061350149622216238941874754997269751", "price": "0.01", "size": "50", "side": "BUY", "hash": "9d80be9d6b6d32ad4ea8a9cbc52c3b76b55fdbdb", "best_bid": "0.03", "best_ask": "0.97"}, {"asset_id": "74078064799040854600366814678123149211012216479577381742496971701551897920734", "price": "0.99", "size": "50", "side": "SELL", "hash": "116cae695b5bee4e3f02c8fbff2d28d2c1cdc8e9", "best_bid": "0.03", "best_ask": "0.97"}], "timestamp": "1769384596329", "event_type": "price_change"}}
{"_local_timestamp": "2026-01-25T23:43:16.456664+00:00", "data": {"market": "0x23fc5063ed2de579b7ca0c0899957b14e4b81f4df97c4638e108043ceedf725b", "price_changes": [{"asset_id": "58198018324774748439830374335724067416911005525352465939416383789457463121804", "price": "0.01", "size": "50", "side": "BUY", "hash": "23ad07021224a2ed0fcd9730c5b3fdaf87596deb", "best_bid": "0.03", "best_ask": "0.97"}, {"asset_id": "689432907968640316057033393512181502502525461670828635389031497816832430300", "price": "0.99", "size": "50", "side": "SELL", "hash": "c99cbb7316cf84279dd693040ee2e46190291a09", "best_bid": "0.03", "best_ask": "0.97"}], "timestamp": "1769384596329", "event_type": "price_change"}}
{"_local_timestamp": "2026-01-25T23:43:16.456997+00:00", "data": {"market": "0x27617c22214816a88f450f6bcac941e89b23135c7232efc4569bfc3c73438140", "price_changes": [{"asset_id": "19414959745878279348476129384737626133955530417522143844425255947194169635999", "price": "0.01", "size": "76.89", "side": "BUY", "hash": "91452d0043470cb9545a20f53c3d8dcb9b79aebe", "best_bid": "0.03", "best_ask": "0.97"}, {"asset_id": "78057998969790211689586283984085654357453867191484581135196234469889349477772", "price": "0.99", "size": "76.89", "side": "SELL", "hash": "5fd1832285cd22fd7030901723f3a5634d7bd74d", "best_bid": "0.03", "best_ask": "0.97"}], "timestamp": "1769384596329", "event_type": "price_change"}}
{"_local_timestamp": "2026-01-25T23:43:19.452793+00:00", "data": {"market": "0x23fc5063ed2de579b7ca0c0899957b14e4b81f4df97c4638e108043ceedf725b", "price_changes": [{"asset_id": "58198018324774748439830374335724067416911005525352465939416383789457463121804", "price": "0.01", "size": "82.82", "side": "BUY", "hash": "e6be8c0c044893eaa02155357d26826d3b2e922c", "best_bid": "0.03", "best_ask": "0.97"}, {"asset_id": "689432907968640316057033393512181502502525461670828635389031497816832430300", "price": "0.99", "size": "82.82", "side": "SELL", "hash": "d59345f85794ecf845240ea36d137e8b9a3c0f4a", "best_bid": "0.03", "best_ask": "0.97"}], "timestamp": "1769384599337", "event_type": "price_change"}}
{"_local_timestamp": "2026-01-25T23:43:19.453396+00:00", "data": {"market": "0xd00a9ab40afc348b37d8ba5065f994f64f20ab459083cc284fb524711dfbef69", "price_changes": [{"asset_id": "100761986072654358561452112750201229135940933696748223951610313632610382381339", "price": "0.01", "size": "82.82", "side": "BUY", "hash": "6fec6fc95819b4914f6e006dcd08d9d743ac81b3", "best_bid": "0.03", "best_ask": "0.97"}, {"asset_id": "45207534609768510514014822107256850470582426180668125303546059911168333819046", "price": "0.99", "size": "82.82", "side": "SELL", "hash": "db4a08d0d06ada9e88e9232769cbefb68b085533", "best_bid": "0.03", "best_ask": "0.97"}], "timestamp": "1769384599337", "event_type": "price_change"}}
{"_local_timestamp": "2026-01-25T23:43:19.453812+00:00", "data": {"market": "0x27617c22214816a88f450f6bcac941e89b23135c7232efc4569bfc3c73438140", "price_changes": [{"asset_id": "19414959745878279348476129384737626133955530417522143844425255947194169635999", "price": "0.02", "size": "36.55", "side": "BUY", "hash": "fdaae13b4e8eacea4fd7580a8e9c5deb44e437fc", "best_bid": "0.03", "best_ask": "0.97"}, {"asset_id": "78057998969790211689586283984085654357453867191484581135196234469889349477772", "price": "0.98", "size": "36.55", "side": "SELL", "hash": "da20d31f3dd84bbc11616b9bed9e1c1e4cde6b6c", "best_bid": "0.03", "best_ask": "0.97"}], "timestamp": "1769384599337", "event_type": "price_change"}}
{"_local_timestamp": "2026-01-25T23:43:19.462482+00:00", "data": {"market": "0x14e4776461a2db684c74899db08ecccdb2b9eeb2ecb9dfc8b156f6c23da6d604", "price_changes": [{"asset_id": "2641487711723335631795363908031059324198490573241948153569237811395087710503", "price": "0.01", "size": "82.82", "side": "BUY", "hash": "bcfcbe55f0c7c3f84637d400b2383e23e0ab7e41", "best_bid": "0.03", "best_ask": "0.97"}, {"asset_id": "60264208688029028696173334636335955231447877813422504200122847184320275954980", "price": "0.99", "size": "82.82", "side": "SELL", "hash": "76e19a742cfe580080d9d22dbfd3865e779bffe3", "best_bid": "0.03", "best_ask": "0.97"}], "timestamp": "1769384599337", "event_type": "price_change"}}
{"_local_timestamp": "2026-01-25T23:43:19.463239+00:00", "data": {"market": "0x686129c4d99ed20d54c9c581279cf3cd0d715fdcb97ca37c578538fb8b9ed5e3", "price_changes": [{"asset_id": "85764838815557182476551208509955339600886061350149622216238941874754997269751", "price": "0.01", "size": "82.82", "side": "BUY", "hash": "0d544176b05b00605fc9c04925c282781ff62849", "best_bid": "0.03", "best_ask": "0.97"}, {"asset_id": "74078064799040854600366814678123149211012216479577381742496971701551897920734", "price": "0.99", "size": "82.82", "side": "SELL", "hash": "9795584aee34362bac5c3f29fb07f8b0031c2bb2", "best_bid": "0.03", "best_ask": "0.97"}], "timestamp": "1769384599337", "event_type": "price_change"}}
{"_local_timestamp": "2026-01-25T23:43:19.463645+00:00", "data": {"market": "0x686129c4d99ed20d54c9c581279cf3cd0d715fdcb97ca37c578538fb8b9ed5e3", "price_changes": [{"asset_id": "74078064799040854600366814678123149211012216479577381742496971701551897920734", "price": "0.01", "size": "108.1", "side": "BUY", "hash": "280de9bf6a3d20f1a2ba5eaaf4da0dbe29a26e04", "best_bid": "0.03", "best_ask": "0.97"}, {"asset_id": "85764838815557182476551208509955339600886061350149622216238941874754997269751", "price": "0.99", "size": "108.1", "side": "SELL", "hash": "464a5a0a9fe9c695331afb935a763fede006a6b4", "best_bid": "0.03", "best_ask": "0.97"}], "timestamp": "1769384599339", "event_type": "price_change"}}
{"_local_timestamp": "2026-01-25T23:43:19.464030+00:00", "data": {"market": "0x27617c22214816a88f450f6bcac941e89b23135c7232efc4569bfc3c73438140", "price_changes": [{"asset_id": "78057998969790211689586283984085654357453867191484581135196234469889349477772", "price": "0.01", "size": "82.82", "side": "BUY", "hash": "d55a484e433bc3bf6d26f875ef2519a8ee7176b1", "best_bid": "0.03", "best_ask": "0.97"}, {"asset_id": "19414959745878279348476129384737626133955530417522143844425255947194169635999", "price": "0.99", "size": "82.82", "side": "SELL", "hash": "272a1f5e45c249710d2d13005408efbffa17ea5a", "best_bid": "0.03", "best_ask": "0.97"}], "timestamp": "1769384599339", "event_type": "price_change"}}
