{"_local_timestamp": "2026-01-25T23:41:39.009811+00:00", "data": [{"market": "0x6769a2bfb33a048a3369e3de38428d6bcaf9c00842adcb0447d999b621229e58", "asset_id": "11469237343944019593497206266928078393736259424546415679396482991904865296534", "timestamp": "1769383671860", "hash": "c6ea638c60f402b7aaeac18f76c2f6f731ec06d7", "bids": [{"price": "0.01", "size": "108.1"}, {"price": "0.02", "size": "20.95"}, {"price": "0.03", "size": "5.47"}], "asks": [{"price": "0.99", "size": "82.82"}, {"price": "0.98", "size": "100.12"}, {"price": "0.97", "size": "16.98"}], "event_type": "book", "last_trade_price": ""}, {"market": "0x37f885351bb635f8dbe31b97d50642269dd0316498a7778a83040adf85fe66e3", "asset_id": "55355569125390182114899788147465465747017725128032371484012495081185734622296", "timestamp": "1769383675677", "hash": "53846be4c5394363a4aba6497be27c54e8a548a1", "bids": [{"price": "0.01", "size": "82.82"}, {"price": "0.02", "size": "100.12"}, {"price": "0.03", "size": "16.98"}], "asks": [{"price": "0.99", "size": "100"}, {"price": "0.98", "size": "25"}, {"price": "0.97", "size": "5.47"}], "event_type": "book", "last_trade_price": ""}, {"market": "0x5137060694d32c9a1fcbf778cb44e8757075fe80a3ed2037326c082d585d68e3", "asset_id": "39652883111579613160758713582150349345147304632953362542747773649074210405705", "timestamp": "1769383675677", "hash": "2b1d2b896a138c7fba80c557d7fefa654de92830", "bids": [{"price": "0.01", "size": "82.82"}, {"price": "0.02", "size": "100.12"}, {"price": "0.03", "size": "16.98"}], "asks": [{"price": "0.99", "size": "73.09"}, {"price": "0.98", "size": "111.17"}, {"price": "0.97", "size": "22.99"}], "event_type": "book", "last_trade_price": ""}, {"market": "0x5137060694d32c9a1fcbf778cb44e8757075fe80a3ed2037326c082d585d68e3", "asset_id": "107768525027332091662190213185913444485454335674810765858766601189518325281480", "timestamp": "1769383675677", "hash": "42ccc166f62f1273772fc082dea1f8c1e3db32a0", "bids": [{"price": "0.01", "size": "73.09"}, {"price": "0.02", "size": "111.17"}, {"price": "0.03", "size": "22.99"}], "asks": [{"price": "0.99", "size": "82.82"}, {"price": "0.98", "size": "100.12"}, {"price": "0.97", "size": "16.98"}], "event_type": "book", "last_trade_price": ""}, {"market": "0x37f885351bb635f8dbe31b97d50642269dd0316498a7778a83040adf85fe66e3", "asset_id": "68168585302907882660057637852413272990045492501494323623850634991720446688275", "timestamp": "1769383675677", "hash": "b4d66ef1f31df600db9127ddc54114ba456ac299", "bids": [{"price": "0.01", "size": "100"}, {"price": "0.02", "size": "25"}, {"price": "0.03", "size": "5.47"}], "asks": [{"price": "0.99", "size": "82.82"}, {"price": "0.98", "size": "100.12"}, {"price": "0.97", "size": "16.98"}], "event_type": "book", "last_trade_price": ""}, {"market": "0x6769a2bfb33a048a3369e3de38428d6bcaf9c00842adcb0447d999b621229e58", "asset_id": "37311926189226860522945404270255765225935678578936378621462916750744435960777", "timestamp": "1769383671860", "hash": "9aa8c9b2828c529a07c99b12fa648d7382ebc741", "bids": [{"price": "0.01", "size": "82.82"}, {"price": "0.02", "size": "100.12"}, {"price": "0.03", "size": "16.98"}], "asks": [{"price": "0.99", "size": "108.1"}, {"price": "0.98", "size": "20.95"}, {"price": "0.97", "size": "5.47"}], "event_type": "book", "last_trade_price": ""}, {"market": "0x507573bdb53bbf1b5054e145b22d0383849cd674c0cf32cf796b3880c63665e5", "asset_id": "48158545338138910874134752753894891944731979324653139916880516618069633079491", "timestamp": "1769383674781", "hash": "0e7db88fdf6d76b81966c091e1f8ee6d5369f2f2", "bids": [{"price": "0.01", "size": "100"}, {"price": "0.02", "size": "25"}, {"price": "0.03", "size": "5.47"}], "asks": [{"price": "0.99", "size": "99.99"}, {"price": "0.98", "size": "25"}], "event_type": "book", "last_trade_price": ""}, {"market": "0x507573bdb53bbf1b5054e145b22d0383849cd674c0cf32cf796b3880c63665e5", "asset_id": "35454585189770191895010671978898092083209544315165553577081895949509647046810", "timestamp": "1769383674781", "hash": "a3f94968446200d25ff39b65d28b8f34885edde9", "bids": [{"price": "0.01", "size": "99.99"}, {"price": "0.02", "size": "25"}], "asks": [{"price": "0.99", "size": "100"}, {"price": "0.98", "size": "25"}, {"price": "0.97", "size": "5.47"}], "event_type": "book", "last_trade_price": ""}, {"market": "0x0745742d8a7fac27ea2517dd8bc6388566738248a8c4724c0e558e38bc87ec71", "asset_id": "63099151177298120146936228922943721918363708833985922529995211165345666519422", "timestamp": "1769383675679", "hash": "06f6aa2c6ca034b3549912e46fb6ac65d080bd3f", "bids": [{"price": "0.01", "size": "82.82"}, {"price": "0.02", "size": "100.12"}, {"price": "0.03", "size": "16.98"}], "asks": [{"price": "0.99", "size": "108.1"}, {"price": "0.98", "size": "20.95"}, {"price": "0.97", "size": "5.47"}], "event_type": "book", "last_trade_price": ""}, {"market": "0x0745742d8a7fac27ea2517dd8bc6388566738248a8c4724c0e558e38bc87ec71", "asset_id": "37342245632435175636139857527099140178825296275193964202364085820219827889830", "timestamp": "1769383675679", "hash": "30de0cfff906b372c11785a4e6607c8d0ba0db72", "bids": [{"price": "0.01", "size": "108.1"}, {"price": "0.02", "size": "20.95"}, {"price": "0.03", "size": "5.47"}], "asks": [{"price": "0.99", "size": "82.82"}, {"price": "0.98", "size": "100.12"}, {"price": "0.97", "size": "16.98"}], "event_type": "book", "last_trade_price": ""}]}
{"_local_timestamp": "2026-01-25T23:43:13.770837+00:00", "data": {"market": "0x6769a2bfb33a048a3369e3de38428d6bcaf9c00842adcb0447d999b621229e58", "price_changes": [{"asset_id": "11469237343944019593497206266928078393736259424546415679396482991904865296534", "price": "0.01", "size": "76.89", "side": "BUY", "hash": "5583eb00378885f98fa940d6de1fd6be61e82ca5", "best_bid": "0.03", "best_ask": "0.97"}, {"asset_id": "37311926189226860522945404270255765225935678578936378621462916750744435960777", "price": "0.99", "size": "76.89", "side": "SELL", "hash": "4bae40a294022fafc21b39d4b9a1b6c113096471", "best_bid": "0.03", "best_ask": "0.97"}], "timestamp": "1769384593649", "event_type": "price_change"}}
{"_local_timestamp": "2026-01-25T23:43:14.239881+00:00", "data": {"market": "0x0745742d8a7fac27ea2517dd8bc6388566738248a8c4724c0e558e38bc87ec71", "price_changes": [{"asset_id": "37342245632435175636139857527099140178825296275193964202364085820219827889830", "price": "0.01", "size": "76.89", "side": "BUY", "hash": "3c8fc31e2aea539d998b15982e38b2123b47cf90", "best_bid": "0.03", "best_ask": "0.97"}, {"asset_id": "63099151177298120146936228922943721918363708833985922529995211165345666519422", "price": "0.99", "size": "76.89", "side": "SELL", "hash": "b877813b161e28d787de34d0f95855396a4cee12", "best_bid": "0.03", "best_ask": "0.97"}], "timestamp": "1769384594101", "event_type": "price_change"}}
{"_local_timestamp": "2026-01-25T23:43:14.240220+00:00", "data": {"market": "0x37f885351bb635f8dbe31b97d50642269dd0316498a7778a83040adf85fe66e3", "price_changes": [{"asset_id": "55355569125390182114899788147465465747017725128032371484012495081185734622296", "price": "0.01", "size": "50", "side": "BUY", "hash": "26a9b2b23f2c027ab050f57be9c136d2a530e725", "best_bid": "0.03", "best_ask": "0.97"}, {"asset_id": "68168585302907882660057637852413272990045492501494323623850634991720446688275", "price": "0.99", "size": "50", "side": "SELL", "hash": "52b84430428b9d8e5f43d90c2be9923146929626", "best_bid": "0.03", "best_ask": "0.97"}], "timestamp": "1769384594101", "event_type": "price_change"}}
{"_local_timestamp": "2026-01-25T23:43:14.240477+00:00", "data": {"market": "0x6769a2bfb33a048a3369e3de38428d6bcaf9c00842adcb0447d999b621229e58", "price_changes": [{"asset_id": "37311926189226860522945404270255765225935678578936378621462916750744435960777", "price": "0.01", "size": "50", "side": "BUY", "hash": "996bb7d8d96c00cbd2d923b3f1ff5a1ba5c9e1b5", "best_bid": "0.03", "best_ask": "0.97"}, {"asset_id": "11469237343944019593497206266928078393736259424546415679396482991904865296534", "price": "0.99", "size": "50", "side": "SELL", "hash": "4905e53d84524efac038552081b7e3f821f82ba3", "best_bid": "0.03", "best_ask": "0.97"}], "timestamp": "1769384594101", "event_type": "price_change"}}
{"_local_timestamp": "2026-01-25T23:43:14.240727+00:00", "data": {"market": "0x5137060694d32c9a1fcbf778cb44e8757075fe80a3ed2037326c082d585d68e3", "price_changes": [{"asset_id": "39652883111579613160758713582150349345147304632953362542747773649074210405705", "price": "0.01", "size": "50", "side": "BUY", "hash": "761cafca7626afac2d3a563fc574e3bd51ba6efb", "best_bid": "0.03", "best_ask": "0.97"}, {"asset_id": "107768525027332091662190213185913444485454335674810765858766601189518325281480", "price": "0.99", "size": "50", "side": "SELL", "hash": "f1c3a38340de8ff469409b749b66fadbfb22f945", "best_bid": "0.03", "best_ask": "0.97"}], "timestamp": "1769384594101", "event_type": "price_change"}}
{"_local_timestamp": "2026-01-25T23:43:14.448818+00:00", "data": {"market": "0x6769a2bfb33a048a3369e3de38428d6bcaf9c00842adcb0447d999b621229e58", "price_changes": [{"asset_id": "11469237343944019593497206266928078393736259424546415679396482991904865296534", "price": "0.01", "size": "108.1", "side": "BUY", "hash": "3f428a2e61b2decf7a7a6cbb95c081be52676817", "best_bid": "0.03", "best_ask": "0.97"}, {"asset_id": "37311926189226860522945404270255765225935678578936378621462916750744435960777", "price": "0.99", "size": "108.1", "side": "SELL", "hash": "5a83d2af7dbe2f02648e42dc719f0920644ee050", "best_bid": "0.03", "best_ask": "0.97"}], "timestamp": "1769384594333", "event_type": "price_change"}}
{"_local_timestamp": "2026-01-25T23:43:14.672725+00:00", "data": {"market": "0x0745742d8a7fac27ea2517dd8bc6388566738248a8c4724c0e558e38bc87ec71", "price_changes": [{"asset_id": "63099151177298120146936228922943721918363708833985922529995211165345666519422", "price": "0.01", "size": "50", "side": "BUY", "hash": "b1e2ea3be4714acfd5077cdcfd317a1d1c0dc2e2", "best_bid": "0.03", "best_ask": "0.97"}, {"asset_id": "37342245632435175636139857527099140178825296275193964202364085820219827889830", "price": "0.99", "size": "50", "side": "SELL", "hash": "881ec3ea950f61e79996081c53ec1572bd573302", "best_bid": "0.03", "best_ask": "0.97"}], "timestamp": "1769384594549", "event_type": "price_change"}}
{"_local_timestamp": "2026-01-25T23:43:16.125366+00:00", "data": {"market": "0x5137060694d32c9a1fcbf778cb44e8757075fe80a3ed2037326c082d585d68e3", "price_changes": [{"asset_id": "39652883111579613160758713582150349345147304632953362542747773649074210405705", "price": "0.01", "size": "82.82", "side": "BUY", "hash": "4c697cbc11cdc855e1c6c8fd6bcac9c1b0201eb7", "best_bid": "0.03", "best_ask": "0.97"}, {"asset_id": "107768525027332091662190213185913444485454335674810765858766601189518325281480", "price": "0.99", "size": "82.82", "side": "SELL", "hash": "7e17f1aa07376e5e449e4c34e387d2e1256f28bc", "best_bid": "0.03", "best_ask": "0.97"}], "timestamp": "1769384596000", "event_type": "price_change"}}
{"_local_timestamp": "2026-01-25T23:43:16.125789+00:00", "data": {"market": "0x37f885351bb635f8dbe31b97d50642269dd0316498a7778a83040adf85fe66e3", "price_changes": [{"asset_id": "55355569125390182114899788147465465747017725128032371484012495081185734622296", "price": "0.01", "size": "82.82", "side": "BUY", "hash": "f248fe7a267b7c8f0c3b7636179d94a3bb0cdc94", "best_bid": "0.03", "best_ask": "0.97"}, {"asset_id": "68168585302907882660057637852413272990045492501494323623850634991720446688275", "price": "0.99", "size": "82.82", "side": "SELL", "hash": "c8df0f226d7d3d5ba6487b7679770f344b2cec54", "best_bid": "0.03", "best_ask": "0.97"}], "timestamp": "1769384596001", "event_type": "price_change"}}
{"_local_timestamp": "2026-01-25T23:43:16.136283+00:00", "data": {"market": "0x0745742d8a7fac27ea2517dd8bc6388566738248a8c4724c0e558e38bc87ec71", "price_changes": [{"asset_id": "37342245632435175636139857527099140178825296275193964202364085820219827889830", "price": "0.02", "size": "36.55", "side": "BUY", "hash": "d67195651c9a106f8813e49c3e4a254d3f2749f0", "best_bid": "0.03", "best_ask": "0.97"}, {"asset_id": "63099151177298120146936228922943721918363708833985922529995211165345666519422", "price": "0.98", "size": "36.55", "side": "SELL", "hash": "07f2612bc88475978e538a1c220ac23b393f3431", "best_bid": "0.03", "best_ask": "0.97"}], "timestamp": "1769384596002", "event_type": "price_change"}}
{"_local_timestamp": "2026-01-25T23:43:16.136749+00:00", "data": {"market": "0x6769a2bfb33a048a3369e3de38428d6bcaf9c00842adcb0447d999b621229e58", "price_changes": [{"asset_id": "37311926189226860522945404270255765225935678578936378621462916750744435960777", "price": "0.01", "size": "82.82", "side": "BUY", "hash": "d578b7151d66609e38bc5cb0680b95025cf3544f", "best_bid": "0.03", "best_ask": "0.97"}, {"asset_id": "11469237343944019593497206266928078393736259424546415679396482991904865296534", "price": "0.99", "size": "82.82", "side": "SELL", "hash": "4bbec474704092dcf55f2a32134a9ae875a5e289", "best_bid": "0.03", "best_ask": "0.97"}], "timestamp": "1769384596004", "event_type": "price_change"}}
{"_local_timestamp": "2026-01-25T23:43:16.328726+00:00", "data": {"market": "0x0745742d8a7fac27ea2517dd8bc6388566738248a8c4724c0e558e38bc87ec71", "price_changes": [{"asset_id": "63099151177298120146936228922943721918363708833985922529995211165345666519422", "price": "0.01", "size": "82.82", "side": "BUY", "hash": "fcd94cb8e4261e8d3ff98b35eaabed78351fd861", "best_bid": "0.03", "best_ask": "0.97"}, {"asset_id": "37342245632435175636139857527099140178825296275193964202364085820219827889830", "price": "0.99", "size": "82.82", "side": "SELL", "hash": "f031dfc0475914f4f8be2983484a8ae65752247d", "best_bid": "0.03", "best_ask": "0.97"}], "timestamp": "1769384596207", "event_type": "price_change"}}
