{"_local_timestamp": "2026-01-25T23:33:45.000178+00:00", "data": [{"market": "0x7254ea91de903eb93caff7bceffe9d52c6c1e8008b8e9f1ec92f0d436d576e6f", "asset_id": "57813918059594326240723122101019948264363935948425542619841087488616187108362", "timestamp": "1769384012752", "hash": "592ac9b3d2ad8072193566006acf9ccfe5becacc", "bids": [{"price": "0.001", "size": "99999"}, {"price": "0.002", "size": "55000"}, {"price": "0.008", "size": "155"}, {"price": "0.01", "size": "27000"}, {"price": "0.011", "size": "55710"}, {"price": "0.08", "size": "155"}, {"price": "0.097", "size": "100"}, {"price": "0.099", "size": "100"}, {"price": "0.1", "size": "3500"}, {"price": "0.101", "size": "10000"}, {"price": "0.47", "size": "100"}, {"price": "0.49", "size": "100"}, {"price": "0.497", "size": "100"}, {"price": "0.499", "size": "300"}, {"price": "0.5", "size": "264"}, {"price": "0.75", "size": "60"}, {"price": "0.767", "size": "60"}, {"price": "0.768", "size": "264"}, {"price": "0.769", "size": "60"}, {"price": "0.77", "size": "60"}, {"price": "0.771", "size": "53"}, {"price": "0.772", "size": "25"}, {"price": "0.773", "size": "5.47"}, {"price": "0.991", "size": "300"}, {"price": "0.992", "size": "1000"}, {"price": "0.999", "size": "113303.1"}], "asks": [], "event_type": "book", "last_trade_price": "0.999"}, {"market": "0x22949e8e6cd04e81e5cfe7f724015fee090cbe6597c63c2653ff618bbb98eb7e", "asset_id": "52642199282404533726517565769229499250629883469539644363585184978630481675817", "timestamp": "1769384012751", "hash": "fae544e9d566177234e3e24680d62a36a6aab064", "bids": [{"price": "0.001", "size": "99999"}, {"price": "0.002", "size": "55000"}, {"price": "0.008", "size": "155"}, {"price": "0.01", "size": "27000"}, {"price": "0.011", "size": "55710"}, {"price": "0.08", "size": "155"}, {"price": "0.097", "size": "100"}, {"price": "0.099", "size": "100"}, {"price": "0.1", "size": "3500"}, {"price": "0.101", "size": "10000"}, {"price": "0.47", "size": "100"}, {"price": "0.49", "size": "100"}, {"price": "0.497", "size": "100"}, {"price": "0.499", "size": "300"}, {"price": "0.5", "size": "264"}, {"price": "0.65", "size": "7.69"}, {"price": "0.75", "size": "60"}, {"price": "0.767", "size": "60"}, {"price": "0.768", "size": "264"}, {"price": "0.769", "size": "60"}, {"price": "0.77", "size": "60"}, {"price": "0.771", "size": "53"}, {"price": "0.991", "size": "300"}, {"price": "0.997", "size": "1000"}, {"price": "0.998", "size": "27.56"}, {"price": "0.999", "size": "113298"}], "asks": [], "event_type": "book", "last_trade_price": ""}, {"market": "0x7254ea91de903eb93caff7bceffe9d52c6c1e8008b8e9f1ec92f0d436d576e6f", "asset_id": "77580704768779629538652841524456953891479588761682847084935111175737832134383", "timestamp": "1769384012752", "hash": "5d305c755d506b584708eb3aecc479815e78f725", "bids": [], "asks": [{"price": "0.999", "size": "99999"}, {"price": "0.998", "size": "55000"}, {"price": "0.992", "size": "155"}, {"price": "0.99", "size": "27000"}, {"price": "0.989", "size": "55710"}, {"price": "0.92", "size": "155"}, {"price": "0.903", "size": "100"}, {"price": "0.901", "size": "100"}, {"price": "0.9", "size": "3500"}, {"price": "0.899", "size": "10000"}, {"price": "0.53", "size": "100"}, {"price": "0.51", "size": "100"}, {"price": "0.503", "size": "100"}, {"price": "0.501", "size": "300"}, {"price": "0.5", "size": "264"}, {"price": "0.25", "size": "60"}, {"price": "0.233", "size": "60"}, {"price": "0.232", "size": "264"}, {"price": "0.231", "size": "60"}, {"price": "0.23", "size": "60"}, {"price": "0.229", "size": "53"}, {"price": "0.228", "size": "25"}, {"price": "0.227", "size": "5.47"}, {"price": "0.009", "size": "300"}, {"price": "0.008", "size": "1000"}, {"price": "0.001", "size": "113303.1"}], "event_type": "book", "last_trade_price": "0.999"}, {"market": "0x22949e8e6cd04e81e5cfe7f724015fee090cbe6597c63c2653ff618bbb98eb7e", "asset_id": "110863992693967844921329720389720011394304822266141187734597926478639148554489", "timestamp": "1769384012751", "hash": "da2b36ea8b6f0390c18685b39de03555edaf0f26", "bids": [], "asks": [{"price": "0.999", "size": "99999"}, {"price": "0.998", "size": "55000"}, {"price": "0.992", "size": "155"}, {"price": "0.99", "size": "27000"}, {"price": "0.989", "size": "55710"}, {"price": "0.92", "size": "155"}, {"price": "0.903", "size": "100"}, {"price": "0.901", "size": "100"}, {"price": "0.9", "size": "3500"}, {"price": "0.899", "size": "10000"}, {"price": "0.53", "size": "100"}, {"price": "0.51", "size": "100"}, {"price": "0.503", "size": "100"}, {"price": "0.501", "size": "300"}, {"price": "0.5", "size": "264"}, {"price": "0.35", "size": "7.69"}, {"price": "0.25", "size": "60"}, {"price": "0.233", "size": "60"}, {"price": "0.232", "size": "264"}, {"price": "0.231", "size": "60"}, {"price": "0.23", "size": "60"}, {"price": "0.229", "size": "53"}, {"price": "0.009", "size": "300"}, {"price": "0.003", "size": "1000"}, {"price": "0.002", "size": "27.56"}, {"price": "0.001", "size": "113298"}], "event_type": "book", "last_trade_price": ""}]}
{"_local_timestamp": "2026-01-25T23:33:45.891544+00:00", "data": {"market": "0x7254ea91de903eb93caff7bceffe9d52c6c1e8008b8e9f1ec92f0d436d576e6f", "price_changes": [{"asset_id": "57813918059594326240723122101019948264363935948425542619841087488616187108362", "price": "0.999", "size": "100005.1", "side": "BUY", "hash": "42bda094f4d7490f94b40512e7c82555cdcb59be", "best_bid": "0.999", "best_ask": "1"}, {"asset_id": "77580704768779629538652841524456953891479588761682847084935111175737832134383", "price": "0.001", "size": "100005.1", "side": "SELL", "hash": "6d105e2d33cbc69ac9ff76f535748bafbf781eb0", "best_bid": "0", "best_ask": "0.001"}], "timestamp": "1769384025807", "event_type": "price_change"}}
{"_local_timestamp": "2026-01-25T23:33:45.911870+00:00", "data": {"market": "0x22949e8e6cd04e81e5cfe7f724015fee090cbe6597c63c2653ff618bbb98eb7e", "price_changes": [{"asset_id": "52642199282404533726517565769229499250629883469539644363585184978630481675817", "price": "0.999", "size": "100000", "side": "BUY", "hash": "b90396ad25fd2364f8d969eb2358750a712817aa", "best_bid": "0.999", "best_ask": "1"}, {"asset_id": "110863992693967844921329720389720011394304822266141187734597926478639148554489", "price": "0.001", "size": "100000", "side": "SELL", "hash": "52f059814dcdb40916eab9fe1d3c801d6a571751", "best_bid": "0", "best_ask": "0.001"}], "timestamp": "1769384025808", "event_type": "price_change"}}
{"_local_timestamp": "2026-01-25T23:33:47.584317+00:00", "data": {"market": "0x22949e8e6cd04e81e5cfe7f724015fee090cbe6597c63c2653ff618bbb98eb7e", "price_changes": [{"asset_id": "52642199282404533726517565769229499250629883469539644363585184978630481675817", "price": "0.999", "size": "102497", "side": "BUY", "hash": "e342fe42d669a8814c9b96b880bee69a37bfa7b8", "best_bid": "0.999", "best_ask": "1"}, {"asset_id": "110863992693967844921329720389720011394304822266141187734597926478639148554489", "price": "0.001", "size": "102497", "side": "SELL", "hash": "3415270fed8ac5f7d9da461e2ebabfd4d181f300", "best_bid": "0", "best_ask": "0.001"}], "timestamp": "1769384027508", "event_type": "price_change"}}
{"_local_timestamp": "2026-01-25T23:33:47.587914+00:00", "data": {"market": "0x7254ea91de903eb93caff7bceffe9d52c6c1e8008b8e9f1ec92f0d436d576e6f", "price_changes": [{"asset_id": "57813918059594326240723122101019948264363935948425542619841087488616187108362", "price": "0.999", "size": "102502.1", "side": "BUY", "hash": "0255d6d013727cf68e2b2da48b5376983a8c14a1", "best_bid": "0.999", "best_ask": "1"}, {"asset_id": "77580704768779629538652841524456953891479588761682847084935111175737832134383", "price": "0.001", "size": "102502.1", "side": "SELL", "hash": "d084ea733f33ae49e6f111fc200a36d64953679b", "best_bid": "0", "best_ask": "0.001"}], "timestamp": "1769384027508", "event_type": "price_change"}}
{"_local_timestamp": "2026-01-25T23:33:48.005810+00:00", "data": {"market": "0x22949e8e6cd04e81e5cfe7f724015fee090cbe6597c63c2653ff618bbb98eb7e", "price_changes": [{"asset_id": "52642199282404533726517565769229499250629883469539644363585184978630481675817", "price": "0.999", "size": "104993", "side": "BUY", "hash": "ab988822f4eb2d822654d65585dc31c88388bb20", "best_bid": "0.999", "best_ask": "1"}, {"asset_id": "110863992693967844921329720389720011394304822266141187734597926478639148554489", "price": "0.001", "size": "104993", "side": "SELL", "hash": "c9930a5fab6297dbd03d63e491f8da17c85e2ce4", "best_bid": "0", "best_ask": "0.001"}], "timestamp": "1769384027922", "event_type": "price_change"}}
{"_local_timestamp": "2026-01-25T23:33:48.006657+00:00", "data": {"market": "0x7254ea91de903eb93caff7bceffe9d52c6c1e8008b8e9f1ec92f0d436d576e6f", "price_changes": [{"asset_id": "57813918059594326240723122101019948264363935948425542619841087488616187108362", "price": "0.999", "size": "104998.1", "side": "BUY", "hash": "93633f51876b3192ca49f7463334439331ba4801", "best_bid": "0.999", "best_ask": "1"}, {"asset_id": "77580704768779629538652841524456953891479588761682847084935111175737832134383", "price": "0.001", "size": "104998.1", "side": "SELL", "hash": "ecc5c9d15a8eb822df952bb1097278ff8ca81060", "best_bid": "0", "best_ask": "0.001"}], "timestamp": "1769384027922", "event_type": "price_change"}}
{"_local_timestamp": "2026-01-25T23:33:48.503690+00:00", "data": {"market": "0x7254ea91de903eb93caff7bceffe9d52c6c1e8008b8e9f1ec92f0d436d576e6f", "price_changes": [{"asset_id": "57813918059594326240723122101019948264363935948425542619841087488616187108362", "price": "0.999", "size": "107493.1", "side": "BUY", "hash": "e9463d5bade3e45e1112a3a25ff61f3e476d75c3", "best_bid": "0.999", "best_ask": "1"}, {"asset_id": "77580704768779629538652841524456953891479588761682847084935111175737832134383", "price": "0.001", "size": "107493.1", "side": "SELL", "hash": "82f17bba9ad82423ebbc64276a3ac0deb8ee7e35", "best_bid": "0", "best_ask": "0.001"}], "timestamp": "1769384028431", "event_type": "price_change"}}
{"_local_timestamp": "2026-01-25T23:33:48.525069+00:00", "data": {"market": "0x22949e8e6cd04e81e5cfe7f724015fee090cbe6597c63c2653ff618bbb98eb7e", "price_changes": [{"asset_id": "52642199282404533726517565769229499250629883469539644363585184978630481675817", "price": "0.999", "size": "107488", "side": "BUY", "hash": "558aeb32ff13eb927ca0a809e1e6181a1582545d", "best_bid": "0.999", "best_ask": "1"}, {"asset_id": "110863992693967844921329720389720011394304822266141187734597926478639148554489", "price": "0.001", "size": "107488", "side": "SELL", "hash": "117d1adc50916e1cc0032d493a51c4073af82972", "best_bid": "0", "best_ask": "0.001"}], "timestamp": "1769384028431", "event_type": "price_change"}}
{"_local_timestamp": "2026-01-25T23:33:49.322444+00:00", "data": {"market": "0x22949e8e6cd04e81e5cfe7f724015fee090cbe6597c63c2653ff618bbb98eb7e", "price_changes": [{"asset_id": "52642199282404533726517565769229499250629883469539644363585184978630481675817", "price": "0.999", "size": "108111", "side": "BUY", "hash": "3023c200145dcfb1f3ecc37c8757168f7a8816e7", "best_bid": "0.999", "best_ask": "1"}, {"asset_id": "110863992693967844921329720389720011394304822266141187734597926478639148554489", "price": "0.001", "size": "108111", "side": "SELL", "hash": "5defd80c78f5e06d87e9f3b8134ed4de8bd4db70", "best_bid": "0", "best_ask": "0.001"}], "timestamp": "1769384029240", "event_type": "price_change"}}
{"_local_timestamp": "2026-01-25T23:33:49.327957+00:00", "data": {"market": "0x7254ea91de903eb93caff7bceffe9d52c6c1e8008b8e9f1ec92f0d436d576e6f", "price_changes": [{"asset_id": "57813918059594326240723122101019948264363935948425542619841087488616187108362", "price": "0.999", "size": "108116.1", "side": "BUY", "hash": "46e2fbe7b5a75d254f710b7b2ed22a27ee07f6d1", "best_bid": "0.999", "best_ask": "1"}, {"asset_id": "77580704768779629538652841524456953891479588761682847084935111175737832134383", "price": "0.001", "size": "108116.1", "side": "SELL", "hash": "ef307578cf0ce7a376b3afeb34331897b177b557", "best_bid": "0", "best_ask": "0.001"}], "timestamp": "1769384029240", "event_type": "price_change"}}
{"_local_timestamp": "2026-01-25T23:33:49.787886+00:00", "data": {"market": "0x7254ea91de903eb93caff7bceffe9d52c6c1e8008b8e9f1ec92f0d436d576e6f", "price_changes": [{"asset_id": "57813918059594326240723122101019948264363935948425542619841087488616187108362", "price": "0.999", "size": "108738.1", "side": "BUY", "hash": "1ddc2027ffe9b227d4e8a223ef74d468fffc92cd", "best_bid": "0.999", "best_ask": "1"}, {"asset_id": "77580704768779629538652841524456953891479588761682847084935111175737832134383", "price": "0.001", "size": "108738.1", "side": "SELL", "hash": "9d8380b319b3845321dbc63271c0130dc3193731", "best_bid": "0", "best_ask": "0.001"}], "timestamp": "1769384029717", "event_type": "price_change"}}
{"_local_timestamp": "2026-01-25T23:33:49.788333+00:00", "data": {"market": "0x22949e8e6cd04e81e5cfe7f724015fee090cbe6597c63c2653ff618bbb98eb7e", "price_changes": [{"asset_id": "52642199282404533726517565769229499250629883469539644363585184978630481675817", "price": "0.999", "size": "108733", "side": "BUY", "hash": "eb8ba7135acb8c98d10df63385f241ff509892d1", "best_bid": "0.999", "best_ask": "1"}, {"asset_id": "110863992693967844921329720389720011394304822266141187734597926478639148554489", "price": "0.001", "size": "108733", "side": "SELL", "hash": "962a82b4fef91b72b373f9cab95ad96746e59894", "best_bid": "0", "best_ask": "0.001"}], "timestamp": "1769384029717", "event_type": "price_change"}}
{"_local_timestamp": "2026-01-25T23:33:51.620457+00:00", "data": {"market": "0x7254ea91de903eb93caff7bceffe9d52c6c1e8008b8e9f1ec92f0d436d576e6f", "price_changes": [{"asset_id": "57813918059594326240723122101019948264363935948425542619841087488616187108362", "price": "0.999", "size": "108893.1", "side": "BUY", "hash": "b6648ac7253d7bee4da288c3f44e804296835669", "best_bid": "0.999", "best_ask": "1"}, {"asset_id": "77580704768779629538652841524456953891479588761682847084935111175737832134383", "price": "0.001", "size": "108893.1", "side": "SELL", "hash": "64f3a388097308c97056eb2678e0fce1bc1dcb83", "best_bid": "0", "best_ask": "0.001"}], "timestamp": "1769384031549", "event_type": "price_change"}}
{"_local_timestamp": "2026-01-25T23:33:51.621785+00:00", "data": {"market": "0x22949e8e6cd04e81e5cfe7f724015fee090cbe6597c63c2653ff618bbb98eb7e", "price_changes": [{"asset_id": "52642199282404533726517565769229499250629883469539644363585184978630481675817", "price": "0.999", "size": "108888", "side": "BUY", "hash": "29d92a2eadc45384915447ea2e72dcc99a9c31cb", "best_bid": "0.999", "best_ask": "1"}, {"asset_id": "110863992693967844921329720389720011394304822266141187734597926478639148554489", "price": "0.001", "size": "108888", "side": "SELL", "hash": "ff5efdec6925199f586b8fc8cc074cf11600dffc", "best_bid": "0", "best_ask": "0.001"}], "timestamp": "1769384031550", "event_type": "price_change"}}
{"_local_timestamp": "2026-01-25T23:33:52.628362+00:00", "data": {"market": "0x22949e8e6cd04e81e5cfe7f724015fee090cbe6597c63c2653ff618bbb98eb7e", "price_changes": [{"asset_id": "52642199282404533726517565769229499250629883469539644363585184978630481675817", "price": "0.999", "size": "109042", "side": "BUY", "hash": "d1737e3a4dfaffd5822e2ad9798a897cda7ccad7", "best_bid": "0.999", "best_ask": "1"}, {"asset_id": "110863992693967844921329720389720011394304822266141187734597926478639148554489", "price": "0.001", "size": "109042", "side": "SELL", "hash": "63dcc8cb7d3206445382d6a8f26cc40674478e9b", "best_bid": "0", "best_ask": "0.001"}], "timestamp": "1769384032544", "event_type": "price_change"}}
{"_local_timestamp": "2026-01-25T23:33:52.631203+00:00", "data": {"market": "0x7254ea91de903eb93caff7bceffe9d52c6c1e8008b8e9f1ec92f0d436d576e6f", "price_changes": [{"asset_id": "57813918059594326240723122101019948264363935948425542619841087488616187108362", "price": "0.999", "size": "109047.1", "side": "BUY", "hash": "748870b527eddeea5ac54930bc035028d731f0bb", "best_bid": "0.999", "best_ask": "1"}, {"asset_id": "77580704768779629538652841524456953891479588761682847084935111175737832134383", "price": "0.001", "size": "109047.1", "side": "SELL", "hash": "8753463e0d1298d3dbc41106eb26643de7be47f2", "best_bid": "0", "best_ask": "0.001"}], "timestamp": "1769384032544", "event_type": "price_change"}}
{"_local_timestamp": "2026-01-25T23:33:52.958904+00:00", "data": {"market": "0x22949e8e6cd04e81e5cfe7f724015fee090cbe6597c63c2653ff618bbb98eb7e", "price_changes": [{"asset_id": "52642199282404533726517565769229499250629883469539644363585184978630481675817", "price": "0.999", "size": "109195", "side": "BUY", "hash": "d0e8e39b929fa0f70adc95348b47c19f96653745", "best_bid": "0.999", "best_ask": "1"}, {"asset_id": "110863992693967844921329720389720011394304822266141187734597926478639148554489", "price": "0.001", "size": "109195", "side": "SELL", "hash": "84a7e8c6189cb2973ca164eb9c831c64d1d01f60", "best_bid": "0", "best_ask": "0.001"}], "timestamp": "1769384032892", "event_type": "price_change"}}
{"_local_timestamp": "2026-01-25T23:33:52.971677+00:00", "data": {"market": "0x7254ea91de903eb93caff7bceffe9d52c6c1e8008b8e9f1ec92f0d436d576e6f", "price_changes": [{"asset_id": "57813918059594326240723122101019948264363935948425542619841087488616187108362", "price": "0.999", "size": "109200.1", "side": "BUY", "hash": "046860df120b2858959eadab6458db54be6f6041", "best_bid": "0.999", "best_ask": "1"}, {"asset_id": "77580704768779629538652841524456953891479588761682847084935111175737832134383", "price": "0.001", "size": "109200.1", "side": "SELL", "hash": "24bf0ece441e026809d77e3828233363a430bdc4", "best_bid": "0", "best_ask": "0.001"}], "timestamp": "1769384032892", "event_type": "price_change"}}
{"_local_timestamp": "2026-01-25T23:33:54.575810+00:00", "data": {"market": "0x22949e8e6cd04e81e5cfe7f724015fee090cbe6597c63c2653ff618bbb98eb7e", "price_changes": [{"asset_id": "52642199282404533726517565769229499250629883469539644363585184978630481675817", "price": "0.999", "size": "109232", "side": "BUY", "hash": "319c9b9b57fea4400f4d78aa078a2b77d658a30f", "best_bid": "0.999", "best_ask": "1"}, {"asset_id": "110863992693967844921329720389720011394304822266141187734597926478639148554489", "price": "0.001", "size": "109232", "side": "SELL", "hash": "34f5824bcf13d0ca1eb5023fec1cef4f6dff112d", "best_bid": "0", "best_ask": "0.001"}], "timestamp": "1769384034492", "event_type": "price_change"}}
{"_local_timestamp": "2026-01-25T23:33:54.580221+00:00", "data": {"market": "0x7254ea91de903eb93caff7bceffe9d52c6c1e8008b8e9f1ec92f0d436d576e6f", "price_changes": [{"asset_id": "57813918059594326240723122101019948264363935948425542619841087488616187108362", "price": "0.999", "size": "109237.1", "side": "BUY", "hash": "33d49a7da4d8f7df98b0cc0f830729eae477875a", "best_bid": "0.999", "best_ask": "1"}, {"asset_id": "77580704768779629538652841524456953891479588761682847084935111175737832134383", "price": "0.001", "size": "109237.1", "side": "SELL", "hash": "65e9565aae0d90f488ea4978985bdbb901a90523", "best_bid": "0", "best_ask": "0.001"}], "timestamp": "1769384034492", "event_type": "price_change"}}
{"_local_timestamp": "2026-01-25T23:33:55.236814+00:00", "data": {"market": "0x7254ea91de903eb93caff7bceffe9d52c6c1e8008b8e9f1ec92f0d436d576e6f", "price_changes": [{"asset_id": "57813918059594326240723122101019948264363935948425542619841087488616187108362", "price": "0.999", "size": "109273.1", "side": "BUY", "hash": "78386f86618dc5511720b1b62816e7efaf687eba", "best_bid": "0.999", "best_ask": "1"}, {"asset_id": "77580704768779629538652841524456953891479588761682847084935111175737832134383", "price": "0.001", "size": "109273.1", "side": "SELL", "hash": "598f8a65051697d7e5ddb8b3881c3888aafd7e5c", "best_bid": "0", "best_ask": "0.001"}], "timestamp": "1769384035136", "event_type": "price_change"}}
{"_local_timestamp": "2026-01-25T23:33:55.245629+00:00", "data": {"market": "0x22949e8e6cd04e81e5cfe7f724015fee090cbe6597c63c2653ff618bbb98eb7e", "price_changes": [{"asset_id": "52642199282404533726517565769229499250629883469539644363585184978630481675817", "price": "0.999", "size": "109268", "side": "BUY", "hash": "f849249e83201b6cc11fa8b16d35adeaa697d114", "best_bid": "0.999", "best_ask": "1"}, {"asset_id": "110863992693967844921329720389720011394304822266141187734597926478639148554489", "price": "0.001", "size": "109268", "side": "SELL", "hash": "0ab680c2f14ad76f1ffb0ec6b9a1b3513e0768fe", "best_bid": "0", "best_ask": "0.001"}], "timestamp": "1769384035136", "event_type": "price_change"}}
{"_local_timestamp": "2026-01-25T23:33:55.654709+00:00", "data": {"market": "0x7254ea91de903eb93caff7bceffe9d52c6c1e8008b8e9f1ec92f0d436d576e6f", "price_changes": [{"asset_id": "57813918059594326240723122101019948264363935948425542619841087488616187108362", "price": "0.999", "size": "109308.1", "side": "BUY", "hash": "dba494a12d57b65b5c840e3c7d162d570392953b", "best_bid": "0.999", "best_ask": "1"}, {"asset_id": "77580704768779629538652841524456953891479588761682847084935111175737832134383", "price": "0.001", "size": "109308.1", "side": "SELL", "hash": "bb359a9f7d2e82e02f15531cc9ad64ecff4c8fb3", "best_bid": "0", "best_ask": "0.001"}], "timestamp": "1769384035560", "event_type": "price_change"}}
{"_local_timestamp": "2026-01-25T23:33:55.655901+00:00", "data": {"market": "0x22949e8e6cd04e81e5cfe7f724015fee090cbe6597c63c2653ff618bbb98eb7e", "price_changes": [{"asset_id": "52642199282404533726517565769229499250629883469539644363585184978630481675817", "price": "0.999", "size": "109303", "side": "BUY", "hash": "4ce90bb8a2b0431590744d45bdb1a00dbe348d3a", "best_bid": "0.999", "best_ask": "1"}, {"asset_id": "110863992693967844921329720389720011394304822266141187734597926478639148554489", "price": "0.001", "size": "109303", "side": "SELL", "hash": "6721eee5d9a6fffe5cf5f10cf94e1a46a2f2dcc2", "best_bid": "0", "best_ask": "0.001"}], "timestamp": "1769384035560", "event_type": "price_change"}}
{"_local_timestamp": "2026-01-25T23:34:08.139886+00:00", "data": {"market": "0x22949e8e6cd04e81e5cfe7f724015fee090cbe6597c63c2653ff618bbb98eb7e", "price_changes": [{"asset_id": "52642199282404533726517565769229499250629883469539644363585184978630481675817", "price": "0.999", "size": "104993", "side": "BUY", "hash": "e7409d9e551f4c9537347eb2824a4c9322ad6208", "best_bid": "0.999", "best_ask": "1"}, {"asset_id": "110863992693967844921329720389720011394304822266141187734597926478639148554489", "price": "0.001", "size": "104993", "side": "SELL", "hash": "f055ef43225089434fec267d2f4950fb4d02dc18", "best_bid": "0", "best_ask": "0.001"}], "timestamp": "1769384047890", "event_type": "price_change"}}
{"_local_timestamp": "2026-01-25T23:34:08.146166+00:00", "data": {"market": "0x7254ea91de903eb93caff7bceffe9d52c6c1e8008b8e9f1ec92f0d436d576e6f", "price_changes": [{"asset_id": "57813918059594326240723122101019948264363935948425542619841087488616187108362", "price": "0.999", "size": "104998.1", "side": "BUY", "hash": "c8f50178d85a68f38fe33f1c2201113baca6c8fc", "best_bid": "0.999", "best_ask": "1"}, {"asset_id": "77580704768779629538652841524456953891479588761682847084935111175737832134383", "price": "0.001", "size": "104998.1", "side": "SELL", "hash": "b1791440e54e28b6fa3019712a641b4ab4dfa479", "best_bid": "0", "best_ask": "0.001"}], "timestamp": "1769384047888", "event_type": "price_change"}}
{"_local_timestamp": "2026-01-25T23:34:08.803225+00:00", "data": {"market": "0x7254ea91de903eb93caff7bceffe9d52c6c1e8008b8e9f1ec92f0d436d576e6f", "price_changes": [{"asset_id": "57813918059594326240723122101019948264363935948425542619841087488616187108362", "price": "0.999", "size": "100005.1", "side": "BUY", "hash": "4438344c73b60a0292e88205e7a0c8f9bc9dadb8", "best_bid": "0.999", "best_ask": "1"}, {"asset_id": "77580704768779629538652841524456953891479588761682847084935111175737832134383", "price": "0.001", "size": "100005.1", "side": "SELL", "hash": "c1581db1690dbe6bf8df25f117ac61b5ec48a921", "best_bid": "0", "best_ask": "0.001"}], "timestamp": "1769384048562", "event_type": "price_change"}}
{"_local_timestamp": "2026-01-25T23:34:08.828020+00:00", "data": {"market": "0x22949e8e6cd04e81e5cfe7f724015fee090cbe6597c63c2653ff618bbb98eb7e", "price_changes": [{"asset_id": "52642199282404533726517565769229499250629883469539644363585184978630481675817", "price": "0.999", "size": "100000", "side": "BUY", "hash": "398efad1a6991a082f43599096f67643eabbe8f5", "best_bid": "0.999", "best_ask": "1"}, {"asset_id": "110863992693967844921329720389720011394304822266141187734597926478639148554489", "price": "0.001", "size": "100000", "side": "SELL", "hash": "6b9a4ebab9e904ccc6e58bf0b7f819674e64b5e7", "best_bid": "0", "best_ask": "0.001"}], "timestamp": "1769384048564", "event_type": "price_change"}}
{"_local_timestamp": "2026-01-25T23:34:09.481551+00:00", "data": {"market": "0x22949e8e6cd04e81e5cfe7f724015fee090cbe6597c63c2653ff618bbb98eb7e", "price_changes": [{"asset_id": "52642199282404533726517565769229499250629883469539644363585184978630481675817", "price": "0.999", "size": "90000", "side": "BUY", "hash": "34a7e0d1e1926221a28c79b83420c219196168c8", "best_bid": "0.999", "best_ask": "1"}, {"asset_id": "110863992693967844921329720389720011394304822266141187734597926478639148554489", "price": "0.001", "size": "90000", "side": "SELL", "hash": "898204a27921b6806dfceb73f0004d304097ddd7", "best_bid": "0", "best_ask": "0.001"}], "timestamp": "1769384049210", "event_type": "price_change"}}
{"_local_timestamp": "2026-01-25T23:34:09.482135+00:00", "data": {"market": "0x7254ea91de903eb93caff7bceffe9d52c6c1e8008b8e9f1ec92f0d436d576e6f", "price_changes": [{"asset_id": "57813918059594326240723122101019948264363935948425542619841087488616187108362", "price": "0.999", "size": "90005.1", "side": "BUY", "hash": "b9ef6985c00a0e75a2ba9819d6db9e09d6ef693b", "best_bid": "0.999", "best_ask": "1"}, {"asset_id": "77580704768779629538652841524456953891479588761682847084935111175737832134383", "price": "0.001", "size": "90005.1", "side": "SELL", "hash": "207a0c521dac592bcdeb07a15492171cf1888398", "best_bid": "0", "best_ask": "0.001"}], "timestamp": "1769384049209", "event_type": "price_change"}}
{"_local_timestamp": "2026-01-25T23:34:11.342464+00:00", "data": {"market": "0x22949e8e6cd04e81e5cfe7f724015fee090cbe6597c63c2653ff618bbb98eb7e", "price_changes": [{"asset_id": "52642199282404533726517565769229499250629883469539644363585184978630481675817", "price": "0.999", "size": "92500", "side": "BUY", "hash": "029c765978f2282b177214fae00d969a339a9c4b", "best_bid": "0.999", "best_ask": "1"}, {"asset_id": "110863992693967844921329720389720011394304822266141187734597926478639148554489", "price": "0.001", "size": "92500", "side": "SELL", "hash": "5acf925d3183971cf5dbb470e00835e241174329", "best_bid": "0", "best_ask": "0.001"}], "timestamp": "1769384051127", "event_type": "price_change"}}
{"_local_timestamp": "2026-01-25T23:34:11.342875+00:00", "data": {"market": "0x7254ea91de903eb93caff7bceffe9d52c6c1e8008b8e9f1ec92f0d436d576e6f", "price_changes": [{"asset_id": "57813918059594326240723122101019948264363935948425542619841087488616187108362", "price": "0.999", "size": "92505.1", "side": "BUY", "hash": "8e23042c1f3a581f001f8d164f61456ed53c09d3", "best_bid": "0.999", "best_ask": "1"}, {"asset_id": "77580704768779629538652841524456953891479588761682847084935111175737832134383", "price": "0.001", "size": "92505.1", "side": "SELL", "hash": "afc869ce2b74927e64185beb57d7555dbc059241", "best_bid": "0", "best_ask": "0.001"}], "timestamp": "1769384051127", "event_type": "price_change"}}
{"_local_timestamp": "2026-01-25T23:34:12.612199+00:00", "data": {"market": "0x22949e8e6cd04e81e5cfe7f724015fee090cbe6597c63c2653ff618bbb98eb7e", "price_changes": [{"asset_id": "52642199282404533726517565769229499250629883469539644363585184978630481675817", "price": "0.999", "size": "93124", "side": "BUY", "hash": "2d1c2c5dd52c53f08921e501b378986be51e9dfa", "best_bid": "0.999", "best_ask": "1"}, {"asset_id": "110863992693967844921329720389720011394304822266141187734597926478639148554489", "price": "0.001", "size": "93124", "side": "SELL", "hash": "c7e76ef25d302f0dde19b6ad07107fd1f2609774", "best_bid": "0", "best_ask": "0.001"}], "timestamp": "1769384052362", "event_type": "price_change"}}
{"_local_timestamp": "2026-01-25T23:34:12.626362+00:00", "data": {"market": "0x7254ea91de903eb93caff7bceffe9d52c6c1e8008b8e9f1ec92f0d436d576e6f", "price_changes": [{"asset_id": "57813918059594326240723122101019948264363935948425542619841087488616187108362", "price": "0.999", "size": "93129.1", "side": "BUY", "hash": "95a26775e7b7fdd99394355e6788e2b4c05c79de", "best_bid": "0.999", "best_ask": "1"}, {"asset_id": "77580704768779629538652841524456953891479588761682847084935111175737832134383", "price": "0.001", "size": "93129.1", "side": "SELL", "hash": "e108355f701c690c8234d7ca90b24338992164fb", "best_bid": "0", "best_ask": "0.001"}], "timestamp": "1769384052362", "event_type": "price_change"}}
{"_local_timestamp": "2026-01-25T23:34:13.734114+00:00", "data": {"market": "0x22949e8e6cd04e81e5cfe7f724015fee090cbe6597c63c2653ff618bbb98eb7e", "price_changes": [{"asset_id": "52642199282404533726517565769229499250629883469539644363585184978630481675817", "price": "0.999", "size": "93279", "side": "BUY", "hash": "7ea73cfb5c48458a52b98c0962bfa1793510fac8", "best_bid": "0.999", "best_ask": "1"}, {"asset_id": "110863992693967844921329720389720011394304822266141187734597926478639148554489", "price": "0.001", "size": "93279", "side": "SELL", "hash": "9b57bff15745e144a7b483ba70ce6481afc935b8", "best_bid": "0", "best_ask": "0.001"}], "timestamp": "1769384053416", "event_type": "price_change"}}
{"_local_timestamp": "2026-01-25T23:34:13.734552+00:00", "data": {"market": "0x7254ea91de903eb93caff7bceffe9d52c6c1e8008b8e9f1ec92f0d436d576e6f", "price_changes": [{"asset_id": "57813918059594326240723122101019948264363935948425542619841087488616187108362", "price": "0.999", "size": "93284.1", "side": "BUY", "hash": "942478a3ae71cb3828b3b5544a71b40fc0520e03", "best_bid": "0.999", "best_ask": "1"}, {"asset_id": "77580704768779629538652841524456953891479588761682847084935111175737832134383", "price": "0.001", "size": "93284.1", "side": "SELL", "hash": "72e1a23f300c20d40dea1648194a07c8c1cd7eb6", "best_bid": "0", "best_ask": "0.001"}], "timestamp": "1769384053416", "event_type": "price_change"}}
{"_local_timestamp": "2026-01-25T23:34:25.623874+00:00", "data": {"market": "0x22949e8e6cd04e81e5cfe7f724015fee090cbe6597c63c2653ff618bbb98eb7e", "price_changes": [{"asset_id": "52642199282404533726517565769229499250629883469539644363585184978630481675817", "price": "0.999", "size": "80000", "side": "BUY", "hash": "35afecfbbe8009d1058da917ca499d2d37e0f355", "best_bid": "0.999", "best_ask": "1"}, {"asset_id": "110863992693967844921329720389720011394304822266141187734597926478639148554489", "price": "0.001", "size": "80000", "side": "SELL", "hash": "152453e8909f3de9173e1221992e6720ca516442", "best_bid": "0", "best_ask": "0.001"}], "timestamp": "1769384065337", "event_type": "price_change"}}
{"_local_timestamp": "2026-01-25T23:34:25.632372+00:00", "data": {"market": "0x7254ea91de903eb93caff7bceffe9d52c6c1e8008b8e9f1ec92f0d436d576e6f", "price_changes": [{"asset_id": "57813918059594326240723122101019948264363935948425542619841087488616187108362", "price": "0.999", "size": "80005.1", "side": "BUY", "hash": "4afa7f10e0e9b954c1f48a291d8e7875f8e975fc", "best_bid": "0.999", "best_ask": "1"}, {"asset_id": "77580704768779629538652841524456953891479588761682847084935111175737832134383", "price": "0.001", "size": "80005.1", "side": "SELL", "hash": "6ac68560f4beb31d7b4b74f169667c47ec9ebb5e", "best_bid": "0", "best_ask": "0.001"}], "timestamp": "1769384065336", "event_type": "price_change"}}
{"_local_timestamp": "2026-01-25T23:34:26.473381+00:00", "data": {"market": "0x7254ea91de903eb93caff7bceffe9d52c6c1e8008b8e9f1ec92f0d436d576e6f", "price_changes": [{"asset_id": "57813918059594326240723122101019948264363935948425542619841087488616187108362", "price": "0.999", "size": "80630.1", "side": "BUY", "hash": "3342b6c0af7354070e0315afa36e218ed06de58d", "best_bid": "0.999", "best_ask": "1"}, {"asset_id": "77580704768779629538652841524456953891479588761682847084935111175737832134383", "price": "0.001", "size": "80630.1", "side": "SELL", "hash": "8b0df4778fa7cd3d36351eb32703055ac020a978", "best_bid": "0", "best_ask": "0.001"}], "timestamp": "1769384066210", "event_type": "price_change"}}
{"_local_timestamp": "2026-01-25T23:34:26.484923+00:00", "data": {"market": "0x22949e8e6cd04e81e5cfe7f724015fee090cbe6597c63c2653ff618bbb98eb7e", "price_changes": [{"asset_id": "52642199282404533726517565769229499250629883469539644363585184978630481675817", "price": "0.999", "size": "80625", "side": "BUY", "hash": "63eeb6fd708fe7a5ceb9f5884a71ac7ef62276b9", "best_bid": "0.999", "best_ask": "1"}, {"asset_id": "110863992693967844921329720389720011394304822266141187734597926478639148554489", "price": "0.001", "size": "80625", "side": "SELL", "hash": "e0084119df4708b2b0e5dad5ec324e816c065129", "best_bid": "0", "best_ask": "0.001"}], "timestamp": "1769384066211", "event_type": "price_change"}}
{"_local_timestamp": "2026-01-25T23:34:27.195168+00:00", "data": {"market": "0x7254ea91de903eb93caff7bceffe9d52c6c1e8008b8e9f1ec92f0d436d576e6f", "price_changes": [{"asset_id": "57813918059594326240723122101019948264363935948425542619841087488616187108362", "price": "0.999", "size": "81254.1", "side": "BUY", "hash": "f48e6e1cf8ba8bb756b0f491712d3d29f55eb5f3", "best_bid": "0.999", "best_ask": "1"}, {"asset_id": "77580704768779629538652841524456953891479588761682847084935111175737832134383", "price": "0.001", "size": "81254.1", "side": "SELL", "hash": "5322663f794f1381ca1cbda35a9df98734054090", "best_bid": "0", "best_ask": "0.001"}], "timestamp": "1769384066586", "event_type": "price_change"}}
{"_local_timestamp": "2026-01-25T23:34:27.195558+00:00", "data": {"market": "0x22949e8e6cd04e81e5cfe7f724015fee090cbe6597c63c2653ff618bbb98eb7e", "price_changes": [{"asset_id": "52642199282404533726517565769229499250629883469539644363585184978630481675817", "price": "0.999", "size": "81249", "side": "BUY", "hash": "4df1eaa24ae53fd25b292dd4aea0a85cf33459f4", "best_bid": "0.999", "best_ask": "1"}, {"asset_id": "110863992693967844921329720389720011394304822266141187734597926478639148554489", "price": "0.001", "size": "81249", "side": "SELL", "hash": "4d4fd27a51bd11dd01fb457b40d0374afa4919ec", "best_bid": "0", "best_ask": "0.001"}], "timestamp": "1769384066586", "event_type": "price_change"}}
{"_local_timestamp": "2026-01-25T23:34:28.105655+00:00", "data": {"market": "0x22949e8e6cd04e81e5cfe7f724015fee090cbe6597c63c2653ff618bbb98eb7e", "price_changes": [{"asset_id": "52642199282404533726517565769229499250629883469539644363585184978630481675817", "price": "0.999", "size": "81404", "side": "BUY", "hash": "63f1775e8c93b49e869ec3a179b8d618725d7a9a", "best_bid": "0.999", "best_ask": "1"}, {"asset_id": "110863992693967844921329720389720011394304822266141187734597926478639148554489", "price": "0.001", "size": "81404", "side": "SELL", "hash": "e006a956bad854886490262f64555b41ac993e9e", "best_bid": "0", "best_ask": "0.001"}], "timestamp": "1769384067740", "event_type": "price_change"}}
{"_local_timestamp": "2026-01-25T23:34:28.107752+00:00", "data": {"market": "0x7254ea91de903eb93caff7bceffe9d52c6c1e8008b8e9f1ec92f0d436d576e6f", "price_changes": [{"asset_id": "57813918059594326240723122101019948264363935948425542619841087488616187108362", "price": "0.999", "size": "81409.1", "side": "BUY", "hash": "088f594186f9cb29969dafcc9183c657204db040", "best_bid": "0.999", "best_ask": "1"}, {"asset_id": "77580704768779629538652841524456953891479588761682847084935111175737832134383", "price": "0.001", "size": "81409.1", "side": "SELL", "hash": "307e5af825ad8d27d49a05bac9cf94f616a769f1", "best_bid": "0", "best_ask": "0.001"}], "timestamp": "1769384067742", "event_type": "price_change"}}
{"_local_timestamp": "2026-01-25T23:34:28.428866+00:00", "data": {"market": "0x7254ea91de903eb93caff7bceffe9d52c6c1e8008b8e9f1ec92f0d436d576e6f", "price_changes": [{"asset_id": "57813918059594326240723122101019948264363935948425542619841087488616187108362", "price": "0.999", "size": "81563.1", "side": "BUY", "hash": "6b82f8850d066d8d33056fdc4ccf5544fc970a0e", "best_bid": "0.999", "best_ask": "1"}, {"asset_id": "77580704768779629538652841524456953891479588761682847084935111175737832134383", "price": "0.001", "size": "81563.1", "side": "SELL", "hash": "9bf2d62d06db84b8699e94ec587e936f45c67b8d", "best_bid": "0", "best_ask": "0.001"}], "timestamp": "1769384068165", "event_type": "price_change"}}
{"_local_timestamp": "2026-01-25T23:34:28.437241+00:00", "data": {"market": "0x22949e8e6cd04e81e5cfe7f724015fee090cbe6597c63c2653ff618bbb98eb7e", "price_changes": [{"asset_id": "52642199282404533726517565769229499250629883469539644363585184978630481675817", "price": "0.999", "size": "81558", "side": "BUY", "hash": "5417b1d9d255b93d89df7d25ac11ebeb02d1fca4", "best_bid": "0.999", "best_ask": "1"}, {"asset_id": "110863992693967844921329720389720011394304822266141187734597926478639148554489", "price": "0.001", "size": "81558", "side": "SELL", "hash": "0f56aedc032d3ccda1ece9aea861840c5b6564c0", "best_bid": "0", "best_ask": "0.001"}], "timestamp": "1769384068163", "event_type": "price_change"}}
{"_local_timestamp": "2026-01-25T23:34:29.833806+00:00", "data": {"market": "0x22949e8e6cd04e81e5cfe7f724015fee090cbe6597c63c2653ff618bbb98eb7e", "price_changes": [{"asset_id": "52642199282404533726517565769229499250629883469539644363585184978630481675817", "price": "0.999", "size": "81711", "side": "BUY", "hash": "749c1f65ecb5c1f049109c1eef83ce5fae575668", "best_bid": "0.999", "best_ask": "1"}, {"asset_id": "110863992693967844921329720389720011394304822266141187734597926478639148554489", "price": "0.001", "size": "81711", "side": "SELL", "hash": "111e366d80fc9b3d720d05fb55fe3452e52cd0ae", "best_bid": "0", "best_ask": "0.001"}], "timestamp": "1769384069279", "event_type": "price_change"}}
{"_local_timestamp": "2026-01-25T23:34:29.836063+00:00", "data": {"market": "0x7254ea91de903eb93caff7bceffe9d52c6c1e8008b8e9f1ec92f0d436d576e6f", "price_changes": [{"asset_id": "57813918059594326240723122101019948264363935948425542619841087488616187108362", "price": "0.999", "size": "81716.1", "side": "BUY", "hash": "814843026ed5f8e01b5a9e562fa83f8ae0a5835d", "best_bid": "0.999", "best_ask": "1"}, {"asset_id": "77580704768779629538652841524456953891479588761682847084935111175737832134383", "price": "0.001", "size": "81716.1", "side": "SELL", "hash": "f2679581dcd9538fb2d65f25e509be93a4c522e9", "best_bid": "0", "best_ask": "0.001"}], "timestamp": "1769384069280", "event_type": "price_change"}}
{"_local_timestamp": "2026-01-25T23:34:30.112828+00:00", "data": {"market": "0x7254ea91de903eb93caff7bceffe9d52c6c1e8008b8e9f1ec92f0d436d576e6f", "price_changes": [{"asset_id": "57813918059594326240723122101019948264363935948425542619841087488616187108362", "price": "0.999", "size": "81868.1", "side": "BUY", "hash": "931ce3d8c6cee43281e41d6d248c52c1faf3b0f0", "best_bid": "0.999", "best_ask": "1"}, {"asset_id": "77580704768779629538652841524456953891479588761682847084935111175737832134383", "price": "0.001", "size": "81868.1", "side": "SELL", "hash": "1c485ff5fc86bbb4585018807f90db33e4c3f168", "best_bid": "0", "best_ask": "0.001"}], "timestamp": "1769384069637", "event_type": "price_change"}}
{"_local_timestamp": "2026-01-25T23:34:30.113361+00:00", "data": {"market": "0x22949e8e6cd04e81e5cfe7f724015fee090cbe6597c63c2653ff618bbb98eb7e", "price_changes": [{"asset_id": "52642199282404533726517565769229499250629883469539644363585184978630481675817", "price": "0.999", "size": "81863", "side": "BUY", "hash": "b977aa76f1be2f63bc7a653553e91a6ac1fcb963", "best_bid": "0.999", "best_ask": "1"}, {"asset_id": "110863992693967844921329720389720011394304822266141187734597926478639148554489", "price": "0.001", "size": "81863", "side": "SELL", "hash": "bd868d1168aad01727e67c7e12029100b3cf3d03", "best_bid": "0", "best_ask": "0.001"}], "timestamp": "1769384069638", "event_type": "price_change"}}
{"_local_timestamp": "2026-01-25T23:34:30.543018+00:00", "data": {"market": "0x22949e8e6cd04e81e5cfe7f724015fee090cbe6597c63c2653ff618bbb98eb7e", "price_changes": [{"asset_id": "52642199282404533726517565769229499250629883469539644363585184978630481675817", "price": "0.999", "size": "82014", "side": "BUY", "hash": "49557b126da0610e12053b22c6011e941dfe0352", "best_bid": "0.999", "best_ask": "1"}, {"asset_id": "110863992693967844921329720389720011394304822266141187734597926478639148554489", "price": "0.001", "size": "82014", "side": "SELL", "hash": "557b907098c6fdd7a604529d90b863f219225c11", "best_bid": "0", "best_ask": "0.001"}], "timestamp": "1769384070206", "event_type": "price_change"}}
{"_local_timestamp": "2026-01-25T23:34:30.543929+00:00", "data": {"market": "0x7254ea91de903eb93caff7bceffe9d52c6c1e8008b8e9f1ec92f0d436d576e6f", "price_changes": [{"asset_id": "57813918059594326240723122101019948264363935948425542619841087488616187108362", "price": "0.999", "size": "82019.1", "side": "BUY", "hash": "9415449c79fb2a7d41c2f6b0954b3a6f8bdb7624", "best_bid": "0.999", "best_ask": "1"}, {"asset_id": "77580704768779629538652841524456953891479588761682847084935111175737832134383", "price": "0.001", "size": "82019.1", "side": "SELL", "hash": "aa79e88c1d3fab1ec568669a15a29251fdd43674", "best_bid": "0", "best_ask": "0.001"}], "timestamp": "1769384070206", "event_type": "price_change"}}
{"_local_timestamp": "2026-01-25T23:34:30.843107+00:00", "data": {"market": "0x7254ea91de903eb93caff7bceffe9d52c6c1e8008b8e9f1ec92f0d436d576e6f", "price_changes": [{"asset_id": "57813918059594326240723122101019948264363935948425542619841087488616187108362", "price": "0.999", "size": "82056.1", "side": "BUY", "hash": "e289372f676e04d3cceef9a278ff3d084f45afe0", "best_bid": "0.999", "best_ask": "1"}, {"asset_id": "77580704768779629538652841524456953891479588761682847084935111175737832134383", "price": "0.001", "size": "82056.1", "side": "SELL", "hash": "b12eeab46e4015b2ee9cd74d5adec39af459553e", "best_bid": "0", "best_ask": "0.001"}], "timestamp": "1769384070595", "event_type": "price_change"}}
{"_local_timestamp": "2026-01-25T23:34:30.843594+00:00", "data": {"market": "0x22949e8e6cd04e81e5cfe7f724015fee090cbe6597c63c2653ff618bbb98eb7e", "price_changes": [{"asset_id": "52642199282404533726517565769229499250629883469539644363585184978630481675817", "price": "0.999", "size": "82051", "side": "BUY", "hash": "a412a49d7cc79a7a03540b03762ebad47f05e838", "best_bid": "0.999", "best_ask": "1"}, {"asset_id": "110863992693967844921329720389720011394304822266141187734597926478639148554489", "price": "0.001", "size": "82051", "side": "SELL", "hash": "2c6a9c8fd102d6c3c41ae3fb223a2a64e9d414c1", "best_bid": "0", "best_ask": "0.001"}], "timestamp": "1769384070595", "event_type": "price_change"}}
{"_local_timestamp": "2026-01-25T23:34:31.157277+00:00", "data": {"market": "0x7254ea91de903eb93caff7bceffe9d52c6c1e8008b8e9f1ec92f0d436d576e6f", "price_changes": [{"asset_id": "57813918059594326240723122101019948264363935948425542619841087488616187108362", "price": "0.999", "size": "82092.1", "side": "BUY", "hash": "28b01c1eb25e266cb9a709deb7a5083860db56da", "best_bid": "0.999", "best_ask": "1"}, {"asset_id": "77580704768779629538652841524456953891479588761682847084935111175737832134383", "price": "0.001", "size": "82092.1", "side": "SELL", "hash": "73fd6bba28cbd4086cf83c1295b534df1305fb31", "best_bid": "0", "best_ask": "0.001"}], "timestamp": "1769384070923", "event_type": "price_change"}}
{"_local_timestamp": "2026-01-25T23:34:31.161777+00:00", "data": {"market": "0x22949e8e6cd04e81e5cfe7f724015fee090cbe6597c63c2653ff618bbb98eb7e", "price_changes": [{"asset_id": "52642199282404533726517565769229499250629883469539644363585184978630481675817", "price": "0.999", "size": "82087", "side": "BUY", "hash": "a0e92fe8de4397c6887f0e327e18b5072f08fb7d", "best_bid": "0.999", "best_ask": "1"}, {"asset_id": "110863992693967844921329720389720011394304822266141187734597926478639148554489", "price": "0.001", "size": "82087", "side": "SELL", "hash": "5b29b80d525a3a1fe226585f47dee4f914827545", "best_bid": "0", "best_ask": "0.001"}], "timestamp": "1769384070925", "event_type": "price_change"}}
{"_local_timestamp": "2026-01-25T23:34:32.394917+00:00", "data": {"market": "0x22949e8e6cd04e81e5cfe7f724015fee090cbe6597c63c2653ff618bbb98eb7e", "price_changes": [{"asset_id": "52642199282404533726517565769229499250629883469539644363585184978630481675817", "price": "0.999", "size": "82122", "side": "BUY", "hash": "25099a3debdd3798f903d5c938f492d720dd8bc7", "best_bid": "0.999", "best_ask": "1"}, {"asset_id": "110863992693967844921329720389720011394304822266141187734597926478639148554489", "price": "0.001", "size": "82122", "side": "SELL", "hash": "c23bb35f3b1232a6dbe90538a14bc7aeecefc07d", "best_bid": "0", "best_ask": "0.001"}], "timestamp": "1769384072112", "event_type": "price_change"}}
{"_local_timestamp": "2026-01-25T23:34:32.398206+00:00", "data": {"market": "0x7254ea91de903eb93caff7bceffe9d52c6c1e8008b8e9f1ec92f0d436d576e6f", "price_changes": [{"asset_id": "57813918059594326240723122101019948264363935948425542619841087488616187108362", "price": "0.999", "size": "82127.1", "side": "BUY", "hash": "2b50eba9e11310828c708e53ea2990719b4b19e8", "best_bid": "0.999", "best_ask": "1"}, {"asset_id": "77580704768779629538652841524456953891479588761682847084935111175737832134383", "price": "0.001", "size": "82127.1", "side": "SELL", "hash": "dd35d80b3d96b6623e68f2f74adf6692181b0120", "best_bid": "0", "best_ask": "0.001"}], "timestamp": "1769384072112", "event_type": "price_change"}}
{"_local_timestamp": "2026-01-25T23:34:32.809234+00:00", "data": {"market": "0x7254ea91de903eb93caff7bceffe9d52c6c1e8008b8e9f1ec92f0d436d576e6f", "price_changes": [{"asset_id": "57813918059594326240723122101019948264363935948425542619841087488616187108362", "price": "0.999", "size": "82161.1", "side": "BUY", "hash": "edd69abf72c42479efe98559ec9a3007d54272f8", "best_bid": "0.999", "best_ask": "1"}, {"asset_id": "77580704768779629538652841524456953891479588761682847084935111175737832134383", "price": "0.001", "size": "82161.1", "side": "SELL", "hash": "6b72b0348c341ec982d216a2e2574070b270cc14", "best_bid": "0", "best_ask": "0.001"}], "timestamp": "1769384072579", "event_type": "price_change"}}
{"_local_timestamp": "2026-01-25T23:34:32.822755+00:00", "data": {"market": "0x22949e8e6cd04e81e5cfe7f724015fee090cbe6597c63c2653ff618bbb98eb7e", "price_changes": [{"asset_id": "52642199282404533726517565769229499250629883469539644363585184978630481675817", "price": "0.999", "size": "82156", "side": "BUY", "hash": "f84704cf0bc75365c7b0c1e496151eba110c7c5c", "best_bid": "0.999", "best_ask": "1"}, {"asset_id": "110863992693967844921329720389720011394304822266141187734597926478639148554489", "price": "0.001", "size": "82156", "side": "SELL", "hash": "f6acc7058a8503bced60422e0b1066d82d9ed5fb", "best_bid": "0", "best_ask": "0.001"}], "timestamp": "1769384072581", "event_type": "price_change"}}
{"_local_timestamp": "2026-01-25T23:34:33.594114+00:00", "data": {"market": "0x7254ea91de903eb93caff7bceffe9d52c6c1e8008b8e9f1ec92f0d436d576e6f", "price_changes": [{"asset_id": "57813918059594326240723122101019948264363935948425542619841087488616187108362", "price": "0.999", "size": "82194.1", "side": "BUY", "hash": "47f2ca54875ed4007f578463a34d231b2ee7b970", "best_bid": "0.999", "best_ask": "1"}, {"asset_id": "77580704768779629538652841524456953891479588761682847084935111175737832134383", "price": "0.001", "size": "82194.1", "side": "SELL", "hash": "112104e0e00553ec5779c1d54806663e46afea89", "best_bid": "0", "best_ask": "0.001"}], "timestamp": "1769384073345", "event_type": "price_change"}}
{"_local_timestamp": "2026-01-25T23:34:33.594643+00:00", "data": {"market": "0x22949e8e6cd04e81e5cfe7f724015fee090cbe6597c63c2653ff618bbb98eb7e", "price_changes": [{"asset_id": "52642199282404533726517565769229499250629883469539644363585184978630481675817", "price": "0.999", "size": "82189", "side": "BUY", "hash": "9ffbcfbedd450a4d5ccb1359506affd92bb7685d", "best_bid": "0.999", "best_ask": "1"}, {"asset_id": "110863992693967844921329720389720011394304822266141187734597926478639148554489", "price": "0.001", "size": "82189", "side": "SELL", "hash": "badaae8d81b54f5bc66c5661e9cc0670e7ce6042", "best_bid": "0", "best_ask": "0.001"}], "timestamp": "1769384073345", "event_type": "price_change"}}
{"_local_timestamp": "2026-01-25T23:34:36.302868+00:00", "data": {"market": "0x22949e8e6cd04e81e5cfe7f724015fee090cbe6597c63c2653ff618bbb98eb7e", "price_changes": [{"asset_id": "52642199282404533726517565769229499250629883469539644363585184978630481675817", "price": "0.999", "size": "84689", "side": "BUY", "hash": "29d6b42732fab62e720d9ec08b21e7cff2d8c482", "best_bid": "0.999", "best_ask": "1"}, {"asset_id": "110863992693967844921329720389720011394304822266141187734597926478639148554489", "price": "0.001", "size": "84689", "side": "SELL", "hash": "acd9e8f7e7d3ebf9d4775c1e107c67538fa5ca40", "best_bid": "0", "best_ask": "0.001"}], "timestamp": "1769384076058", "event_type": "price_change"}}
{"_local_timestamp": "2026-01-25T23:34:36.315688+00:00", "data": {"market": "0x7254ea91de903eb93caff7bceffe9d52c6c1e8008b8e9f1ec92f0d436d576e6f", "price_changes": [{"asset_id": "57813918059594326240723122101019948264363935948425542619841087488616187108362", "price": "0.999", "size": "84694.1", "side": "BUY", "hash": "cd2c02821a3ba98d902a2784d032c11597ed8d15", "best_bid": "0.999", "best_ask": "1"}, {"asset_id": "77580704768779629538652841524456953891479588761682847084935111175737832134383", "price": "0.001", "size": "84694.1", "side": "SELL", "hash": "3607fa12c8a9e531a3aed153c396495c6019e403", "best_bid": "0", "best_ask": "0.001"}], "timestamp": "1769384076058", "event_type": "price_change"}}
{"_local_timestamp": "2026-01-25T23:34:38.523524+00:00", "data": {"market": "0x22949e8e6cd04e81e5cfe7f724015fee090cbe6597c63c2653ff618bbb98eb7e", "price_changes": [{"asset_id": "52642199282404533726517565769229499250629883469539644363585184978630481675817", "price": "0.999", "size": "84844", "side": "BUY", "hash": "9e9afb11b010348f8117e57f7f097e659d800a3b", "best_bid": "0.999", "best_ask": "1"}, {"asset_id": "110863992693967844921329720389720011394304822266141187734597926478639148554489", "price": "0.001", "size": "84844", "side": "SELL", "hash": "be097c8cbba29d9a399b0d01288878693878d5c4", "best_bid": "0", "best_ask": "0.001"}], "timestamp": "1769384078440", "event_type": "price_change"}}
{"_local_timestamp": "2026-01-25T23:34:38.528226+00:00", "data": {"market": "0x7254ea91de903eb93caff7bceffe9d52c6c1e8008b8e9f1ec92f0d436d576e6f", "price_changes": [{"asset_id": "57813918059594326240723122101019948264363935948425542619841087488616187108362", "price": "0.999", "size": "84849.1", "side": "BUY", "hash": "2918e97f2b078e142e1ca060426325a885314b01", "best_bid": "0.999", "best_ask": "1"}, {"asset_id": "77580704768779629538652841524456953891479588761682847084935111175737832134383", "price": "0.001", "size": "84849.1", "side": "SELL", "hash": "6f206814303879a2b9980a49957abb85186c142e", "best_bid": "0", "best_ask": "0.001"}], "timestamp": "1769384078440", "event_type": "price_change"}}
{"_local_timestamp": "2026-01-25T23:34:38.902076+00:00", "data": {"market": "0x22949e8e6cd04e81e5cfe7f724015fee090cbe6597c63c2653ff618bbb98eb7e", "price_changes": [{"asset_id": "52642199282404533726517565769229499250629883469539644363585184978630481675817", "price": "0.999", "size": "84998", "side": "BUY", "hash": "1e154e070795d71cbda0ebb2aa471c3b4e3221a7", "best_bid": "0.999", "best_ask": "1"}, {"asset_id": "110863992693967844921329720389720011394304822266141187734597926478639148554489", "price": "0.001", "size": "84998", "side": "SELL", "hash": "4d59618059621bcc31c5ef71b6f9e37cce56d4f7", "best_bid": "0", "best_ask": "0.001"}], "timestamp": "1769384078803", "event_type": "price_change"}}
{"_local_timestamp": "2026-01-25T23:34:38.902482+00:00", "data": {"market": "0x7254ea91de903eb93caff7bceffe9d52c6c1e8008b8e9f1ec92f0d436d576e6f", "price_changes": [{"asset_id": "57813918059594326240723122101019948264363935948425542619841087488616187108362", "price": "0.999", "size": "85003.1", "side": "BUY", "hash": "091b083bc4dbb5b7d517e621ea4d4deacab4bdeb", "best_bid": "0.999", "best_ask": "1"}, {"asset_id": "77580704768779629538652841524456953891479588761682847084935111175737832134383", "price": "0.001", "size": "85003.1", "side": "SELL", "hash": "41278dc7aac1adf709c2266f6cdd0e6f3712eeb0", "best_bid": "0", "best_ask": "0.001"}], "timestamp": "1769384078803", "event_type": "price_change"}}
{"_local_timestamp": "2026-01-25T23:34:40.150584+00:00", "data": {"market": "0x22949e8e6cd04e81e5cfe7f724015fee090cbe6597c63c2653ff618bbb98eb7e", "price_changes": [{"asset_id": "52642199282404533726517565769229499250629883469539644363585184978630481675817", "price": "0.999", "size": "85151", "side": "BUY", "hash": "48b0271ff132b8b2957f97ec3b4c5ebc506d9003", "best_bid": "0.999", "best_ask": "1"}, {"asset_id": "110863992693967844921329720389720011394304822266141187734597926478639148554489", "price": "0.001", "size": "85151", "side": "SELL", "hash": "b53fc8fd9824f601253f77115ded01a6ae9b3322", "best_bid": "0", "best_ask": "0.001"}], "timestamp": "1769384080000", "event_type": "price_change"}}
{"_local_timestamp": "2026-01-25T23:34:40.173741+00:00", "data": {"market": "0x7254ea91de903eb93caff7bceffe9d52c6c1e8008b8e9f1ec92f0d436d576e6f", "price_changes": [{"asset_id": "57813918059594326240723122101019948264363935948425542619841087488616187108362", "price": "0.999", "size": "85156.1", "side": "BUY", "hash": "665ae1a6bd8aefc5c9acfbbc0fceb4a38ce2a95d", "best_bid": "0.999", "best_ask": "1"}, {"asset_id": "77580704768779629538652841524456953891479588761682847084935111175737832134383", "price": "0.001", "size": "85156.1", "side": "SELL", "hash": "7660a5556829707e65f60072ffe3f53b16e632b1", "best_bid": "0", "best_ask": "0.001"}], "timestamp": "1769384080000", "event_type": "price_change"}}
{"_local_timestamp": "2026-01-25T23:34:40.668027+00:00", "data": {"market": "0x7254ea91de903eb93caff7bceffe9d52c6c1e8008b8e9f1ec92f0d436d576e6f", "price_changes": [{"asset_id": "57813918059594326240723122101019948264363935948425542619841087488616187108362", "price": "0.999", "size": "85308.1", "side": "BUY", "hash": "35d2529045be105ac458ff8d662ed46d76c04fdf", "best_bid": "0.999", "best_ask": "1"}, {"asset_id": "77580704768779629538652841524456953891479588761682847084935111175737832134383", "price": "0.001", "size": "85308.1", "side": "SELL", "hash": "6e3a12b5e71c6c611a8e4bfa25f9b7b83c7a4a68", "best_bid": "0", "best_ask": "0.001"}], "timestamp": "1769384080495", "event_type": "price_change"}}
{"_local_timestamp": "2026-01-25T23:34:40.684053+00:00", "data": {"market": "0x22949e8e6cd04e81e5cfe7f724015fee090cbe6597c63c2653ff618bbb98eb7e", "price_changes": [{"asset_id": "52642199282404533726517565769229499250629883469539644363585184978630481675817", "price": "0.999", "size": "85303", "side": "BUY", "hash": "d8e54e5fcc44758ff58ed43d72fb37428b250c11", "best_bid": "0.999", "best_ask": "1"}, {"asset_id": "110863992693967844921329720389720011394304822266141187734597926478639148554489", "price": "0.001", "size": "85303", "side": "SELL", "hash": "31f3ace267f16ab672301034770dc7873c3ddbb4", "best_bid": "0", "best_ask": "0.001"}], "timestamp": "1769384080496", "event_type": "price_change"}}
