{"_local_timestamp": "2026-01-25T23:34:36.000097+00:00", "data": [{"market": "0x9d527c17a4278434838988b8afdf3f9ab8e7c022d56c40b552f440866e01abee", "asset_id": "10092898136366168837774092590086035205645292852317512548976733513511346959411", "timestamp": "1769382775091", "hash": "aae30378ec72b70eed99ec6f302a892cafbe8a3b", "bids": [{"price": "0.01", "size": "99.99"}, {"price": "0.02", "size": "25"}], "asks": [{"price": "0.99", "size": "100"}, {"price": "0.98", "size": "24.99"}, {"price": "0.97", "size": "5.47"}], "event_type": "book", "last_trade_price": ""}, {"market": "0x14310213a2ad03a17be1a3813a0616bf51e4c73bd71bfc9e288557fd6e8642ea", "asset_id": "52046173857440985746259684759828586410998963587735711043824038737232202331368", "timestamp": "1769383675677", "hash": "1425e24bc01b189069915603032a98960ee6379e", "bids": [{"price": "0.01", "size": "82.82"}, {"price": "0.02", "size": "100.12"}, {"price": "0.03", "size": "16.98"}], "asks": [{"price": "0.99", "size": "100"}, {"price": "0.98", "size": "24.99"}, {"price": "0.97", "size": "5.47"}], "event_type": "book", "last_trade_price": ""}, {"market": "0xa8d7a8b744fb1c5d9a7aec6b20ba46b30742d19d56a70e1bf48912acbdb69bf5", "asset_id": "69638957409499542316637545309846141457844252195894323040431169345189654530532", "timestamp": "1769383675677", "hash": "3cb20a519f8817437a8c3de81cd571d04a7625ab", "bids": [{"price": "0.01", "size": "100"}, {"price": "0.02", "size": "24.99"}, {"price": "0.03", "size": "5.47"}], "asks": [{"price": "0.99", "size": "78.44"}, {"price": "0.98", "size": "96.12"}, {"price": "0.97", "size": "8.61"}, {"price": "0.96", "size": "7.37"}], "event_type": "book", "last_trade_price": ""}, {"market": "0x633309406d34a9ad291de42ac14c106360d11f6b9d0cff73d3b283c6ac6c782a", "asset_id": "57264253934239085047897751934402976773791904275314014475713535926340183995734", "timestamp": "1769383673846", "hash": "a463389780e202d59739012f4d9c9bd73fe9f105", "bids": [{"price": "0.01", "size": "99.99"}, {"price": "0.02", "size": "25"}], "asks": [{"price": "0.99", "size": "78.68"}, {"price": "0.98", "size": "58.35"}, {"price": "0.97", "size": "23.67"}], "event_type": "book", "last_trade_price": ""}, {"market": "0xa8d7a8b744fb1c5d9a7aec6b20ba46b30742d19d56a70e1bf48912acbdb69bf5", "asset_id": "79662799099530310636227055453618505512066595244455924175930991897011175305604", "timestamp": "1769383675677", "hash": "bd69defa587117679ccf1c66be35a580f294a55c", "bids": [{"price": "0.01", "size": "78.44"}, {"price": "0.02", "size": "96.12"}, {"price": "0.03", "size": "8.61"}, {"price": "0.04", "size": "7.37"}], "asks": [{"price": "0.99", "size": "100"}, {"price": "0.98", "size": "24.99"}, {"price": "0.97", "size": "5.47"}], "event_type": "book", "last_trade_price": ""}, {"market": "0xba2728de6bdb1948a50b2f539540374dbf7093415af7505ed2dea5caec8b60b0", "asset_id": "28356431487345194447565528075457799183632495848337304065239152592330695707840", "timestamp": "1769383675679", "hash": "9b89ae168c15434a4079bd952162cd5581b1f697", "bids": [{"price": "0.01", "size": "99.99"}, {"price": "0.02", "size": "25"}], "asks": [{"price": "0.99", "size": "78.68"}, {"price": "0.98", "size": "58.35"}, {"price": "0.97", "size": "23.67"}], "event_type": "book", "last_trade_price": ""}, {"market": "0x633309406d34a9ad291de42ac14c106360d11f6b9d0cff73d3b283c6ac6c782a", "asset_id": "22763175692583838602376582522504993746848569274153961159794577352882067279259", "timestamp": "1769383673846", "hash": "3b9c1e9827614d68e67bcb63e18ba0eb88a7aff0", "bids": [{"price": "0.01", "size": "78.68"}, {"price": "0.02", "size": "58.35"}, {"price": "0.03", "size": "23.67"}], "asks": [{"price": "0.99", "size": "99.99"}, {"price": "0.98", "size": "25"}], "event_type": "book", "last_trade_price": ""}, {"market": "0x9d527c17a4278434838988b8afdf3f9ab8e7c022d56c40b552f440866e01abee", "asset_id": "18143131984510841968207561647909667884136636675124377714989732270678509207386", "timestamp": "1769382775091", "hash": "3b39d33e0d5d6e92152b26371446e57503a6a1d4", "bids": [{"price": "0.01", "size": "100"}, {"price": "0.02", "size": "24.99"}, {"price": "0.03", "size": "5.47"}], "asks": [{"price": "0.99", "size": "99.99"}, {"price": "0.98", "size": "25"}], "event_type": "book", "last_trade_price": ""}, {"market": "0xba2728de6bdb1948a50b2f539540374dbf7093415af7505ed2dea5caec8b60b0", "asset_id": "41010035413785632125032760930029301296946072050569380851959275584399593899019", "timestamp": "1769383675679", "hash": "3218c89733de34ff15bc35d225382c1741cfeb02", "bids": [{"price": "0.01", "size": "78.68"}, {"price": "0.02", "size": "58.35"}, {"price": "0.03", "size": "23.67"}], "asks": [{"price": "0.99", "size": "99.99"}, {"price": "0.98", "size": "25"}], "event_type": "book", "last_trade_price": ""}, {"market": "0x14310213a2ad03a17be1a3813a0616bf51e4c73bd71bfc9e288557fd6e8642ea", "asset_id": "38429495787882740193422796045071782836060588969002490803852257555158964981065", "timestamp": "1769383675677", "hash": "6938f7f671994c13a6a1110c2aba5e972e1337a2", "bids": [{"price": "0.01", "size": "100"}, {"price": "0.02", "size": "24.99"}, {"price": "0.03", "size": "5.47"}], "asks": [{"price": "0.99", "size": "82.82"}, {"price": "0.98", "size": "100.12"}, {"price": "0.97", "size": "16.98"}], "event_type": "book", "last_trade_price": ""}]}
