{"_local_timestamp": "2026-01-25T23:34:21.970795+00:00", "data": [{"market": "0x1b081d6fac256ccd00907006e7d34d8fec4ec42600a5adf6d4782018b0f47cb4", "asset_id": "4054101151839829147363666272131830981476835738896430012838742247055314335561", "timestamp": "1769382483689", "hash": "88ed9b1eb1580e2f8c409926bbe03e48b32fbb94", "bids": [{"price": "0.01", "size": "471.38"}, {"price": "0.02", "size": "395.17"}, {"price": "0.03", "size": "12.58"}], "asks": [{"price": "0.99", "size": "472.74"}, {"price": "0.98", "size": "160.48"}, {"price": "0.97", "size": "99.65"}, {"price": "0.95", "size": "12.73"}], "event_type": "book", "last_trade_price": ""}, {"market": "0xc4434ecd8c26cc91c6347ef203bc9c3f7a52c19baa5f4f7ae4986c6aee69925d", "asset_id": "99630095999457108740038253716593481287371176546992392492710670543133867355594", "timestamp": "1769382720225", "hash": "dc87ce33f90940378ce5e0940573f97aa66130bd", "bids": [{"price": "0.01", "size": "472.73"}, {"price": "0.02", "size": "159.99"}, {"price": "0.03", "size": "99.99"}, {"price": "0.05", "size": "12.73"}], "asks": [{"price": "0.99", "size": "471.38"}, {"price": "0.98", "size": "395.17"}, {"price": "0.97", "size": "12.58"}], "event_type": "book", "last_trade_price": ""}, {"market": "0x6df85ec5b2837e789b1997289765a73c71f39b71bbe678b62f6a93f9a870cf57", "asset_id": "91630558609330512533136723732234786397947917664451178217005668582513159735018", "timestamp": "1769382511270", "hash": "96d7545231cc8041ce1ba11f305b5e220332eeae", "bids": [{"price": "0.01", "size": "472.74"}, {"price": "0.02", "size": "160.48"}, {"price": "0.03", "size": "99.65"}, {"price": "0.05", "size": "12.73"}], "asks": [{"price": "0.99", "size": "471.38"}, {"price": "0.98", "size": "395.17"}, {"price": "0.97", "size": "12.58"}], "event_type": "book", "last_trade_price": ""}, {"market": "0x1b081d6fac256ccd00907006e7d34d8fec4ec42600a5adf6d4782018b0f47cb4", "asset_id": "55906839623542301748398504234337727311187535889846840057027784359561348234793", "timestamp": "1769382483689", "hash": "eefc59f781a67741046fd4ffde8211f596d298c7", "bids": [{"price": "0.01", "size": "472.74"}, {"price": "0.02", "size": "160.48"}, {"price": "0.03", "size": "99.65"}, {"price": "0.05", "size": "12.73"}], "asks": [{"price": "0.99", "size": "471.38"}, {"price": "0.98", "size": "395.17"}, {"price": "0.97", "size": "12.58"}], "event_type": "book", "last_trade_price": ""}, {"market": "0xc4434ecd8c26cc91c6347ef203bc9c3f7a52c19baa5f4f7ae4986c6aee69925d", "asset_id": "766817717017015104487416971966330607392611069354480181639377136346987472850", "timestamp": "1769382720225", "hash": "a0fbf85ff238026360dab3b0f4647a7adedb3102", "bids": [{"price": "0.01", "size": "471.38"}, {"price": "0.02", "size": "395.17"}, {"price": "0.03", "size": "12.58"}], "asks": [{"price": "0.99", "size": "472.73"}, {"price": "0.98", "size": "159.99"}, {"price": "0.97", "size": "99.99"}, {"price": "0.95", "size": "12.73"}], "event_type": "book", "last_trade_price": ""}, {"market": "0x3836f35daf572a4660464ac6dcdce051ad37da5b117da3614dd78bb69c4f8d41", "asset_id": "91646844259038278530299640214422795165536237603689856071965437142716553804924", "timestamp": "1769382483669", "hash": "de50d3b4fb2c58a74a7b1cb8f040543d54cb81c6", "bids": [{"price": "0.01", "size": "614.79"}, {"price": "0.02", "size": "157.03"}, {"price": "0.03", "size": "12.74"}, {"price": "0.04", "size": "76"}, {"price": "0.05", "size": "70"}, {"price": "0.06", "size": "38.48"}], "asks": [{"price": "0.99", "size": "614.79"}, {"price": "0.98", "size": "157.03"}, {"price": "0.97", "size": "12.74"}, {"price": "0.96", "size": "25"}, {"price": "0.95", "size": "120"}, {"price": "0.94", "size": "43.95"}], "event_type": "book", "last_trade_price": ""}, {"market": "0xbb5cc65775b5155091c1483ae01c5d1f56ec2ccdf0a4dd7846c06a31ed81a264", "asset_id": "21179542506291595356509272465761614583681981304555570695214903654503251429462", "timestamp": "1769382484886", "hash": "e3abe42146cb5cbe118fc830feb6ca8773a0a53c", "bids": [{"price": "0.01", "size": "472.73"}, {"price": "0.02", "size": "159.99"}, {"price": "0.03", "size": "99.99"}, {"price": "0.05", "size": "12.73"}], "asks": [{"price": "0.99", "size": "471.38"}, {"price": "0.98", "size": "408.17"}, {"price": "0.97", "size": "12.58"}], "event_type": "book", "last_trade_price": ""}, {"market": "0x3836f35daf572a4660464ac6dcdce051ad37da5b117da3614dd78bb69c4f8d41", "asset_id": "65486211435929924640433888419903820832402908868275872699347049968912311535273", "timestamp": "1769382483669", "hash": "12b3081e4670cb8f7033b852f295fe26f11f3bfa", "bids": [{"price": "0.01", "size": "614.79"}, {"price": "0.02", "size": "157.03"}, {"price": "0.03", "size": "12.74"}, {"price": "0.04", "size": "25"}, {"price": "0.05", "size": "120"}, {"price": "0.06", "size": "43.95"}], "asks": [{"price": "0.99", "size": "614.79"}, {"price": "0.98", "size": "157.03"}, {"price": "0.97", "size": "12.74"}, {"price": "0.96", "size": "76"}, {"price": "0.95", "size": "70"}, {"price": "0.94", "size": "38.48"}], "event_type": "book", "last_trade_price": ""}, {"market": "0xbb5cc65775b5155091c1483ae01c5d1f56ec2ccdf0a4dd7846c06a31ed81a264", "asset_id": "3707913553000725799213611000014336195616963310549840645648868137243642681544", "timestamp": "1769382484886", "hash": "3fc7d72368c823ab7be0824d26dad6d41352356c", "bids": [{"price": "0.01", "size": "471.38"}, {"price": "0.02", "size": "408.17"}, {"price": "0.03", "size": "12.58"}], "asks": [{"price": "0.99", "size": "472.73"}, {"price": "0.98", "size": "159.99"}, {"price": "0.97", "size": "99.99"}, {"price": "0.95", "size": "12.73"}], "event_type": "book", "last_trade_price": ""}, {"market": "0x6df85ec5b2837e789b1997289765a73c71f39b71bbe678b62f6a93f9a870cf57", "asset_id": "49987629086699508791445516836649814295988400183325857793764170360952791617804", "timestamp": "1769382511270", "hash": "ea08a413bd7ee95909c85099168da7d19934c41d", "bids": [{"price": "0.01", "size": "471.38"}, {"price": "0.02", "size": "395.17"}, {"price": "0.03", "size": "12.58"}], "asks": [{"price": "0.99", "size": "472.74"}, {"price": "0.98", "size": "160.48"}, {"price": "0.97", "size": "99.65"}, {"price": "0.95", "size": "12.73"}], "event_type": "book", "last_trade_price": ""}]}
