{"_local_timestamp": "2026-01-25T23:34:22.035138+00:00", "data": [{"market": "0xcc0f8d4858f40c151b9da1cfde9793eae1ccb79b3c49c40dcae0acd35946785d", "asset_id": "47012331818758325348356267109170670443491580561309466974903458971105388403003", "timestamp": "1769382484888", "hash": "b59fb7dbc9ce4437c8a8c2c794b500b0d8e86454", "bids": [{"price": "0.01", "size": "471.38"}, {"price": "0.02", "size": "185.17"}, {"price": "0.03", "size": "12.58"}], "asks": [{"price": "0.99", "size": "472.04"}, {"price": "0.98", "size": "185.48"}, {"price": "0.97", "size": "19"}, {"price": "0.96", "size": "5.47"}], "event_type": "book", "last_trade_price": ""}, {"market": "0x2fca963e52abc3283dc7c45a29416f8fb143397832cf018cc7c65c528b3aec44", "asset_id": "22478087086013241824027887700278567995303072950191018163405270709360896074042", "timestamp": "1769382484887", "hash": "cd53d3e45d501545223e54f737b5f10112a9ab4a", "bids": [{"price": "0.01", "size": "471.38"}, {"price": "0.02", "size": "185.17"}, {"price": "0.03", "size": "12.58"}], "asks": [{"price": "0.99", "size": "472.29"}, {"price": "0.98", "size": "160.56"}, {"price": "0.97", "size": "104.58"}, {"price": "0.96", "size": "6.21"}, {"price": "0.95", "size": "5.47"}], "event_type": "book", "last_trade_price": ""}, {"market": "0xcc0f8d4858f40c151b9da1cfde9793eae1ccb79b3c49c40dcae0acd35946785d", "asset_id": "19618638196463821492166714144858133976421779080800369892712402034821847403080", "timestamp": "1769382484888", "hash": "20587ef6b6e5bb24f3e589b2a9e457458e944db3", "bids": [{"price": "0.01", "size": "472.04"}, {"price": "0.02", "size": "185.48"}, {"price": "0.03", "size": "19"}, {"price": "0.04", "size": "5.47"}], "asks": [{"price": "0.99", "size": "471.38"}, {"price": "0.98", "size": "185.17"}, {"price": "0.97", "size": "12.58"}], "event_type": "book", "last_trade_price": ""}, {"market": "0x1a3c4e9de97305fb8bdefe135288d93bf7a2a564c517feb95d9ac28a87d8483a", "asset_id": "83368430728507455095070353514300989653921209776303398885724826845607953535125", "timestamp": "1769382484891", "hash": "7e1249dc4589043867b82fd5b171289798593fe1", "bids": [{"price": "0.01", "size": "472.09"}, {"price": "0.02", "size": "160.48"}, {"price": "0.03", "size": "87.65"}, {"price": "0.04", "size": "9.25"}, {"price": "0.05", "size": "5.47"}], "asks": [{"price": "0.99", "size": "471.38"}, {"price": "0.98", "size": "395.17"}, {"price": "0.97", "size": "12.58"}], "event_type": "book", "last_trade_price": ""}, {"market": "0x1a3c4e9de97305fb8bdefe135288d93bf7a2a564c517feb95d9ac28a87d8483a", "asset_id": "81417846732466795480434437518696062287084667700753086065223579468445386865016", "timestamp": "1769382484891", "hash": "c4cd1a310a591aefc46cd24ed171c7b5431e163d", "bids": [{"price": "0.01", "size": "471.38"}, {"price": "0.02", "size": "395.17"}, {"price": "0.03", "size": "12.58"}], "asks": [{"price": "0.99", "size": "472.09"}, {"price": "0.98", "size": "160.48"}, {"price": "0.97", "size": "87.65"}, {"price": "0.96", "size": "9.25"}, {"price": "0.95", "size": "5.47"}], "event_type": "book", "last_trade_price": ""}, {"market": "0xc4be1044229fb78e67627390bd8ced488337871d43949864145e0e648b65ccf6", "asset_id": "65373349889169700791081267861315196947663204421098351257510546337431772252270", "timestamp": "1769382483678", "hash": "22c14908612c7fb73dff931a393bec25429fe225", "bids": [{"price": "0.01", "size": "614.79"}, {"price": "0.02", "size": "157.03"}, {"price": "0.03", "size": "12.74"}, {"price": "0.04", "size": "82"}, {"price": "0.05", "size": "70"}, {"price": "0.06", "size": "38.48"}], "asks": [{"price": "0.99", "size": "614.79"}, {"price": "0.98", "size": "157.03"}, {"price": "0.97", "size": "12.74"}, {"price": "0.96", "size": "70"}, {"price": "0.95", "size": "80"}, {"price": "0.94", "size": "43.95"}], "event_type": "book", "last_trade_price": ""}, {"market": "0x2fca963e52abc3283dc7c45a29416f8fb143397832cf018cc7c65c528b3aec44", "asset_id": "80612898540501519403586440952657105844072312247399973056597824216905128067328", "timestamp": "1769382484887", "hash": "8a3facdf00d6cc0e7fb1e693d89384c9bdd329cb", "bids": [{"price": "0.01", "size": "472.29"}, {"price": "0.02", "size": "160.56"}, {"price": "0.03", "size": "104.58"}, {"price": "0.04", "size": "6.21"}, {"price": "0.05", "size": "5.47"}], "asks": [{"price": "0.99", "size": "471.38"}, {"price": "0.98", "size": "185.17"}, {"price": "0.97", "size": "12.58"}], "event_type": "book", "last_trade_price": ""}, {"market": "0xc78fd39c6a912d052bbcbf8827e0cbe340e54eb33d087d51d112e50a1de2e5bc", "asset_id": "371059781505271845699755013184530838810477422850607649077572611742713620480", "timestamp": "1769382484880", "hash": "36ca08b989f60df97782b2742cea25092f28e9e3", "bids": [{"price": "0.01", "size": "472.04"}, {"price": "0.02", "size": "185.48"}, {"price": "0.03", "size": "19"}, {"price": "0.04", "size": "5.47"}], "asks": [{"price": "0.99", "size": "471.38"}, {"price": "0.98", "size": "185.17"}, {"price": "0.97", "size": "12.58"}], "event_type": "book", "last_trade_price": ""}, {"market": "0xc4be1044229fb78e67627390bd8ced488337871d43949864145e0e648b65ccf6", "asset_id": "24253534563358661096066996105699752432196323432801642874442595983020498646882", "timestamp": "1769382483678", "hash": "95f3e84f0c8176fcfaa432b97da1a92c595f01ee", "bids": [{"price": "0.01", "size": "614.79"}, {"price": "0.02", "size": "157.03"}, {"price": "0.03", "size": "12.74"}, {"price": "0.04", "size": "70"}, {"price": "0.05", "size": "80"}, {"price": "0.06", "size": "43.95"}], "asks": [{"price": "0.99", "size": "614.79"}, {"price": "0.98", "size": "157.03"}, {"price": "0.97", "size": "12.74"}, {"price": "0.96", "size": "82"}, {"price": "0.95", "size": "70"}, {"price": "0.94", "size": "38.48"}], "event_type": "book", "last_trade_price": ""}, {"market": "0xc78fd39c6a912d052bbcbf8827e0cbe340e54eb33d087d51d112e50a1de2e5bc", "asset_id": "53174407529005531341587698781284808742975315322124997990689676464982987813669", "timestamp": "1769382484880", "hash": "ba47989ec969b943f43fe1794e19290edbc4bcd3", "bids": [{"price": "0.01", "size": "471.38"}, {"price": "0.02", "size": "185.17"}, {"price": "0.03", "size": "12.58"}], "asks": [{"price": "0.99", "size": "472.04"}, {"price": "0.98", "size": "185.48"}, {"price": "0.97", "size": "19"}, {"price": "0.96", "size": "5.47"}], "event_type": "book", "last_trade_price": ""}]}
