{"_local_timestamp": "2026-01-25T23:33:44.658004+00:00", "data": [{"market": "0x5c585174e1c571d4d07667bf932cb0e54e2d340084423f5c57ed6e30bd31c552", "asset_id": "4404694811202210880123301527317836268683649700255947798816805113307619852534", "timestamp": "1769384012751", "hash": "9d22efffb641e165e9402d9eb6cc4aaa607f02c4", "bids": [], "asks": [{"price": "0.999", "size": "100113.99"}, {"price": "0.998", "size": "55000"}, {"price": "0.992", "size": "155"}, {"price": "0.99", "size": "27000"}, {"price": "0.989", "size": "55710"}, {"price": "0.92", "size": "155"}, {"price": "0.903", "size": "100"}, {"price": "0.901", "size": "100"}, {"price": "0.9", "size": "3500"}, {"price": "0.899", "size": "10000"}, {"price": "0.53", "size": "100"}, {"price": "0.51", "size": "100"}, {"price": "0.503", "size": "100"}, {"price": "0.501", "size": "300"}, {"price": "0.5", "size": "264"}, {"price": "0.25", "size": "60"}, {"price": "0.233", "size": "60"}, {"price": "0.232", "size": "264"}, {"price": "0.231", "size": "60"}, {"price": "0.23", "size": "60"}, {"price": "0.229", "size": "53"}, {"price": "0.228", "size": "5.37"}, {"price": "0.01", "size": "10"}, {"price": "0.009", "size": "300"}, {"price": "0.008", "size": "10"}, {"price": "0.007", "size": "5"}, {"price": "0.006", "size": "5"}, {"price": "0.005", "size": "5"}, {"price": "0.004", "size": "10"}, {"price": "0.003", "size": "2000"}, {"price": "0.001", "size": "113306.91"}], "event_type": "book", "last_trade_price": ""}, {"market": "0x5c585174e1c571d4d07667bf932cb0e54e2d340084423f5c57ed6e30bd31c552", "asset_id": "27138255072394598641355614244017677408744478323446102253750527225518866628060", "timestamp": "1769384012751", "hash": "823886b099a6c8c33a25b1c95ce4139c3ab1195f", "bids": [{"price": "0.001", "size": "100113.99"}, {"price": "0.002", "size": "55000"}, {"price": "0.008", "size": "155"}, {"price": "0.01", "size": "27000"}, {"price": "0.011", "size": "55710"}, {"price": "0.08", "size": "155"}, {"price": "0.097", "size": "100"}, {"price": "0.099", "size": "100"}, {"price": "0.1", "size": "3500"}, {"price": "0.101", "size": "10000"}, {"price": "0.47", "size": "100"}, {"price": "0.49", "size": "100"}, {"price": "0.497", "size": "100"}, {"price": "0.499", "size": "300"}, {"price": "0.5", "size": "264"}, {"price": "0.75", "size": "60"}, {"price": "0.767", "size": "60"}, {"price": "0.768", "size": "264"}, {"price": "0.769", "size": "60"}, {"price": "0.77", "size": "60"}, {"price": "0.771", "size": "53"}, {"price": "0.772", "size": "5.37"}, {"price": "0.99", "size": "10"}, {"price": "0.991", "size": "300"}, {"price": "0.992", "size": "10"}, {"price": "0.993", "size": "5"}, {"price": "0.994", "size": "5"}, {"price": "0.995", "size": "5"}, {"price": "0.996", "size": "10"}, {"price": "0.997", "size": "2000"}, {"price": "0.999", "size": "113306.91"}], "asks": [], "event_type": "book", "last_trade_price": ""}]}
{"_local_timestamp": "2026-01-25T23:33:45.887741+00:00", "data": {"market": "0x5c585174e1c571d4d07667bf932cb0e54e2d340084423f5c57ed6e30bd31c552", "price_changes": [{"asset_id": "27138255072394598641355614244017677408744478323446102253750527225518866628060", "price": "0.999", "size": "100008.91", "side": "BUY", "hash": "a692a0c5f25c64af676e9460d08938ed5e2e6aea", "best_bid": "0.999", "best_ask": "1"}, {"asset_id": "4404694811202210880123301527317836268683649700255947798816805113307619852534", "price": "0.001", "size": "100008.91", "side": "SELL", "hash": "fb6875f85098472b76d3b8c8f028d5077476c2a9", "best_bid": "0", "best_ask": "0.001"}], "timestamp": "1769384025807", "event_type": "price_change"}}
{"_local_timestamp": "2026-01-25T23:33:47.591578+00:00", "data": {"market": "0x5c585174e1c571d4d07667bf932cb0e54e2d340084423f5c57ed6e30bd31c552", "price_changes": [{"asset_id": "27138255072394598641355614244017677408744478323446102253750527225518866628060", "price": "0.999", "size": "102505.91", "side": "BUY", "hash": "723acac9a3bbb062e26d5364830f427a93b76edd", "best_bid": "0.999", "best_ask": "1"}, {"asset_id": "4404694811202210880123301527317836268683649700255947798816805113307619852534", "price": "0.001", "size": "102505.91", "side": "SELL", "hash": "d3200cbc459e7ddd6fe4bf9ea5d784e5c64a3e69", "best_bid": "0", "best_ask": "0.001"}], "timestamp": "1769384027508", "event_type": "price_change"}}
{"_local_timestamp": "2026-01-25T23:33:48.009082+00:00", "data": {"market": "0x5c585174e1c571d4d07667bf932cb0e54e2d340084423f5c57ed6e30bd31c552", "price_changes": [{"asset_id": "27138255072394598641355614244017677408744478323446102253750527225518866628060", "price": "0.999", "size": "105001.91", "side": "BUY", "hash": "b0231f2e7091493bda8c0696c90249f656d9170d", "best_bid": "0.999", "best_ask": "1"}, {"asset_id": "4404694811202210880123301527317836268683649700255947798816805113307619852534", "price": "0.001", "size": "105001.91", "side": "SELL", "hash": "650569d430d39baa8cefe623c86589ffaa6496d4", "best_bid": "0", "best_ask": "0.001"}], "timestamp": "1769384027922", "event_type": "price_change"}}
{"_local_timestamp": "2026-01-25T23:33:48.503913+00:00", "data": {"market": "0x5c585174e1c571d4d07667bf932cb0e54e2d340084423f5c57ed6e30bd31c552", "price_changes": [{"asset_id": "27138255072394598641355614244017677408744478323446102253750527225518866628060", "price": "0.999", "size": "107496.91", "side": "BUY", "hash": "c94e9d03e4aef8dc7e2ae4b732a2acbe7f29170b", "best_bid": "0.999", "best_ask": "1"}, {"asset_id": "4404694811202210880123301527317836268683649700255947798816805113307619852534", "price": "0.001", "size": "107496.91", "side": "SELL", "hash": "3ee5c631f1bbe407c3224a57f245f1c1def61840", "best_bid": "0", "best_ask": "0.001"}], "timestamp": "1769384028430", "event_type": "price_change"}}
{"_local_timestamp": "2026-01-25T23:33:49.327982+00:00", "data": {"market": "0x5c585174e1c571d4d07667bf932cb0e54e2d340084423f5c57ed6e30bd31c552", "price_changes": [{"asset_id": "27138255072394598641355614244017677408744478323446102253750527225518866628060", "price": "0.999", "size": "108119.91", "side": "BUY", "hash": "78cd27985485092b748b121f31b2a34bbdb850b3", "best_bid": "0.999", "best_ask": "1"}, {"asset_id": "4404694811202210880123301527317836268683649700255947798816805113307619852534", "price": "0.001", "size": "108119.91", "side": "SELL", "hash": "edfb7764716f59b20e8bfa171bcc2652a22f66b4", "best_bid": "0", "best_ask": "0.001"}], "timestamp": "1769384029240", "event_type": "price_change"}}
{"_local_timestamp": "2026-01-25T23:33:49.787970+00:00", "data": {"market": "0x5c585174e1c571d4d07667bf932cb0e54e2d340084423f5c57ed6e30bd31c552", "price_changes": [{"asset_id": "27138255072394598641355614244017677408744478323446102253750527225518866628060", "price": "0.999", "size": "108741.91", "side": "BUY", "hash": "4c84812f1fe365bac403fae18c0afaf478e8bbe6", "best_bid": "0.999", "best_ask": "1"}, {"asset_id": "4404694811202210880123301527317836268683649700255947798816805113307619852534", "price": "0.001", "size": "108741.91", "side": "SELL", "hash": "4f0c143c8e261270b009ed9fd11f78205805fad8", "best_bid": "0", "best_ask": "0.001"}], "timestamp": "1769384029717", "event_type": "price_change"}}
{"_local_timestamp": "2026-01-25T23:33:51.621706+00:00", "data": {"market": "0x5c585174e1c571d4d07667bf932cb0e54e2d340084423f5c57ed6e30bd31c552", "price_changes": [{"asset_id": "27138255072394598641355614244017677408744478323446102253750527225518866628060", "price": "0.999", "size": "108896.91", "side": "BUY", "hash": "7f8a3688e833933fe7cc6d81e94de5fd59cfabfd", "best_bid": "0.999", "best_ask": "1"}, {"asset_id": "4404694811202210880123301527317836268683649700255947798816805113307619852534", "price": "0.001", "size": "108896.91", "side": "SELL", "hash": "a8a41f6335622f7b66be811bc4cd88254c13264b", "best_bid": "0", "best_ask": "0.001"}], "timestamp": "1769384031549", "event_type": "price_change"}}
{"_local_timestamp": "2026-01-25T23:33:52.628017+00:00", "data": {"market": "0x5c585174e1c571d4d07667bf932cb0e54e2d340084423f5c57ed6e30bd31c552", "price_changes": [{"asset_id": "27138255072394598641355614244017677408744478323446102253750527225518866628060", "price": "0.999", "size": "109050.91", "side": "BUY", "hash": "c4e9bdfa35278bc2d83a235ceeeaed198c02c786", "best_bid": "0.999", "best_ask": "1"}, {"asset_id": "4404694811202210880123301527317836268683649700255947798816805113307619852534", "price": "0.001", "size": "109050.91", "side": "SELL", "hash": "7c2bc330c55f33e3bb30051dddc4f59346dc1870", "best_bid": "0", "best_ask": "0.001"}], "timestamp": "1769384032543", "event_type": "price_change"}}
{"_local_timestamp": "2026-01-25T23:33:52.960808+00:00", "data": {"market": "0x5c585174e1c571d4d07667bf932cb0e54e2d340084423f5c57ed6e30bd31c552", "price_changes": [{"asset_id": "27138255072394598641355614244017677408744478323446102253750527225518866628060", "price": "0.999", "size": "109203.91", "side": "BUY", "hash": "3ca30b5a0f0b01f4567556a9eab8327712ce355d", "best_bid": "0.999", "best_ask": "1"}, {"asset_id": "4404694811202210880123301527317836268683649700255947798816805113307619852534", "price": "0.001", "size": "109203.91", "side": "SELL", "hash": "18a32fa61a525954b00e7c332054bea1694fbd73", "best_bid": "0", "best_ask": "0.001"}], "timestamp": "1769384032892", "event_type": "price_change"}}
{"_local_timestamp": "2026-01-25T23:33:54.579184+00:00", "data": {"market": "0x5c585174e1c571d4d07667bf932cb0e54e2d340084423f5c57ed6e30bd31c552", "price_changes": [{"asset_id": "27138255072394598641355614244017677408744478323446102253750527225518866628060", "price": "0.999", "size": "109240.91", "side": "BUY", "hash": "bc9a92078cc3b2de3bbe143e152f6540ebd2c9d5", "best_bid": "0.999", "best_ask": "1"}, {"asset_id": "4404694811202210880123301527317836268683649700255947798816805113307619852534", "price": "0.001", "size": "109240.91", "side": "SELL", "hash": "bb219fdddedec6a1a686393748d415dc686e0c7f", "best_bid": "0", "best_ask": "0.001"}], "timestamp": "1769384034492", "event_type": "price_change"}}
{"_local_timestamp": "2026-01-25T23:33:55.244071+00:00", "data": {"market": "0x5c585174e1c571d4d07667bf932cb0e54e2d340084423f5c57ed6e30bd31c552", "price_changes": [{"asset_id": "27138255072394598641355614244017677408744478323446102253750527225518866628060", "price": "0.999", "size": "109276.91", "side": "BUY", "hash": "70e2e6b385eccf097c045ca1c6b7fe48cacdc5c6", "best_bid": "0.999", "best_ask": "1"}, {"asset_id": "4404694811202210880123301527317836268683649700255947798816805113307619852534", "price": "0.001", "size": "109276.91", "side": "SELL", "hash": "9e7ff6772b0ecfa8c2b28fb0d2e1dba96119b809", "best_bid": "0", "best_ask": "0.001"}], "timestamp": "1769384035137", "event_type": "price_change"}}
{"_local_timestamp": "2026-01-25T23:33:55.652310+00:00", "data": {"market": "0x5c585174e1c571d4d07667bf932cb0e54e2d340084423f5c57ed6e30bd31c552", "price_changes": [{"asset_id": "27138255072394598641355614244017677408744478323446102253750527225518866628060", "price": "0.999", "size": "109311.91", "side": "BUY", "hash": "d6bd3682bc9da1367cc0c9fb9d9333d4aa634051", "best_bid": "0.999", "best_ask": "1"}, {"asset_id": "4404694811202210880123301527317836268683649700255947798816805113307619852534", "price": "0.001", "size": "109311.91", "side": "SELL", "hash": "a1b1a099db3c28878e42d89b56899d68f5809a00", "best_bid": "0", "best_ask": "0.001"}], "timestamp": "1769384035560", "event_type": "price_change"}}
{"_local_timestamp": "2026-01-25T23:34:07.971135+00:00", "data": {"market": "0x5c585174e1c571d4d07667bf932cb0e54e2d340084423f5c57ed6e30bd31c552", "price_changes": [{"asset_id": "27138255072394598641355614244017677408744478323446102253750527225518866628060", "price": "0.999", "size": "105001.91", "side": "BUY", "hash": "8ea494438185b35c38fd03bbc1df8eef73b0fd91", "best_bid": "0.999", "best_ask": "1"}, {"asset_id": "4404694811202210880123301527317836268683649700255947798816805113307619852534", "price": "0.001", "size": "105001.91", "side": "SELL", "hash": "d3f0d6f39f78864be36e1df042fcc8a148d1745a", "best_bid": "0", "best_ask": "0.001"}], "timestamp": "1769384047889", "event_type": "price_change"}}
{"_local_timestamp": "2026-01-25T23:34:08.651698+00:00", "data": {"market": "0x5c585174e1c571d4d07667bf932cb0e54e2d340084423f5c57ed6e30bd31c552", "price_changes": [{"asset_id": "27138255072394598641355614244017677408744478323446102253750527225518866628060", "price": "0.999", "size": "100008.91", "side": "BUY", "hash": "9264a7eafcf1254c1473216ba7e52b7cf80e5a41", "best_bid": "0.999", "best_ask": "1"}, {"asset_id": "4404694811202210880123301527317836268683649700255947798816805113307619852534", "price": "0.001", "size": "100008.91", "side": "SELL", "hash": "072182c4972d240380f6938a83ffef66f55fd5c0", "best_bid": "0", "best_ask": "0.001"}], "timestamp": "1769384048563", "event_type": "price_change"}}
{"_local_timestamp": "2026-01-25T23:34:09.302972+00:00", "data": {"market": "0x5c585174e1c571d4d07667bf932cb0e54e2d340084423f5c57ed6e30bd31c552", "price_changes": [{"asset_id": "27138255072394598641355614244017677408744478323446102253750527225518866628060", "price": "0.999", "size": "90008.91", "side": "BUY", "hash": "c5de63aface056af944bd974a61500d0b58561fd", "best_bid": "0.999", "best_ask": "1"}, {"asset_id": "4404694811202210880123301527317836268683649700255947798816805113307619852534", "price": "0.001", "size": "90008.91", "side": "SELL", "hash": "0c52c227d5e3aa01e8a77aaccee3cecdc721e62f", "best_bid": "0", "best_ask": "0.001"}], "timestamp": "1769384049209", "event_type": "price_change"}}
