{"_local_timestamp": "2026-01-25T23:41:39.009811+00:00", "data": [{"market": "0x6769a2bfb33a048a3369e3de38428d6bcaf9c00842adcb0447d999b621229e58", "asset_id": "11469237343944019593497206266928078393736259424546415679396482991904865296534", "timestamp": "1769383671860", "hash": "c6ea638c60f402b7aaeac18f76c2f6f731ec06d7", "bids": [{"price": "0.01", "size": "108.1"}, {"price": "0.02", "size": "20.95"}, {"price": "0.03", "size": "5.47"}], "asks": [{"price": "0.99", "size": "82.82"}, {"price": "0.98", "size": "100.12"}, {"price": "0.97", "size": "16.98"}], "event_type": "book", "last_trade_price": ""}, {"market": "0x37f885351bb635f8dbe31b97d50642269dd0316498a7778a83040adf85fe66e3", "asset_id": "55355569125390182114899788147465465747017725128032371484012495081185734622296", "timestamp": "1769383675677", "hash": "53846be4c5394363a4aba6497be27c54e8a548a1", "bids": [{"price": "0.01", "size": "82.82"}, {"price": "0.02", "size": "100.12"}, {"price": "0.03", "size": "16.98"}], "asks": [{"price": "0.99", "size": "100"}, {"price": "0.98", "size": "25"}, {"price": "0.97", "size": "5.47"}], "event_type": "book", "last_trade_price": ""}, {"market": "0x5137060694d32c9a1fcbf778cb44e8757075fe80a3ed2037326c082d585d68e3", "asset_id": "39652883111579613160758713582150349345147304632953362542747773649074210405705", "timestamp": "1769383675677", "hash": "2b1d2b896a138c7fba80c557d7fefa654de92830", "bids": [{"price": "0.01", "size": "82.82"}, {"price": "0.02", "size": "100.12"}, {"price": "0.03", "size": "16.98"}], "asks": [{"price": "0.99", "size": "73.09"}, {"price": "0.98", "size": "111.17"}, {"price": "0.97", "size": "22.99"}], "event_type": "book", "last_trade_price": ""}, {"market": "0x5137060694d32c9a1fcbf778cb44e8757075fe80a3ed2037326c082d585d68e3", "asset_id": "107768525027332091662190213185913444485454335674810765858766601189518325281480", "timestamp": "1769383675677", "hash": "42ccc166f62f1273772fc082dea1f8c1e3db32a0", "bids": [{"price": "0.01", "size": "73.09"}, {"price": "0.02", "size": "111.17"}, {"price": "0.03", "size": "22.99"}], "asks": [{"price": "0.99", "size": "82.82"}, {"price": "0.98", "size": "100.12"}, {"price": "0.97", "size": "16.98"}], "event_type": "book", "last_trade_price": ""}, {"market": "0x37f885351bb635f8dbe31b97d50642269dd0316498a7778a83040adf85fe66e3", "asset_id": "68168585302907882660057637852413272990045492501494323623850634991720446688275", "timestamp": "1769383675677", "hash": "b4d66ef1f31df600db9127ddc54114ba456ac299", "bids": [{"price": "0.01", "size": "100"}, {"price": "0.02", "size": "25"}, {"price": "0.03", "size": "5.47"}], "asks": [{"price": "0.99", "size": "82.82"}, {"price": "0.98", "size": "100.12"}, {"price": "0.97", "size": "16.98"}], "event_type": "book", "last_trade_price": ""}, {"market": "0x6769a2bfb33a048a3369e3de38428d6bcaf9c00842adcb0447d999b621229e58", "asset_id": "37311926189226860522945404270255765225935678578936378621462916750744435960777", "timestamp": "1769383671860", "hash": "9aa8c9b2828c529a07c99b12fa648d7382ebc741", "bids": [{"price": "0.01", "size": "82.82"}, {"price": "0.02", "size": "100.12"}, {"price": "0.03", "size": "16.98"}], "asks": [{"price": "0.99", "size": "108.1"}, {"price": "0.98", "size": "20.95"}, {"price": "0.97", "size": "5.47"}], "event_type": "book", "last_trade_price": ""}, {"market": "0x507573bdb53bbf1b5054e145b22d0383849cd674c0cf32cf796b3880c63665e5", "asset_id": "48158545338138910874134752753894891944731979324653139916880516618069633079491", "timestamp": "1769383674781", "hash": "0e7db88fdf6d76b81966c091e1f8ee6d5369f2f2", "bids": [{"price": "0.01", "size": "100"}, {"price": "0.02", "size": "25"}, {"price": "0.03", "size": "5.47"}], "asks": [{"price": "0.99", "size": "99.99"}, {"price": "0.98", "size": "25"}], "event_type": "book", "last_trade_price": ""}, {"market": "0x507573bdb53bbf1b5054e145b22d0383849cd674c0cf32cf796b3880c63665e5", "asset_id": "35454585189770191895010671978898092083209544315165553577081895949509647046810", "timestamp": "1769383674781", "hash": "a3f94968446200d25ff39b65d28b8f34885edde9", "bids": [{"price": "0.01", "size": "99.99"}, {"price": "0.02", "size": "25"}], "asks": [{"price": "0.99", "size": "100"}, {"price": "0.98", "size": "25"}, {"price": "0.97", "size": "5.47"}], "event_type": "book", "last_trade_price": ""}, {"market": "0x0745742d8a7fac27ea2517dd8bc6388566738248a8c4724c0e558e38bc87ec71", "asset_id": "63099151177298120146936228922943721918363708833985922529995211165345666519422", "timestamp": "1769383675679", "hash": "06f6aa2c6ca034b3549912e46fb6ac65d080bd3f", "bids": [{"price": "0.01", "size": "82.82"}, {"price": "0.02", "size": "100.12"}, {"price": "0.03", "size": "16.98"}], "asks": [{"price": "0.99", "size": "108.1"}, {"price": "0.98", "size": "20.95"}, {"price": "0.97", "size": "5.47"}], "event_type": "book", "last_trade_price": ""}, {"market": "0x0745742d8a7fac27ea2517dd8bc6388566738248a8c4724c0e558e38bc87ec71", "asset_id": "37342245632435175636139857527099140178825296275193964202364085820219827889830", "timestamp": "1769383675679", "hash": "30de0cfff906b372c11785a4e6607c8d0ba0db72", "bids": [{"price": "0.01", "size": "108.1"}, {"price": "0.02", "size": "20.95"}, {"price": "0.03", "size": "5.47"}], "asks": [{"price": "0.99", "size": "82.82"}, {"price": "0.98", "size": "100.12"}, {"price": "0.97", "size": "16.98"}], "event_type": "book", "last_trade_price": ""}]}
