{"_local_timestamp": "2026-01-25T23:41:14.881137+00:00", "data": [{"market": "0x2232160c7b9a9607a506b46872f1f3501a3dccdf8384c7572a1617956a86797a", "asset_id": "78619692450443199438983916309057805727028334669703531670231138313382112209789", "timestamp": "1769384418407", "hash": "419673254249ef53f1f6bade6373b0b5a7101b44", "bids": [{"price": "0.01", "size": "3669.58"}, {"price": "0.02", "size": "1200"}, {"price": "0.03", "size": "40"}, {"price": "0.04", "size": "6.65"}, {"price": "0.06", "size": "33"}, {"price": "0.07", "size": "1014.28"}, {"price": "0.1", "size": "340"}, {"price": "0.11", "size": "5.34"}, {"price": "0.13", "size": "796.15"}, {"price": "0.15", "size": "10"}, {"price": "0.17", "size": "164.7"}, {"price": "0.2", "size": "290"}, {"price": "0.23", "size": "204.34"}, {"price": "0.24", "size": "67.89"}, {"price": "0.26", "size": "136.92"}, {"price": "0.27", "size": "68"}, {"price": "0.28", "size": "7"}, {"price": "0.44", "size": "67.89"}, {"price": "0.45", "size": "30"}, {"price": "0.55", "size": "23.63"}, {"price": "0.56", "size": "25.64"}, {"price": "0.58", "size": "6"}, {"price": "0.62", "size": "10"}, {"price": "0.63", "size": "50"}], "asks": [{"price": "0.99", "size": "8413.88"}, {"price": "0.98", "size": "2950"}, {"price": "0.97", "size": "11.23"}, {"price": "0.96", "size": "900"}, {"price": "0.95", "size": "20"}, {"price": "0.93", "size": "585.71"}, {"price": "0.92", "size": "900"}, {"price": "0.91", "size": "355.55"}, {"price": "0.9", "size": "15.74"}, {"price": "0.89", "size": "1979.54"}, {"price": "0.88", "size": "223"}, {"price": "0.87", "size": "200"}, {"price": "0.85", "size": "165.88"}, {"price": "0.84", "size": "50"}, {"price": "0.82", "size": "161.11"}, {"price": "0.73", "size": "48.14"}, {"price": "0.72", "size": "39.28"}, {"price": "0.71", "size": "196.63"}, {"price": "0.7", "size": "92.99"}, {"price": "0.69", "size": "66.66"}, {"price": "0.68", "size": "72.66"}, {"price": "0.67", "size": "200"}, {"price": "0.66", "size": "88.87"}, {"price": "0.65", "size": "66.66"}], "event_type": "book", "last_trade_price": "0.350"}, {"market": "0x2232160c7b9a9607a506b46872f1f3501a3dccdf8384c7572a1617956a86797a", "asset_id": "95040777457599171381094938812383085587709509671077131768294852060609959149697", "timestamp": "1769384418407", "hash": "f9a3602c3dc1f4cf5e339fa3715afe78b2606017", "bids": [{"price": "0.01", "size": "8413.88"}, {"price": "0.02", "size": "2950"}, {"price": "0.03", "size": "11.23"}, {"price": "0.04", "size": "900"}, {"price": "0.05", "size": "20"}, {"price": "0.07", "size": "585.71"}, {"price": "0.08", "size": "900"}, {"price": "0.09", "size": "355.55"}, {"price": "0.1", "size": "15.74"}, {"price": "0.11", "size": "1979.54"}, {"price": "0.12", "size": "223"}, {"price": "0.13", "size": "200"}, {"price": "0.15", "size": "165.88"}, {"price": "0.16", "size": "50"}, {"price": "0.18", "size": "161.11"}, {"price": "0.27", "size": "48.14"}, {"price": "0.28", "size": "39.28"}, {"price": "0.29", "size": "196.63"}, {"price": "0.3", "size": "92.99"}, {"price": "0.31", "size": "66.66"}, {"price": "0.32", "size": "72.66"}, {"price": "0.33", "size": "200"}, {"price": "0.34", "size": "88.87"}, {"price": "0.35", "size": "66.66"}], "asks": [{"price": "0.99", "size": "3669.58"}, {"price": "0.98", "size": "1200"}, {"price": "0.97", "size": "40"}, {"price": "0.96", "size": "6.65"}, {"price": "0.94", "size": "33"}, {"price": "0.93", "size": "1014.28"}, {"price": "0.9", "size": "340"}, {"price": "0.89", "size": "5.34"}, {"price": "0.87", "size": "796.15"}, {"price": "0.85", "size": "10"}, {"price": "0.83", "size": "164.7"}, {"price": "0.8", "size": "290"}, {"price": "0.77", "size": "204.34"}, {"price": "0.76", "size": "67.89"}, {"price": "0.74", "size": "136.92"}, {"price": "0.73", "size": "68"}, {"price": "0.72", "size": "7"}, {"price": "0.56", "size": "67.89"}, {"price": "0.55", "size": "30"}, {"price": "0.45", "size": "23.63"}, {"price": "0.44", "size": "25.64"}, {"price": "0.42", "size": "6"}, {"price": "0.38", "size": "10"}, {"price": "0.37", "size": "50"}], "event_type": "book", "last_trade_price": "0.350"}]}
{"_local_timestamp": "2026-01-25T23:41:18.802706+00:00", "data": {"market": "0x2232160c7b9a9607a506b46872f1f3501a3dccdf8384c7572a1617956a86797a", "price_changes": [{"asset_id": "95040777457599171381094938812383085587709509671077131768294852060609959149697", "price": "0.37", "size": "66.84", "side": "SELL", "hash": "84d997f17773a23430e88c632e935bf8904504c3", "best_bid": "0.35", "best_ask": "0.37"}, {"asset_id": "78619692450443199438983916309057805727028334669703531670231138313382112209789", "price": "0.63", "size": "66.84", "side": "BUY", "hash": "b67b735f85eddf25bbc42c49a8f3969b12ecb2fc", "best_bid": "0.63", "best_ask": "0.65"}], "timestamp": "1769384478683", "event_type": "price_change"}}
{"_local_timestamp": "2026-01-25T23:41:20.284095+00:00", "data": {"market": "0x2232160c7b9a9607a506b46872f1f3501a3dccdf8384c7572a1617956a86797a", "price_changes": [{"asset_id": "95040777457599171381094938812383085587709509671077131768294852060609959149697", "price": "0.55", "size": "0", "side": "SELL", "hash": "5cfdcd2a5bc3b31612ca49da120b0e22741667fb", "best_bid": "0.35", "best_ask": "0.37"}, {"asset_id": "78619692450443199438983916309057805727028334669703531670231138313382112209789", "price": "0.45", "size": "0", "side": "BUY", "hash": "028690d58d84b27143ec41ec9399138a0d6128c5", "best_bid": "0.63", "best_ask": "0.65"}], "timestamp": "1769384480142", "event_type": "price_change"}}
{"_local_timestamp": "2026-01-25T23:41:20.460500+00:00", "data": {"market": "0x2232160c7b9a9607a506b46872f1f3501a3dccdf8384c7572a1617956a86797a", "price_changes": [{"asset_id": "95040777457599171381094938812383085587709509671077131768294852060609959149697", "price": "0.36", "size": "30", "side": "SELL", "hash": "efe9a3ede1d42686463455e5f5234b1c861451b9", "best_bid": "0.35", "best_ask": "0.36"}, {"asset_id": "78619692450443199438983916309057805727028334669703531670231138313382112209789", "price": "0.64", "size": "30", "side": "BUY", "hash": "3376ab8529a70f8a28a9550cb5342b7426178e94", "best_bid": "0.64", "best_ask": "0.65"}], "timestamp": "1769384480321", "event_type": "price_change"}}
{"_local_timestamp": "2026-01-25T23:41:38.007348+00:00", "data": {"market": "0x2232160c7b9a9607a506b46872f1f3501a3dccdf8384c7572a1617956a86797a", "price_changes": [{"asset_id": "78619692450443199438983916309057805727028334669703531670231138313382112209789", "price": "0.56", "size": "19.64", "side": "BUY", "hash": "68f19e8ff7f4dfcbd050dcbab1da8de78b4bbcfc", "best_bid": "0.64", "best_ask": "0.65"}, {"asset_id": "95040777457599171381094938812383085587709509671077131768294852060609959149697", "price": "0.44", "size": "19.64", "side": "SELL", "hash": "8e23b54cc81db4e8a93cb743fe428ccb1a3d8648", "best_bid": "0.35", "best_ask": "0.36"}], "timestamp": "1769384497872", "event_type": "price_change"}}
{"_local_timestamp": "2026-01-25T23:41:38.245668+00:00", "data": {"market": "0x2232160c7b9a9607a506b46872f1f3501a3dccdf8384c7572a1617956a86797a", "price_changes": [{"asset_id": "78619692450443199438983916309057805727028334669703531670231138313382112209789", "price": "0.58", "size": "0", "side": "BUY", "hash": "01b08ba9598049ce2fe201d9e46939efcb65f287", "best_bid": "0.64", "best_ask": "0.65"}, {"asset_id": "95040777457599171381094938812383085587709509671077131768294852060609959149697", "price": "0.42", "size": "0", "side": "SELL", "hash": "36004b7d6284b9f712b81a950b3b82eb887b44c3", "best_bid": "0.35", "best_ask": "0.36"}], "timestamp": "1769384498111", "event_type": "price_change"}}
{"_local_timestamp": "2026-01-25T23:41:38.498679+00:00", "data": {"market": "0x2232160c7b9a9607a506b46872f1f3501a3dccdf8384c7572a1617956a86797a", "price_changes": [{"asset_id": "95040777457599171381094938812383085587709509671077131768294852060609959149697", "price": "0.28", "size": "45.28", "side": "BUY", "hash": "62904011e18ca53b7219b54f33c08000c01a6259", "best_bid": "0.35", "best_ask": "0.36"}, {"asset_id": "78619692450443199438983916309057805727028334669703531670231138313382112209789", "price": "0.72", "size": "45.28", "side": "SELL", "hash": "abe23a70a3bc404ad16e74a72c490a270017132f", "best_bid": "0.64", "best_ask": "0.65"}], "timestamp": "1769384498374", "event_type": "price_change"}}
{"_local_timestamp": "2026-01-25T23:41:38.785617+00:00", "data": {"market": "0x2232160c7b9a9607a506b46872f1f3501a3dccdf8384c7572a1617956a86797a", "price_changes": [{"asset_id": "78619692450443199438983916309057805727028334669703531670231138313382112209789", "price": "0.63", "size": "72.84", "side": "BUY", "hash": "af4e23f224a1eb88ed8f8bb456378d4d121589b6", "best_bid": "0.64", "best_ask": "0.65"}, {"asset_id": "95040777457599171381094938812383085587709509671077131768294852060609959149697", "price": "0.37", "size": "72.84", "side": "SELL", "hash": "3a355ebeebfd46fcb8e5fcd4dcb6bf0c2ff1ce5d", "best_bid": "0.35", "best_ask": "0.36"}], "timestamp": "1769384498639", "event_type": "price_change"}}
{"_local_timestamp": "2026-01-25T23:41:39.038809+00:00", "data": {"market": "0x2232160c7b9a9607a506b46872f1f3501a3dccdf8384c7572a1617956a86797a", "price_changes": [{"asset_id": "78619692450443199438983916309057805727028334669703531670231138313382112209789", "price": "0.57", "size": "6", "side": "BUY", "hash": "866902b250c0e84be0a0520540dbe540ee7e45b3", "best_bid": "0.64", "best_ask": "0.65"}, {"asset_id": "95040777457599171381094938812383085587709509671077131768294852060609959149697", "price": "0.43", "size": "6", "side": "SELL", "hash": "0ce38fe2835e20da1f54a57d3cfbb3f106032880", "best_bid": "0.35", "best_ask": "0.36"}], "timestamp": "1769384498883", "event_type": "price_change"}}
{"_local_timestamp": "2026-01-25T23:41:39.265454+00:00", "data": {"market": "0x2232160c7b9a9607a506b46872f1f3501a3dccdf8384c7572a1617956a86797a", "price_changes": [{"asset_id": "78619692450443199438983916309057805727028334669703531670231138313382112209789", "price": "0.45", "size": "6", "side": "BUY", "hash": "c03c9293a5045270cfded8f84e2e47655fb84a4f", "best_bid": "0.64", "best_ask": "0.65"}, {"asset_id": "95040777457599171381094938812383085587709509671077131768294852060609959149697", "price": "0.55", "size": "6", "side": "SELL", "hash": "a8bf38e768bdd4c4a6ea354b9af29b66fba2d392", "best_bid": "0.35", "best_ask": "0.36"}], "timestamp": "1769384499125", "event_type": "price_change"}}
{"_local_timestamp": "2026-01-25T23:41:39.510433+00:00", "data": {"market": "0x2232160c7b9a9607a506b46872f1f3501a3dccdf8384c7572a1617956a86797a", "price_changes": [{"asset_id": "78619692450443199438983916309057805727028334669703531670231138313382112209789", "price": "0.28", "size": "13", "side": "BUY", "hash": "83e1663de944de0176f3915c07f7fa1b64d03990", "best_bid": "0.64", "best_ask": "0.65"}, {"asset_id": "95040777457599171381094938812383085587709509671077131768294852060609959149697", "price": "0.72", "size": "13", "side": "SELL", "hash": "3e571b2ec68e8281004263309809db7239843050", "best_bid": "0.35", "best_ask": "0.36"}], "timestamp": "1769384499370", "event_type": "price_change"}}
{"_local_timestamp": "2026-01-25T23:42:18.021924+00:00", "data": {"market": "0x2232160c7b9a9607a506b46872f1f3501a3dccdf8384c7572a1617956a86797a", "price_changes": [{"asset_id": "95040777457599171381094938812383085587709509671077131768294852060609959149697", "price": "0.37", "size": "56", "side": "SELL", "hash": "3aaff62896911202d20a7306edfb30cf37dd4251", "best_bid": "0.35", "best_ask": "0.36"}, {"asset_id": "78619692450443199438983916309057805727028334669703531670231138313382112209789", "price": "0.63", "size": "56", "side": "BUY", "hash": "a353da3f23f57dc9f7456e2af2f9388cbd086622", "best_bid": "0.64", "best_ask": "0.65"}], "timestamp": "1769384537945", "event_type": "price_change"}}
