{"_local_timestamp": "2026-01-25T23:33:32.053897+00:00", "data": [{"market": "0xf39f1e7740f626facbf2a9ef7d961649dd051365dc49a142dd87a012d465ad0d", "asset_id": "85920782808284406495162722152976135502840500737877870275782958262187019650021", "timestamp": "1769383943475", "hash": "08a60095ae59c35fdb3857eca9d3f126d8f58b49", "bids": [{"price": "0.01", "size": "1000"}, {"price": "0.02", "size": "710.57"}, {"price": "0.03", "size": "600"}, {"price": "0.04", "size": "1081.99"}, {"price": "0.05", "size": "664.74"}, {"price": "0.06", "size": "100"}, {"price": "0.07", "size": "217.25"}, {"price": "0.08", "size": "13"}, {"price": "0.1", "size": "108.53"}, {"price": "0.11", "size": "216"}, {"price": "0.12", "size": "42.7"}], "asks": [{"price": "0.99", "size": "7609.78"}, {"price": "0.98", "size": "6050"}, {"price": "0.97", "size": "10.2"}, {"price": "0.96", "size": "2000"}, {"price": "0.95", "size": "30"}, {"price": "0.94", "size": "498"}, {"price": "0.92", "size": "250"}, {"price": "0.91", "size": "500"}, {"price": "0.9", "size": "700"}, {"price": "0.89", "size": "5.41"}, {"price": "0.87", "size": "586.53"}, {"price": "0.82", "size": "427.77"}, {"price": "0.78", "size": "277.27"}, {"price": "0.74", "size": "100"}, {"price": "0.73", "size": "50"}, {"price": "0.69", "size": "77.41"}, {"price": "0.65", "size": "5232.14"}, {"price": "0.5", "size": "2500"}, {"price": "0.49", "size": "5"}, {"price": "0.48", "size": "12.84"}, {"price": "0.4", "size": "50.5"}, {"price": "0.35", "size": "650"}, {"price": "0.34", "size": "250"}, {"price": "0.33", "size": "10"}, {"price": "0.32", "size": "6.87"}, {"price": "0.31", "size": "330"}, {"price": "0.3", "size": "150"}, {"price": "0.29", "size": "100"}, {"price": "0.28", "size": "9.9"}, {"price": "0.25", "size": "17.33"}, {"price": "0.24", "size": "14.47"}, {"price": "0.22", "size": "6.66"}, {"price": "0.21", "size": "11.89"}, {"price": "0.17", "size": "300"}, {"price": "0.16", "size": "18.18"}], "event_type": "book", "last_trade_price": "0.120"}, {"market": "0xf39f1e7740f626facbf2a9ef7d961649dd051365dc49a142dd87a012d465ad0d", "asset_id": "48951597902539401045209383419500607603262132310344816877872611342125394010003", "timestamp": "1769383943475", "hash": "b44dbbf7422d8da051f1a2cbf3df6b021b5e99b2", "bids": [{"price": "0.01", "size": "7609.78"}, {"price": "0.02", "size": "6050"}, {"price": "0.03", "size": "10.2"}, {"price": "0.04", "size": "2000"}, {"price": "0.05", "size": "30"}, {"price": "0.06", "size": "498"}, {"price": "0.08", "size": "250"}, {"price": "0.09", "size": "500"}, {"price": "0.1", "size": "700"}, {"price": "0.11", "size": "5.41"}, {"price": "0.13", "size": "586.53"}, {"price": "0.18", "size": "427.77"}, {"price": "0.22", "size": "277.27"}, {"price": "0.26", "size": "100"}, {"price": "0.27", "size": "50"}, {"price": "0.31", "size": "77.41"}, {"price": "0.35", "size": "5232.14"}, {"price": "0.5", "size": "2500"}, {"price": "0.51", "size": "5"}, {"price": "0.52", "size": "12.84"}, {"price": "0.6", "size": "50.5"}, {"price": "0.65", "size": "650"}, {"price": "0.66", "size": "250"}, {"price": "0.67", "size": "10"}, {"price": "0.68", "size": "6.87"}, {"price": "0.69", "size": "330"}, {"price": "0.7", "size": "150"}, {"price": "0.71", "size": "100"}, {"price": "0.72", "size": "9.9"}, {"price": "0.75", "size": "17.33"}, {"price": "0.76", "size": "14.47"}, {"price": "0.78", "size": "6.66"}, {"price": "0.79", "size": "11.89"}, {"price": "0.83", "size": "300"}, {"price": "0.84", "size": "18.18"}], "asks": [{"price": "0.99", "size": "1000"}, {"price": "0.98", "size": "710.57"}, {"price": "0.97", "size": "600"}, {"price": "0.96", "size": "1081.99"}, {"price": "0.95", "size": "664.74"}, {"price": "0.94", "size": "100"}, {"price": "0.93", "size": "217.25"}, {"price": "0.92", "size": "13"}, {"price": "0.9", "size": "108.53"}, {"price": "0.89", "size": "216"}, {"price": "0.88", "size": "42.7"}], "event_type": "book", "last_trade_price": "0.120"}]}
{"_local_timestamp": "2026-01-25T23:35:02.883754+00:00", "data": {"market": "0xf39f1e7740f626facbf2a9ef7d961649dd051365dc49a142dd87a012d465ad0d", "price_changes": [{"asset_id": "85920782808284406495162722152976135502840500737877870275782958262187019650021", "price": "0.1", "size": "8.53", "side": "BUY", "hash": "3cf8fef5e15318741b7d1c9f0f39394d01e3a4ea", "best_bid": "0.12", "best_ask": "0.16"}, {"asset_id": "48951597902539401045209383419500607603262132310344816877872611342125394010003", "price": "0.9", "size": "8.53", "side": "SELL", "hash": "ddadcd0df2bf52fefd5d33b71bffaa7662d44338", "best_bid": "0.84", "best_ask": "0.88"}], "timestamp": "1769384102810", "event_type": "price_change"}}
{"_local_timestamp": "2026-01-25T23:35:02.885240+00:00", "data": {"market": "0xf39f1e7740f626facbf2a9ef7d961649dd051365dc49a142dd87a012d465ad0d", "price_changes": [{"asset_id": "85920782808284406495162722152976135502840500737877870275782958262187019650021", "price": "0.06", "size": "0", "side": "BUY", "hash": "3cf8fef5e15318741b7d1c9f0f39394d01e3a4ea", "best_bid": "0.12", "best_ask": "0.16"}, {"asset_id": "48951597902539401045209383419500607603262132310344816877872611342125394010003", "price": "0.94", "size": "0", "side": "SELL", "hash": "ddadcd0df2bf52fefd5d33b71bffaa7662d44338", "best_bid": "0.84", "best_ask": "0.88"}], "timestamp": "1769384102810", "event_type": "price_change"}}
{"_local_timestamp": "2026-01-25T23:35:04.032482+00:00", "data": {"market": "0xf39f1e7740f626facbf2a9ef7d961649dd051365dc49a142dd87a012d465ad0d", "price_changes": [{"asset_id": "85920782808284406495162722152976135502840500737877870275782958262187019650021", "price": "0.06", "size": "66.66", "side": "BUY", "hash": "bf108cba19560ee694d7ecd932853b346c1c3199", "best_bid": "0.12", "best_ask": "0.16"}, {"asset_id": "48951597902539401045209383419500607603262132310344816877872611342125394010003", "price": "0.94", "size": "66.66", "side": "SELL", "hash": "4b1f412fe53dca10de6bb51f93cac64899e0cf98", "best_bid": "0.84", "best_ask": "0.88"}], "timestamp": "1769384103962", "event_type": "price_change"}}
{"_local_timestamp": "2026-01-25T23:35:04.099897+00:00", "data": {"market": "0xf39f1e7740f626facbf2a9ef7d961649dd051365dc49a142dd87a012d465ad0d", "price_changes": [{"asset_id": "85920782808284406495162722152976135502840500737877870275782958262187019650021", "price": "0.13", "size": "66.66", "side": "BUY", "hash": "51d5fb79b4aaf2140c92fdf4a607f3495188354d", "best_bid": "0.13", "best_ask": "0.16"}, {"asset_id": "48951597902539401045209383419500607603262132310344816877872611342125394010003", "price": "0.87", "size": "66.66", "side": "SELL", "hash": "1a7a9ffe7c1c6cad86789121e4f2d670723026a9", "best_bid": "0.84", "best_ask": "0.87"}], "timestamp": "1769384104014", "event_type": "price_change"}}
{"_local_timestamp": "2026-01-25T23:35:04.109435+00:00", "data": {"market": "0xf39f1e7740f626facbf2a9ef7d961649dd051365dc49a142dd87a012d465ad0d", "price_changes": [{"asset_id": "85920782808284406495162722152976135502840500737877870275782958262187019650021", "price": "0.09", "size": "66.66", "side": "BUY", "hash": "37b13b70f4715fc5ca6500e0e0c2be5e18867555", "best_bid": "0.13", "best_ask": "0.16"}, {"asset_id": "48951597902539401045209383419500607603262132310344816877872611342125394010003", "price": "0.91", "size": "66.66", "side": "SELL", "hash": "c027ca1ca77fb4320551d0b35c61f329fa1b1232", "best_bid": "0.84", "best_ask": "0.87"}], "timestamp": "1769384104024", "event_type": "price_change"}}
{"_local_timestamp": "2026-01-25T23:35:05.193960+00:00", "data": {"market": "0xf39f1e7740f626facbf2a9ef7d961649dd051365dc49a142dd87a012d465ad0d", "price_changes": [{"asset_id": "85920782808284406495162722152976135502840500737877870275782958262187019650021", "price": "0.12", "size": "12.7", "side": "BUY", "hash": "0eff0ff3e4926255dc205b6fadc70e261886378d", "best_bid": "0.13", "best_ask": "0.16"}, {"asset_id": "48951597902539401045209383419500607603262132310344816877872611342125394010003", "price": "0.88", "size": "12.7", "side": "SELL", "hash": "e053b649433bce2fccc2702de0fbfaddc5a77e9c", "best_bid": "0.84", "best_ask": "0.87"}], "timestamp": "1769384105116", "event_type": "price_change"}}
{"_local_timestamp": "2026-01-25T23:35:05.248165+00:00", "data": {"market": "0xf39f1e7740f626facbf2a9ef7d961649dd051365dc49a142dd87a012d465ad0d", "price_changes": [{"asset_id": "85920782808284406495162722152976135502840500737877870275782958262187019650021", "price": "0.13", "size": "96.66", "side": "BUY", "hash": "cad8f0ff8e049ffd29a496aefab98e9dd3523c78", "best_bid": "0.13", "best_ask": "0.16"}, {"asset_id": "48951597902539401045209383419500607603262132310344816877872611342125394010003", "price": "0.87", "size": "96.66", "side": "SELL", "hash": "35d9478ba223ac0004bd74de3a6d6202d37e7d3c", "best_bid": "0.84", "best_ask": "0.87"}], "timestamp": "1769384105167", "event_type": "price_change"}}
