{"_local_timestamp": "2026-01-25T23:34:08.187505+00:00", "data": [{"market": "0x207a00a7fcdea8e8cee67016a260585b3e698ff71bd1fdb3688a41f2761d6d13", "asset_id": "91288805682314771784494042291787951028641376405868960025459858385324923664023", "timestamp": "1769384045704", "hash": "ff8af2e475bb451c379f6f99d508558e6cd5768c", "bids": [{"price": "0.01", "size": "290"}, {"price": "0.02", "size": "100"}, {"price": "0.05", "size": "40"}], "asks": [{"price": "0.99", "size": "4700"}, {"price": "0.98", "size": "1600"}, {"price": "0.95", "size": "1200"}, {"price": "0.94", "size": "53"}, {"price": "0.92", "size": "600"}, {"price": "0.9", "size": "20"}, {"price": "0.86", "size": "200"}, {"price": "0.85", "size": "10"}, {"price": "0.78", "size": "726"}, {"price": "0.77", "size": "300"}, {"price": "0.76", "size": "50"}, {"price": "0.75", "size": "1680"}, {"price": "0.73", "size": "50"}, {"price": "0.72", "size": "7"}, {"price": "0.66", "size": "50"}, {"price": "0.22", "size": "20"}, {"price": "0.21", "size": "300"}, {"price": "0.2", "size": "205"}, {"price": "0.17", "size": "89.68"}, {"price": "0.14", "size": "40"}, {"price": "0.12", "size": "10"}, {"price": "0.1", "size": "60"}, {"price": "0.09", "size": "65"}, {"price": "0.08", "size": "145"}, {"price": "0.07", "size": "35"}, {"price": "0.06", "size": "70.01"}], "event_type": "book", "last_trade_price": "0.060"}, {"market": "0x56b02b1d3277c1915ff4fae05330af968a429dab9afa524047c917d8e13e4839", "asset_id": "101171206202347977527077820781417990604757094081077280938327859617063855343393", "timestamp": "1769384046002", "hash": "e2d4b897364f9b03c977a01cfaa5b94e118dd207", "bids": [{"price": "0.01", "size": "4650"}, {"price": "0.02", "size": "1600"}, {"price": "0.03", "size": "16"}, {"price": "0.04", "size": "20"}, {"price": "0.05", "size": "700"}, {"price": "0.06", "size": "33"}, {"price": "0.07", "size": "6015"}, {"price": "0.1", "size": "125"}, {"price": "0.11", "size": "18"}, {"price": "0.2", "size": "10"}, {"price": "0.25", "size": "10"}, {"price": "0.26", "size": "10"}, {"price": "0.34", "size": "217.63"}, {"price": "0.35", "size": "200"}], "asks": [{"price": "0.99", "size": "5900"}, {"price": "0.98", "size": "1600"}, {"price": "0.95", "size": "20"}, {"price": "0.94", "size": "1200"}, {"price": "0.93", "size": "300"}, {"price": "0.89", "size": "1954"}, {"price": "0.86", "size": "200"}, {"price": "0.8", "size": "50"}, {"price": "0.79", "size": "25"}, {"price": "0.73", "size": "60"}, {"price": "0.4", "size": "74.58"}], "event_type": "book", "last_trade_price": "0.360"}, {"market": "0x207a00a7fcdea8e8cee67016a260585b3e698ff71bd1fdb3688a41f2761d6d13", "asset_id": "69372913087784768686682442725655235765030003893359588698205860835202848025216", "timestamp": "1769384045704", "hash": "9c7602a7c3277902d5629891636411d8c46efcda", "bids": [{"price": "0.01", "size": "4700"}, {"price": "0.02", "size": "1600"}, {"price": "0.05", "size": "1200"}, {"price": "0.06", "size": "53"}, {"price": "0.08", "size": "600"}, {"price": "0.1", "size": "20"}, {"price": "0.14", "size": "200"}, {"price": "0.15", "size": "10"}, {"price": "0.22", "size": "726"}, {"price": "0.23", "size": "300"}, {"price": "0.24", "size": "50"}, {"price": "0.25", "size": "1680"}, {"price": "0.27", "size": "50"}, {"price": "0.28", "size": "7"}, {"price": "0.34", "size": "50"}, {"price": "0.78", "size": "20"}, {"price": "0.79", "size": "300"}, {"price": "0.8", "size": "205"}, {"price": "0.83", "size": "89.68"}, {"price": "0.86", "size": "40"}, {"price": "0.88", "size": "10"}, {"price": "0.9", "size": "60"}, {"price": "0.91", "size": "65"}, {"price": "0.92", "size": "145"}, {"price": "0.93", "size": "35"}, {"price": "0.94", "size": "70.01"}], "asks": [{"price": "0.99", "size": "290"}, {"price": "0.98", "size": "100"}, {"price": "0.95", "size": "40"}], "event_type": "book", "last_trade_price": "0.060"}, {"market": "0x56b02b1d3277c1915ff4fae05330af968a429dab9afa524047c917d8e13e4839", "asset_id": "44544326390958014931866948058435573730053523518883904173811341165673229478261", "timestamp": "1769384046002", "hash": "216a1256f963d99578954229c751f34b703d2ea8", "bids": [{"price": "0.01", "size": "5900"}, {"price": "0.02", "size": "1600"}, {"price": "0.05", "size": "20"}, {"price": "0.06", "size": "1200"}, {"price": "0.07", "size": "300"}, {"price": "0.11", "size": "1954"}, {"price": "0.14", "size": "200"}, {"price": "0.2", "size": "50"}, {"price": "0.21", "size": "25"}, {"price": "0.27", "size": "60"}, {"price": "0.6", "size": "74.58"}], "asks": [{"price": "0.99", "size": "4650"}, {"price": "0.98", "size": "1600"}, {"price": "0.97", "size": "16"}, {"price": "0.96", "size": "20"}, {"price": "0.95", "size": "700"}, {"price": "0.94", "size": "33"}, {"price": "0.93", "size": "6015"}, {"price": "0.9", "size": "125"}, {"price": "0.89", "size": "18"}, {"price": "0.8", "size": "10"}, {"price": "0.75", "size": "10"}, {"price": "0.74", "size": "10"}, {"price": "0.66", "size": "217.63"}, {"price": "0.65", "size": "200"}], "event_type": "book", "last_trade_price": "0.360"}]}
{"_local_timestamp": "2026-01-25T23:34:14.368161+00:00", "data": {"market": "0x207a00a7fcdea8e8cee67016a260585b3e698ff71bd1fdb3688a41f2761d6d13", "price_changes": [{"asset_id": "91288805682314771784494042291787951028641376405868960025459858385324923664023", "price": "0.09", "size": "105.16", "side": "SELL", "hash": "7a14c155b4f8b0ed3ee3baef2f5f2fa4ff4c5814", "best_bid": "0.05", "best_ask": "0.06"}, {"asset_id": "69372913087784768686682442725655235765030003893359588698205860835202848025216", "price": "0.91", "size": "105.16", "side": "BUY", "hash": "f14a7015fb9590129941ac8c6f306ab1c56b14f1", "best_bid": "0.94", "best_ask": "0.95"}], "timestamp": "1769384054286", "event_type": "price_change"}}
{"_local_timestamp": "2026-01-25T23:34:15.534533+00:00", "data": {"market": "0x207a00a7fcdea8e8cee67016a260585b3e698ff71bd1fdb3688a41f2761d6d13", "price_changes": [{"asset_id": "91288805682314771784494042291787951028641376405868960025459858385324923664023", "price": "0.09", "size": "120.47", "side": "SELL", "hash": "28b625df5b77b24af9be146f9680990ae494a945", "best_bid": "0.05", "best_ask": "0.06"}, {"asset_id": "69372913087784768686682442725655235765030003893359588698205860835202848025216", "price": "0.91", "size": "120.47", "side": "BUY", "hash": "b07e81473cd7a7c6115e2e2797bed1bb71eb9741", "best_bid": "0.94", "best_ask": "0.95"}], "timestamp": "1769384055461", "event_type": "price_change"}}
{"_local_timestamp": "2026-01-25T23:34:19.845485+00:00", "data": {"market": "0x207a00a7fcdea8e8cee67016a260585b3e698ff71bd1fdb3688a41f2761d6d13", "price_changes": [{"asset_id": "69372913087784768686682442725655235765030003893359588698205860835202848025216", "price": "0.25", "size": "0", "side": "BUY", "hash": "ef53f27692802abe84b18e0006559eb85ebc3a68", "best_bid": "0.94", "best_ask": "0.95"}, {"asset_id": "91288805682314771784494042291787951028641376405868960025459858385324923664023", "price": "0.75", "size": "0", "side": "SELL", "hash": "6375ab70c258ff6f4becfdecb1a8e24abd6bd641", "best_bid": "0.05", "best_ask": "0.06"}], "timestamp": "1769384059753", "event_type": "price_change"}}
{"_local_timestamp": "2026-01-25T23:34:19.906946+00:00", "data": {"market": "0x56b02b1d3277c1915ff4fae05330af968a429dab9afa524047c917d8e13e4839", "price_changes": [{"asset_id": "101171206202347977527077820781417990604757094081077280938327859617063855343393", "price": "0.07", "size": "15", "side": "BUY", "hash": "f74d0aa8271e484405df3e800482d79aabaee542", "best_bid": "0.35", "best_ask": "0.4"}, {"asset_id": "44544326390958014931866948058435573730053523518883904173811341165673229478261", "price": "0.93", "size": "15", "side": "SELL", "hash": "e708b8bb5872a3870937ad919490525067a14e5e", "best_bid": "0.6", "best_ask": "0.65"}], "timestamp": "1769384059763", "event_type": "price_change"}}
{"_local_timestamp": "2026-01-25T23:34:22.151394+00:00", "data": {"market": "0x207a00a7fcdea8e8cee67016a260585b3e698ff71bd1fdb3688a41f2761d6d13", "price_changes": [{"asset_id": "69372913087784768686682442725655235765030003893359588698205860835202848025216", "price": "0.24", "size": "1798", "side": "BUY", "hash": "19b221c569173874303ac251ed9538b00877e25a", "best_bid": "0.94", "best_ask": "0.95"}, {"asset_id": "91288805682314771784494042291787951028641376405868960025459858385324923664023", "price": "0.76", "size": "1798", "side": "SELL", "hash": "3abce85c63bf893fd23027d2d50972607e756e82", "best_bid": "0.05", "best_ask": "0.06"}], "timestamp": "1769384062085", "event_type": "price_change"}}
{"_local_timestamp": "2026-01-25T23:34:24.172850+00:00", "data": {"market": "0x207a00a7fcdea8e8cee67016a260585b3e698ff71bd1fdb3688a41f2761d6d13", "price_changes": [{"asset_id": "69372913087784768686682442725655235765030003893359588698205860835202848025216", "price": "0.86", "size": "0", "side": "BUY", "hash": "6f3e08696d8befb1f4c4b0393c02d7713afda4c4", "best_bid": "0.94", "best_ask": "0.95"}, {"asset_id": "91288805682314771784494042291787951028641376405868960025459858385324923664023", "price": "0.14", "size": "0", "side": "SELL", "hash": "9f5a2d138e524f16b219b3be3fff428d4331f2c7", "best_bid": "0.05", "best_ask": "0.06"}], "timestamp": "1769384064095", "event_type": "price_change"}}
{"_local_timestamp": "2026-01-25T23:34:25.336420+00:00", "data": {"market": "0x207a00a7fcdea8e8cee67016a260585b3e698ff71bd1fdb3688a41f2761d6d13", "price_changes": [{"asset_id": "69372913087784768686682442725655235765030003893359588698205860835202848025216", "price": "0.88", "size": "0", "side": "BUY", "hash": "61b073de8e098b82e3f0578dff8a1aca7e8c37db", "best_bid": "0.94", "best_ask": "0.95"}, {"asset_id": "91288805682314771784494042291787951028641376405868960025459858385324923664023", "price": "0.12", "size": "0", "side": "SELL", "hash": "8a2f2bce45a231d08f13dd9558ebe224ba7f4c46", "best_bid": "0.05", "best_ask": "0.06"}], "timestamp": "1769384065234", "event_type": "price_change"}}
{"_local_timestamp": "2026-01-25T23:34:29.011595+00:00", "data": {"market": "0x56b02b1d3277c1915ff4fae05330af968a429dab9afa524047c917d8e13e4839", "price_changes": [{"asset_id": "101171206202347977527077820781417990604757094081077280938327859617063855343393", "price": "0.08", "size": "5250", "side": "BUY", "hash": "aaaa7b16570dfbcfde3647b51f62bd5905896708", "best_bid": "0.35", "best_ask": "0.4"}, {"asset_id": "44544326390958014931866948058435573730053523518883904173811341165673229478261", "price": "0.92", "size": "5250", "side": "SELL", "hash": "d69d3a70d13c66c1aa87e8f57cbb90873d492786", "best_bid": "0.6", "best_ask": "0.65"}], "timestamp": "1769384068673", "event_type": "price_change"}}
{"_local_timestamp": "2026-01-25T23:34:30.024587+00:00", "data": {"market": "0x56b02b1d3277c1915ff4fae05330af968a429dab9afa524047c917d8e13e4839", "price_changes": [{"asset_id": "44544326390958014931866948058435573730053523518883904173811341165673229478261", "price": "0.06", "size": "600", "side": "BUY", "hash": "ec600b88e965d798191784a0e143d892027aa29d", "best_bid": "0.6", "best_ask": "0.65"}, {"asset_id": "101171206202347977527077820781417990604757094081077280938327859617063855343393", "price": "0.94", "size": "600", "side": "SELL", "hash": "0e819ac8feb411abd53b42c5853f1f09067866ba", "best_bid": "0.35", "best_ask": "0.4"}], "timestamp": "1769384069833", "event_type": "price_change"}}
{"_local_timestamp": "2026-01-25T23:34:30.027169+00:00", "data": {"market": "0x56b02b1d3277c1915ff4fae05330af968a429dab9afa524047c917d8e13e4839", "price_changes": [{"asset_id": "44544326390958014931866948058435573730053523518883904173811341165673229478261", "price": "0.11", "size": "1554", "side": "BUY", "hash": "fa4cdf4b6ebe42797efec0402bee27030c196c2f", "best_bid": "0.6", "best_ask": "0.65"}, {"asset_id": "101171206202347977527077820781417990604757094081077280938327859617063855343393", "price": "0.89", "size": "1554", "side": "SELL", "hash": "526b02755df9ba49a93433535a8d44e54b4576b0", "best_bid": "0.35", "best_ask": "0.4"}], "timestamp": "1769384069837", "event_type": "price_change"}}
{"_local_timestamp": "2026-01-25T23:34:30.027770+00:00", "data": {"market": "0x56b02b1d3277c1915ff4fae05330af968a429dab9afa524047c917d8e13e4839", "price_changes": [{"asset_id": "44544326390958014931866948058435573730053523518883904173811341165673229478261", "price": "0.14", "size": "0", "side": "BUY", "hash": "fa4cdf4b6ebe42797efec0402bee27030c196c2f", "best_bid": "0.6", "best_ask": "0.65"}, {"asset_id": "101171206202347977527077820781417990604757094081077280938327859617063855343393", "price": "0.86", "size": "0", "side": "SELL", "hash": "526b02755df9ba49a93433535a8d44e54b4576b0", "best_bid": "0.35", "best_ask": "0.4"}], "timestamp": "1769384069837", "event_type": "price_change"}}
{"_local_timestamp": "2026-01-25T23:34:31.914338+00:00", "data": {"market": "0x56b02b1d3277c1915ff4fae05330af968a429dab9afa524047c917d8e13e4839", "price_changes": [{"asset_id": "44544326390958014931866948058435573730053523518883904173811341165673229478261", "price": "0.01", "size": "5500", "side": "BUY", "hash": "fdbc0939dacb8a4f3bb9792a557284b96215fc18", "best_bid": "0.6", "best_ask": "0.65"}, {"asset_id": "101171206202347977527077820781417990604757094081077280938327859617063855343393", "price": "0.99", "size": "5500", "side": "SELL", "hash": "55115b43c3ecdd9ccc93d4d201549b36be0d9ba8", "best_bid": "0.35", "best_ask": "0.4"}], "timestamp": "1769384071826", "event_type": "price_change"}}
{"_local_timestamp": "2026-01-25T23:34:31.924373+00:00", "data": {"market": "0x56b02b1d3277c1915ff4fae05330af968a429dab9afa524047c917d8e13e4839", "price_changes": [{"asset_id": "44544326390958014931866948058435573730053523518883904173811341165673229478261", "price": "0.06", "size": "300", "side": "BUY", "hash": "fdbc0939dacb8a4f3bb9792a557284b96215fc18", "best_bid": "0.6", "best_ask": "0.65"}, {"asset_id": "101171206202347977527077820781417990604757094081077280938327859617063855343393", "price": "0.94", "size": "300", "side": "SELL", "hash": "55115b43c3ecdd9ccc93d4d201549b36be0d9ba8", "best_bid": "0.35", "best_ask": "0.4"}], "timestamp": "1769384071826", "event_type": "price_change"}}
{"_local_timestamp": "2026-01-25T23:34:31.948428+00:00", "data": {"market": "0x56b02b1d3277c1915ff4fae05330af968a429dab9afa524047c917d8e13e4839", "price_changes": [{"asset_id": "44544326390958014931866948058435573730053523518883904173811341165673229478261", "price": "0.11", "size": "1454", "side": "BUY", "hash": "fdbc0939dacb8a4f3bb9792a557284b96215fc18", "best_bid": "0.6", "best_ask": "0.65"}, {"asset_id": "101171206202347977527077820781417990604757094081077280938327859617063855343393", "price": "0.89", "size": "1454", "side": "SELL", "hash": "55115b43c3ecdd9ccc93d4d201549b36be0d9ba8", "best_bid": "0.35", "best_ask": "0.4"}], "timestamp": "1769384071826", "event_type": "price_change"}}
{"_local_timestamp": "2026-01-25T23:34:35.931895+00:00", "data": {"market": "0x207a00a7fcdea8e8cee67016a260585b3e698ff71bd1fdb3688a41f2761d6d13", "price_changes": [{"asset_id": "91288805682314771784494042291787951028641376405868960025459858385324923664023", "price": "0.09", "size": "65", "side": "SELL", "hash": "c9c5de68b25291066d89eab560ae322650c3f422", "best_bid": "0.05", "best_ask": "0.06"}, {"asset_id": "69372913087784768686682442725655235765030003893359588698205860835202848025216", "price": "0.91", "size": "65", "side": "BUY", "hash": "4090a25ce02d42d736539c377d40bf5acede39cc", "best_bid": "0.94", "best_ask": "0.95"}], "timestamp": "1769384075853", "event_type": "price_change"}}
{"_local_timestamp": "2026-01-25T23:34:38.967874+00:00", "data": {"market": "0x56b02b1d3277c1915ff4fae05330af968a429dab9afa524047c917d8e13e4839", "price_changes": [{"asset_id": "44544326390958014931866948058435573730053523518883904173811341165673229478261", "price": "0.01", "size": "3500", "side": "BUY", "hash": "178c6c1bc4dc2903fc4377a1119e76cce8367c50", "best_bid": "0.6", "best_ask": "0.65"}, {"asset_id": "101171206202347977527077820781417990604757094081077280938327859617063855343393", "price": "0.99", "size": "3500", "side": "SELL", "hash": "2e566f9f42226303eb03eea9ba92de5c2718abd7", "best_bid": "0.35", "best_ask": "0.4"}], "timestamp": "1769384078894", "event_type": "price_change"}}
{"_local_timestamp": "2026-01-25T23:34:38.968431+00:00", "data": {"market": "0x56b02b1d3277c1915ff4fae05330af968a429dab9afa524047c917d8e13e4839", "price_changes": [{"asset_id": "44544326390958014931866948058435573730053523518883904173811341165673229478261", "price": "0.06", "size": "0", "side": "BUY", "hash": "178c6c1bc4dc2903fc4377a1119e76cce8367c50", "best_bid": "0.6", "best_ask": "0.65"}, {"asset_id": "101171206202347977527077820781417990604757094081077280938327859617063855343393", "price": "0.94", "size": "0", "side": "SELL", "hash": "2e566f9f42226303eb03eea9ba92de5c2718abd7", "best_bid": "0.35", "best_ask": "0.4"}], "timestamp": "1769384078894", "event_type": "price_change"}}
{"_local_timestamp": "2026-01-25T23:34:38.968876+00:00", "data": {"market": "0x56b02b1d3277c1915ff4fae05330af968a429dab9afa524047c917d8e13e4839", "price_changes": [{"asset_id": "44544326390958014931866948058435573730053523518883904173811341165673229478261", "price": "0.07", "size": "0", "side": "BUY", "hash": "178c6c1bc4dc2903fc4377a1119e76cce8367c50", "best_bid": "0.6", "best_ask": "0.65"}, {"asset_id": "101171206202347977527077820781417990604757094081077280938327859617063855343393", "price": "0.93", "size": "0", "side": "SELL", "hash": "2e566f9f42226303eb03eea9ba92de5c2718abd7", "best_bid": "0.35", "best_ask": "0.4"}], "timestamp": "1769384078894", "event_type": "price_change"}}
{"_local_timestamp": "2026-01-25T23:34:38.979357+00:00", "data": {"market": "0x56b02b1d3277c1915ff4fae05330af968a429dab9afa524047c917d8e13e4839", "price_changes": [{"asset_id": "44544326390958014931866948058435573730053523518883904173811341165673229478261", "price": "0.02", "size": "1000", "side": "BUY", "hash": "936a7ce24f706f1f97f6ae191d047fe161de14cd", "best_bid": "0.6", "best_ask": "0.65"}, {"asset_id": "101171206202347977527077820781417990604757094081077280938327859617063855343393", "price": "0.98", "size": "1000", "side": "SELL", "hash": "fdc439b12c9953a4a3e0b123c6f6fb421a643c9c", "best_bid": "0.35", "best_ask": "0.4"}], "timestamp": "1769384078906", "event_type": "price_change"}}
{"_local_timestamp": "2026-01-25T23:34:48.869606+00:00", "data": {"market": "0x207a00a7fcdea8e8cee67016a260585b3e698ff71bd1fdb3688a41f2761d6d13", "price_changes": [{"asset_id": "91288805682314771784494042291787951028641376405868960025459858385324923664023", "price": "0.09", "size": "105.16", "side": "SELL", "hash": "f74df0d3e503d03f240db115fdcdf840d7ca1f17", "best_bid": "0.05", "best_ask": "0.06"}, {"asset_id": "69372913087784768686682442725655235765030003893359588698205860835202848025216", "price": "0.91", "size": "105.16", "side": "BUY", "hash": "970e178cc7e882fd197df42f0a719c0f05f13980", "best_bid": "0.94", "best_ask": "0.95"}], "timestamp": "1769384088780", "event_type": "price_change"}}
{"_local_timestamp": "2026-01-25T23:34:49.570123+00:00", "data": {"market": "0x207a00a7fcdea8e8cee67016a260585b3e698ff71bd1fdb3688a41f2761d6d13", "price_changes": [{"asset_id": "91288805682314771784494042291787951028641376405868960025459858385324923664023", "price": "0.09", "size": "120.47", "side": "SELL", "hash": "cb1eb2df499b9a230d3a289b8b7c0a4a5f8e02fd", "best_bid": "0.05", "best_ask": "0.06"}, {"asset_id": "69372913087784768686682442725655235765030003893359588698205860835202848025216", "price": "0.91", "size": "120.47", "side": "BUY", "hash": "75a1c7eb2ac894027dcf1fdb60ebeec330281e68", "best_bid": "0.94", "best_ask": "0.95"}], "timestamp": "1769384089492", "event_type": "price_change"}}
{"_local_timestamp": "2026-01-25T23:34:51.372563+00:00", "data": {"market": "0x56b02b1d3277c1915ff4fae05330af968a429dab9afa524047c917d8e13e4839", "price_changes": [{"asset_id": "101171206202347977527077820781417990604757094081077280938327859617063855343393", "price": "0.05", "size": "1300", "side": "BUY", "hash": "44788a7a8e1761b76ced47e3327a525857c0daa6", "best_bid": "0.35", "best_ask": "0.4"}, {"asset_id": "44544326390958014931866948058435573730053523518883904173811341165673229478261", "price": "0.95", "size": "1300", "side": "SELL", "hash": "4a452500b4ad923aa32feeae199885459c49836f", "best_bid": "0.6", "best_ask": "0.65"}], "timestamp": "1769384090942", "event_type": "price_change"}}
{"_local_timestamp": "2026-01-25T23:35:02.088231+00:00", "data": {"market": "0x56b02b1d3277c1915ff4fae05330af968a429dab9afa524047c917d8e13e4839", "price_changes": [{"asset_id": "101171206202347977527077820781417990604757094081077280938327859617063855343393", "price": "0.05", "size": "1600", "side": "BUY", "hash": "fc171c61bca4b38fc3348516f1410ceabb38834c", "best_bid": "0.35", "best_ask": "0.4"}, {"asset_id": "44544326390958014931866948058435573730053523518883904173811341165673229478261", "price": "0.95", "size": "1600", "side": "SELL", "hash": "35b8e790b7ed00aa9445e1713a896186034a23f0", "best_bid": "0.6", "best_ask": "0.65"}], "timestamp": "1769384102002", "event_type": "price_change"}}
{"_local_timestamp": "2026-01-25T23:35:09.331327+00:00", "data": {"market": "0x56b02b1d3277c1915ff4fae05330af968a429dab9afa524047c917d8e13e4839", "price_changes": [{"asset_id": "44544326390958014931866948058435573730053523518883904173811341165673229478261", "price": "0.27", "size": "50", "side": "BUY", "hash": "6012b43bdd5c9c0ca3c035e7c8ec11749b724f94", "best_bid": "0.6", "best_ask": "0.65"}, {"asset_id": "101171206202347977527077820781417990604757094081077280938327859617063855343393", "price": "0.73", "size": "50", "side": "SELL", "hash": "9f09fce601e2d0ff2fd562458c356d7a6866b4a6", "best_bid": "0.35", "best_ask": "0.4"}], "timestamp": "1769384109256", "event_type": "price_change"}}
{"_local_timestamp": "2026-01-25T23:35:09.457806+00:00", "data": {"market": "0x56b02b1d3277c1915ff4fae05330af968a429dab9afa524047c917d8e13e4839", "price_changes": [{"asset_id": "44544326390958014931866948058435573730053523518883904173811341165673229478261", "price": "0.22", "size": "10", "side": "BUY", "hash": "9c68c2e0dbd9d7a4e67ea26e65196b2c87ed7507", "best_bid": "0.6", "best_ask": "0.65"}, {"asset_id": "101171206202347977527077820781417990604757094081077280938327859617063855343393", "price": "0.78", "size": "10", "side": "SELL", "hash": "c88cc0ce8944699f18cd7717c4e7a39decbdb47b", "best_bid": "0.35", "best_ask": "0.4"}], "timestamp": "1769384109377", "event_type": "price_change"}}
{"_local_timestamp": "2026-01-25T23:35:09.534584+00:00", "data": {"market": "0x56b02b1d3277c1915ff4fae05330af968a429dab9afa524047c917d8e13e4839", "price_changes": [{"asset_id": "101171206202347977527077820781417990604757094081077280938327859617063855343393", "price": "0.26", "size": "0", "side": "BUY", "hash": "530cf12d235634fdad54971755cafae4b7759db2", "best_bid": "0.35", "best_ask": "0.4"}, {"asset_id": "44544326390958014931866948058435573730053523518883904173811341165673229478261", "price": "0.74", "size": "0", "side": "SELL", "hash": "ab30bbe9de2bbdfaacfc379d430a19165b3df254", "best_bid": "0.6", "best_ask": "0.65"}], "timestamp": "1769384109459", "event_type": "price_change"}}
{"_local_timestamp": "2026-01-25T23:35:09.635246+00:00", "data": {"market": "0x56b02b1d3277c1915ff4fae05330af968a429dab9afa524047c917d8e13e4839", "price_changes": [{"asset_id": "101171206202347977527077820781417990604757094081077280938327859617063855343393", "price": "0.25", "size": "20", "side": "BUY", "hash": "beb19e0e357ac443be4e59ddd1f4016444c4b1f4", "best_bid": "0.35", "best_ask": "0.4"}, {"asset_id": "44544326390958014931866948058435573730053523518883904173811341165673229478261", "price": "0.75", "size": "20", "side": "SELL", "hash": "3c6d03c8bf879a5bce8a748c0e296c199475805d", "best_bid": "0.6", "best_ask": "0.65"}], "timestamp": "1769384109559", "event_type": "price_change"}}
{"_local_timestamp": "2026-01-25T23:35:10.406304+00:00", "data": {"market": "0x207a00a7fcdea8e8cee67016a260585b3e698ff71bd1fdb3688a41f2761d6d13", "price_changes": [{"asset_id": "91288805682314771784494042291787951028641376405868960025459858385324923664023", "price": "0.09", "size": "65", "side": "SELL", "hash": "ea0f8bb1a58a9d2a7105efec993eaffd41faf3e9", "best_bid": "0.05", "best_ask": "0.06"}, {"asset_id": "69372913087784768686682442725655235765030003893359588698205860835202848025216", "price": "0.91", "size": "65", "side": "BUY", "hash": "8cfd93badd069630cf3eda972dda0a0c8f61edc3", "best_bid": "0.94", "best_ask": "0.95"}], "timestamp": "1769384110330", "event_type": "price_change"}}
