{"_local_timestamp": "2026-01-25T23:41:03.254433+00:00", "data": [{"market": "0xb0f887e6ee72f9fdfe3261a99d43eba27bbd1c33779562b6199de0074b012743", "asset_id": "12242703870294709420573887154689836784564876885228679779854588956336168517358", "timestamp": "1769377730518", "hash": "5fde30921679ff156b05bfc0c64aa9d7c3ba5d8e", "bids": [{"price": "0.01", "size": "173"}, {"price": "0.02", "size": "90"}, {"price": "0.04", "size": "37"}, {"price": "0.86", "size": "13"}], "asks": [{"price": "0.99", "size": "203"}, {"price": "0.96", "size": "37"}], "event_type": "book", "last_trade_price": ""}, {"market": "0x3c08d4e0302884b475e0bf86e545b991aac8b779a5eec27f5c971ff11b883781", "asset_id": "8017924076470134377623121041049481755211191933258393839649134183655544334216", "timestamp": "1769381899994", "hash": "64c094246d6e3e3a593040cfbc5ea9e3ca927ebe", "bids": [{"price": "0.01", "size": "173"}, {"price": "0.04", "size": "37"}, {"price": "0.05", "size": "18"}, {"price": "0.19", "size": "68.42"}, {"price": "0.2", "size": "55"}, {"price": "0.48", "size": "13"}], "asks": [{"price": "0.99", "size": "173"}, {"price": "0.96", "size": "37"}, {"price": "0.91", "size": "144.44"}, {"price": "0.9", "size": "182"}, {"price": "0.86", "size": "13"}], "event_type": "book", "last_trade_price": ""}, {"market": "0xff4ee24ea1813ce00d0f30bfff2a5c99884f5c8817e00acc2bfdb760b97612f5", "asset_id": "40384362957374176552921584347245698321676602038441692078819744130686094566251", "timestamp": "1769382484881", "hash": "fe1f21bce0e82de42d9d373fa177d107576e380d", "bids": [{"price": "0.01", "size": "173"}, {"price": "0.03", "size": "5"}, {"price": "0.04", "size": "37"}, {"price": "0.21", "size": "61.9"}, {"price": "0.22", "size": "50"}, {"price": "0.78", "size": "13"}, {"price": "0.79", "size": "7.25"}, {"price": "0.8", "size": "29.98"}], "asks": [{"price": "0.99", "size": "523"}, {"price": "0.98", "size": "439.69"}], "event_type": "book", "last_trade_price": "0.020"}, {"market": "0x8126411ed030fcdb17bde633694b201a65a1015fdbef7aa3f81ddbd4a05bd473", "asset_id": "19383026070933596686908009384293417818798599321568103019934767623582600736905", "timestamp": "1769382484884", "hash": "387295b53bd8710e450e056f500b66a940720735", "bids": [{"price": "0.01", "size": "523"}, {"price": "0.02", "size": "439.69"}, {"price": "0.04", "size": "222"}, {"price": "0.05", "size": "30"}], "asks": [{"price": "0.99", "size": "173"}, {"price": "0.96", "size": "37"}, {"price": "0.94", "size": "47"}, {"price": "0.35", "size": "5.07"}, {"price": "0.34", "size": "19.69"}, {"price": "0.33", "size": "16.41"}, {"price": "0.19", "size": "8"}], "event_type": "book", "last_trade_price": "0.020"}, {"market": "0xd80b97312841a41e2d532eb5687d966e6a6e188a7d06a1d100c79bf8e12bd6a2", "asset_id": "73060279127016510641120817909964812855580247135661711378176638818357301235177", "timestamp": "1769377732687", "hash": "b31ce6ea7e9808f9ae00d1d56d06a3275b8e9cf2", "bids": [{"price": "0.01", "size": "123"}, {"price": "0.02", "size": "65"}, {"price": "0.04", "size": "48.1"}, {"price": "0.09", "size": "11.11"}], "asks": [{"price": "0.99", "size": "173"}, {"price": "0.98", "size": "90"}, {"price": "0.96", "size": "37"}, {"price": "0.19", "size": "13"}], "event_type": "book", "last_trade_price": ""}, {"market": "0x666e1e2e8c5ca628842dfc7230ff6f053ef140f41dd3a09404eaa754d144bee5", "asset_id": "30091116827026879535420128844868123171436910530860869681148682687653366820977", "timestamp": "1769377730517", "hash": "dd7418179f108c01ecf2882858fcf263fe0e02bf", "bids": [{"price": "0.01", "size": "173"}, {"price": "0.02", "size": "91"}, {"price": "0.04", "size": "37"}, {"price": "0.81", "size": "13"}], "asks": [{"price": "0.99", "size": "123"}, {"price": "0.96", "size": "37"}, {"price": "0.91", "size": "11.11"}], "event_type": "book", "last_trade_price": ""}, {"market": "0x3c08d4e0302884b475e0bf86e545b991aac8b779a5eec27f5c971ff11b883781", "asset_id": "48678662032275406301264072832587369419955645197259513603114264456377387815110", "timestamp": "1769381899994", "hash": "046c9aa7d068c1b2b50e1a67a14470f26f76ff91", "bids": [{"price": "0.01", "size": "173"}, {"price": "0.04", "size": "37"}, {"price": "0.09", "size": "144.44"}, {"price": "0.1", "size": "182"}, {"price": "0.14", "size": "13"}], "asks": [{"price": "0.99", "size": "173"}, {"price": "0.96", "size": "37"}, {"price": "0.95", "size": "18"}, {"price": "0.81", "size": "68.42"}, {"price": "0.8", "size": "55"}, {"price": "0.52", "size": "13"}], "event_type": "book", "last_trade_price": ""}, {"market": "0xe59c2fe5516c888cccc2b1203ac1e8193b6623fa3bd2b330e8beb49e36758f6f", "asset_id": "71647007276118548135021302794532432054061122345489138805378535589481450630265", "timestamp": "1769377732687", "hash": "521a8a147c57a3adae18ac6dcf893fc99220fb92", "bids": [{"price": "0.01", "size": "123"}, {"price": "0.02", "size": "65"}, {"price": "0.04", "size": "49.9"}], "asks": [{"price": "0.99", "size": "173"}, {"price": "0.98", "size": "90"}, {"price": "0.96", "size": "37"}, {"price": "0.17", "size": "13"}], "event_type": "book", "last_trade_price": ""}, {"market": "0x6d5f9d021be9d1f763861ff4cc4c437c47f4a82483c0a34e89dd4e0993e1c313", "asset_id": "16245281932681412572955816317461584962540517522413312300754603189258798057688", "timestamp": "1769377732687", "hash": "eff936382b7d68c47e2de913b086a3c82c98a69e", "bids": [{"price": "0.01", "size": "173"}, {"price": "0.02", "size": "90"}, {"price": "0.04", "size": "37"}, {"price": "0.81", "size": "13"}], "asks": [{"price": "0.99", "size": "123"}, {"price": "0.96", "size": "37"}, {"price": "0.91", "size": "11.11"}], "event_type": "book", "last_trade_price": ""}, {"market": "0xff4ee24ea1813ce00d0f30bfff2a5c99884f5c8817e00acc2bfdb760b97612f5", "asset_id": "8988162310791795053641824954674546840772397938810562817701108569441346011142", "timestamp": "1769382484881", "hash": "f7824c7e30fc85d7bef5b43634f261faf188ef59", "bids": [{"price": "0.01", "size": "523"}, {"price": "0.02", "size": "439.69"}], "asks": [{"price": "0.99", "size": "173"}, {"price": "0.97", "size": "5"}, {"price": "0.96", "size": "37"}, {"price": "0.79", "size": "61.9"}, {"price": "0.78", "size": "50"}, {"price": "0.22", "size": "13"}, {"price": "0.21", "size": "7.25"}, {"price": "0.2", "size": "29.98"}], "event_type": "book", "last_trade_price": "0.020"}, {"market": "0xe59c2fe5516c888cccc2b1203ac1e8193b6623fa3bd2b330e8beb49e36758f6f", "asset_id": "21102573442322281517715196020233038992662649737353598656152803282902491481187", "timestamp": "1769377732687", "hash": "6f5f28c64163ba350ad4cbd97e0cbde1fc3a8b08", "bids": [{"price": "0.01", "size": "173"}, {"price": "0.02", "size": "90"}, {"price": "0.04", "size": "37"}, {"price": "0.83", "size": "13"}], "asks": [{"price": "0.99", "size": "123"}, {"price": "0.98", "size": "65"}, {"price": "0.96", "size": "49.9"}], "event_type": "book", "last_trade_price": ""}, {"market": "0xbd7d50636a1b91c026844ef8cd27c740d4f8f9c5e0c953619e631ae99142df6b", "asset_id": "89912440179320671036699599450897731688369281314664624736302033754646177325316", "timestamp": "1769384417134", "hash": "8912dae48c0e8160428d41076d0dcd26376968c5", "bids": [{"price": "0.001", "size": "3921.22"}, {"price": "0.002", "size": "27.22"}, {"price": "0.01", "size": "173"}, {"price": "0.011", "size": "200"}, {"price": "0.04", "size": "37"}, {"price": "0.053", "size": "245.28"}, {"price": "0.055", "size": "161"}, {"price": "0.056", "size": "45"}, {"price": "0.64", "size": "13"}], "asks": [{"price": "0.999", "size": "4910.99"}, {"price": "0.998", "size": "13.24"}, {"price": "0.997", "size": "7"}, {"price": "0.99", "size": "123"}, {"price": "0.989", "size": "237.13"}], "event_type": "book", "last_trade_price": "0.037"}, {"market": "0x3b17f46ee7a4b125de7b7cb648002fb73b020f05e04b5aca14ab1047baeaf6bb", "asset_id": "13174351239249454922900652075134477489868834254103395251716190985030245364061", "timestamp": "1769381928389", "hash": "b7bfa8da2ba2db7cac87d9c5cbd8b751fbec0936", "bids": [{"price": "0.01", "size": "203"}, {"price": "0.02", "size": "59.99"}], "asks": [{"price": "0.99", "size": "173"}, {"price": "0.98", "size": "250"}, {"price": "0.96", "size": "33.86"}, {"price": "0.95", "size": "5"}, {"price": "0.94", "size": "40.26"}], "event_type": "book", "last_trade_price": "0.020"}, {"market": "0xc6c9345e0bb7f8b243b8dbf5ddfbf3d7a30ea16f0e2ff53c39a341cf59c05049", "asset_id": "26831703044546465142631691322915893641744593471677003722520140143924156224174", "timestamp": "1769382484886", "hash": "46d8cb8a908daff630545620a7603ca90081321b", "bids": [{"price": "0.01", "size": "123"}, {"price": "0.04", "size": "28.39"}, {"price": "0.16", "size": "6.45"}], "asks": [{"price": "0.99", "size": "173"}, {"price": "0.98", "size": "90"}, {"price": "0.96", "size": "28.38"}, {"price": "0.26", "size": "13"}], "event_type": "book", "last_trade_price": ""}, {"market": "0xd80b97312841a41e2d532eb5687d966e6a6e188a7d06a1d100c79bf8e12bd6a2", "asset_id": "37507416914604767846144724837624412408352849252981192752314674911101315857686", "timestamp": "1769377732687", "hash": "f8493663cca18186361eb753067c70e5d338ae34", "bids": [{"price": "0.01", "size": "173"}, {"price": "0.02", "size": "90"}, {"price": "0.04", "size": "37"}, {"price": "0.81", "size": "13"}], "asks": [{"price": "0.99", "size": "123"}, {"price": "0.98", "size": "65"}, {"price": "0.96", "size": "48.1"}, {"price": "0.91", "size": "11.11"}], "event_type": "book", "last_trade_price": ""}, {"market": "0xbd7d50636a1b91c026844ef8cd27c740d4f8f9c5e0c953619e631ae99142df6b", "asset_id": "19011331617050125407588791844194858933771006326266515981210301314312650669439", "timestamp": "1769384417134", "hash": "52b1658c479374dc5935d86f2f679944a9921e41", "bids": [{"price": "0.001", "size": "4910.99"}, {"price": "0.002", "size": "13.24"}, {"price": "0.003", "size": "7"}, {"price": "0.01", "size": "123"}, {"price": "0.011", "size": "237.13"}], "asks": [{"price": "0.999", "size": "3921.22"}, {"price": "0.998", "size": "27.22"}, {"price": "0.99", "size": "173"}, {"price": "0.989", "size": "200"}, {"price": "0.96", "size": "37"}, {"price": "0.947", "size": "245.28"}, {"price": "0.945", "size": "161"}, {"price": "0.944", "size": "45"}, {"price": "0.36", "size": "13"}], "event_type": "book", "last_trade_price": "0.037"}, {"market": "0x3b17f46ee7a4b125de7b7cb648002fb73b020f05e04b5aca14ab1047baeaf6bb", "asset_id": "80469790237190004284930847585649408955285205428074087618821854926150034160820", "timestamp": "1769381928389", "hash": "5179dab2ae3ee25386e26526da781908549e72d5", "bids": [{"price": "0.01", "size": "173"}, {"price": "0.02", "size": "250"}, {"price": "0.04", "size": "33.86"}, {"price": "0.05", "size": "5"}, {"price": "0.06", "size": "40.26"}], "asks": [{"price": "0.99", "size": "203"}, {"price": "0.98", "size": "59.99"}], "event_type": "book", "last_trade_price": "0.020"}, {"market": "0x8126411ed030fcdb17bde633694b201a65a1015fdbef7aa3f81ddbd4a05bd473", "asset_id": "21850704091570257286101735617826011462314671931258165828189687344365176999190", "timestamp": "1769382484884", "hash": "ca4413d406f1ff2c453953283598b2adf2f36640", "bids": [{"price": "0.01", "size": "173"}, {"price": "0.04", "size": "37"}, {"price": "0.06", "size": "47"}, {"price": "0.65", "size": "5.07"}, {"price": "0.66", "size": "19.69"}, {"price": "0.67", "size": "16.41"}, {"price": "0.81", "size": "8"}], "asks": [{"price": "0.99", "size": "523"}, {"price": "0.98", "size": "439.69"}, {"price": "0.96", "size": "222"}, {"price": "0.95", "size": "30"}], "event_type": "book", "last_trade_price": "0.020"}, {"market": "0x666e1e2e8c5ca628842dfc7230ff6f053ef140f41dd3a09404eaa754d144bee5", "asset_id": "80891254775794986375877244814523054188652279149614010699770917685838593947373", "timestamp": "1769377730517", "hash": "0a4718245ef0bd7088383a00fdb59c0f18a84cc1", "bids": [{"price": "0.01", "size": "123"}, {"price": "0.04", "size": "37"}, {"price": "0.09", "size": "11.11"}], "asks": [{"price": "0.99", "size": "173"}, {"price": "0.98", "size": "91"}, {"price": "0.96", "size": "37"}, {"price": "0.19", "size": "13"}], "event_type": "book", "last_trade_price": ""}, {"market": "0xb0f887e6ee72f9fdfe3261a99d43eba27bbd1c33779562b6199de0074b012743", "asset_id": "94462188524927402488048157587090597963530808871813339312107027707081439786737", "timestamp": "1769377730518", "hash": "2fa31169225b3f3ff55f0ddbc132cf6dfbe329ec", "bids": [{"price": "0.01", "size": "203"}, {"price": "0.04", "size": "37"}], "asks": [{"price": "0.99", "size": "173"}, {"price": "0.98", "size": "90"}, {"price": "0.96", "size": "37"}, {"price": "0.14", "size": "13"}], "event_type": "book", "last_trade_price": ""}, {"market": "0x6d5f9d021be9d1f763861ff4cc4c437c47f4a82483c0a34e89dd4e0993e1c313", "asset_id": "102744291685248296807195391688550871685097226225034380997583442887263626830965", "timestamp": "1769377732687", "hash": "29ba96f5cc54f0a526b2d02453eab4323dbbd04e", "bids": [{"price": "0.01", "size": "123"}, {"price": "0.04", "size": "37"}, {"price": "0.09", "size": "11.11"}], "asks": [{"price": "0.99", "size": "173"}, {"price": "0.98", "size": "90"}, {"price": "0.96", "size": "37"}, {"price": "0.19", "size": "13"}], "event_type": "book", "last_trade_price": ""}, {"market": "0xc6c9345e0bb7f8b243b8dbf5ddfbf3d7a30ea16f0e2ff53c39a341cf59c05049", "asset_id": "97123056759645650445924491464140022520098482387960944058275915371906139708385", "timestamp": "1769382484886", "hash": "9357f478ae1595125f0a6a60553591adf79f8396", "bids": [{"price": "0.01", "size": "173"}, {"price": "0.02", "size": "90"}, {"price": "0.04", "size": "28.38"}, {"price": "0.74", "size": "13"}], "asks": [{"price": "0.99", "size": "123"}, {"price": "0.96", "size": "28.39"}, {"price": "0.84", "size": "6.45"}], "event_type": "book", "last_trade_price": ""}]}
{"_local_timestamp": "2026-01-25T23:42:12.869234+00:00", "data": {"market": "0xbd7d50636a1b91c026844ef8cd27c740d4f8f9c5e0c953619e631ae99142df6b", "price_changes": [{"asset_id": "19011331617050125407588791844194858933771006326266515981210301314312650669439", "price": "0.002", "size": "0", "side": "BUY", "hash": "28c551e6c24ff7f31016f21ba9fd4da38c941c44", "best_bid": "0.011", "best_ask": "0.36"}, {"asset_id": "89912440179320671036699599450897731688369281314664624736302033754646177325316", "price": "0.998", "size": "0", "side": "SELL", "hash": "e24c50351685c57092bbfe7dad4914f730be68a4", "best_bid": "0.64", "best_ask": "0.989"}], "timestamp": "1769384532804", "event_type": "price_change"}}
{"_local_timestamp": "2026-01-25T23:42:15.535780+00:00", "data": {"market": "0xbd7d50636a1b91c026844ef8cd27c740d4f8f9c5e0c953619e631ae99142df6b", "price_changes": [{"asset_id": "19011331617050125407588791844194858933771006326266515981210301314312650669439", "price": "0.002", "size": "12.74", "side": "BUY", "hash": "b1162731b201c6099bc2107229cf0af101960c32", "best_bid": "0.011", "best_ask": "0.36"}, {"asset_id": "89912440179320671036699599450897731688369281314664624736302033754646177325316", "price": "0.998", "size": "12.74", "side": "SELL", "hash": "4a023157a49d13ef848477bbe04b67a7773d8393", "best_bid": "0.64", "best_ask": "0.989"}], "timestamp": "1769384535439", "event_type": "price_change"}}
