{"_local_timestamp": "2026-01-25T23:33:26.427316+00:00", "data": [{"market": "0xe67879a36008b701024eb819715dea3c8be32dc236192498d79b6d4f20a93f3c", "asset_id": "7641740986403762762677902062536600471618959670826270437240194346944113157267", "timestamp": "1769383921293", "hash": "6ba31af574bc79ace3ac92251d5e571444d9a40f", "bids": [{"price": "0.001", "size": "9174.99"}, {"price": "0.002", "size": "30.15"}, {"price": "0.003", "size": "82"}, {"price": "0.004", "size": "67.43"}, {"price": "0.01", "size": "609.97"}, {"price": "0.011", "size": "455.58"}, {"price": "0.013", "size": "6.79"}, {"price": "0.015", "size": "120"}, {"price": "0.016", "size": "14.56"}, {"price": "0.02", "size": "100"}, {"price": "0.022", "size": "8.79"}, {"price": "0.023", "size": "73.69"}], "asks": [{"price": "0.999", "size": "10885.1"}, {"price": "0.998", "size": "1255.08"}, {"price": "0.997", "size": "1000"}, {"price": "0.996", "size": "20.58"}, {"price": "0.99", "size": "5950"}, {"price": "0.98", "size": "2000"}, {"price": "0.979", "size": "14.54"}, {"price": "0.95", "size": "330"}, {"price": "0.94", "size": "33"}, {"price": "0.93", "size": "300"}, {"price": "0.9", "size": "560"}, {"price": "0.899", "size": "5.9"}, {"price": "0.85", "size": "751.66"}, {"price": "0.8", "size": "460"}, {"price": "0.75", "size": "262"}, {"price": "0.73", "size": "50"}, {"price": "0.71", "size": "89.65"}, {"price": "0.66", "size": "120.58"}, {"price": "0.61", "size": "51.28"}, {"price": "0.589", "size": "5"}, {"price": "0.587", "size": "3945"}, {"price": "0.586", "size": "360"}, {"price": "0.36", "size": "55"}, {"price": "0.28", "size": "50"}, {"price": "0.23", "size": "200"}, {"price": "0.13", "size": "10"}, {"price": "0.12", "size": "49.99"}, {"price": "0.094", "size": "149.47"}, {"price": "0.09", "size": "500"}, {"price": "0.089", "size": "123.5"}, {"price": "0.08", "size": "200"}, {"price": "0.07", "size": "200"}, {"price": "0.069", "size": "47.14"}, {"price": "0.06", "size": "200"}, {"price": "0.059", "size": "85"}, {"price": "0.045", "size": "73.95"}, {"price": "0.043", "size": "206"}, {"price": "0.042", "size": "120"}, {"price": "0.041", "size": "50"}, {"price": "0.04", "size": "10.6"}, {"price": "0.031", "size": "16.2"}], "event_type": "book", "last_trade_price": "0.031"}, {"market": "0xe67879a36008b701024eb819715dea3c8be32dc236192498d79b6d4f20a93f3c", "asset_id": "102925662463385705177299118939076996634383890167821072341883085191718293791853", "timestamp": "1769383921293", "hash": "047e369d45852ab1c1ae21c691b59c0954dc10ea", "bids": [{"price": "0.001", "size": "10885.1"}, {"price": "0.002", "size": "1255.08"}, {"price": "0.003", "size": "1000"}, {"price": "0.004", "size": "20.58"}, {"price": "0.01", "size": "5950"}, {"price": "0.02", "size": "2000"}, {"price": "0.021", "size": "14.54"}, {"price": "0.05", "size": "330"}, {"price": "0.06", "size": "33"}, {"price": "0.07", "size": "300"}, {"price": "0.1", "size": "560"}, {"price": "0.101", "size": "5.9"}, {"price": "0.15", "size": "751.66"}, {"price": "0.2", "size": "460"}, {"price": "0.25", "size": "262"}, {"price": "0.27", "size": "50"}, {"price": "0.29", "size": "89.65"}, {"price": "0.34", "size": "120.58"}, {"price": "0.39", "size": "51.28"}, {"price": "0.411", "size": "5"}, {"price": "0.413", "size": "3945"}, {"price": "0.414", "size": "360"}, {"price": "0.64", "size": "55"}, {"price": "0.72", "size": "50"}, {"price": "0.77", "size": "200"}, {"price": "0.87", "size": "10"}, {"price": "0.88", "size": "49.99"}, {"price": "0.906", "size": "149.47"}, {"price": "0.91", "size": "500"}, {"price": "0.911", "size": "123.5"}, {"price": "0.92", "size": "200"}, {"price": "0.93", "size": "200"}, {"price": "0.931", "size": "47.14"}, {"price": "0.94", "size": "200"}, {"price": "0.941", "size": "85"}, {"price": "0.955", "size": "73.95"}, {"price": "0.957", "size": "206"}, {"price": "0.958", "size": "120"}, {"price": "0.959", "size": "50"}, {"price": "0.96", "size": "10.6"}, {"price": "0.969", "size": "16.2"}], "asks": [{"price": "0.999", "size": "9174.99"}, {"price": "0.998", "size": "30.15"}, {"price": "0.997", "size": "82"}, {"price": "0.996", "size": "67.43"}, {"price": "0.99", "size": "609.97"}, {"price": "0.989", "size": "455.58"}, {"price": "0.987", "size": "6.79"}, {"price": "0.985", "size": "120"}, {"price": "0.984", "size": "14.56"}, {"price": "0.98", "size": "100"}, {"price": "0.978", "size": "8.79"}, {"price": "0.977", "size": "73.69"}], "event_type": "book", "last_trade_price": "0.031"}]}
{"_local_timestamp": "2026-01-25T23:34:35.307641+00:00", "data": {"market": "0xe67879a36008b701024eb819715dea3c8be32dc236192498d79b6d4f20a93f3c", "price_changes": [{"asset_id": "7641740986403762762677902062536600471618959670826270437240194346944113157267", "price": "0.094", "size": "0", "side": "SELL", "hash": "b81cbd7ef2dec9c1e08ec77a11f33b29bd1b3f27", "best_bid": "0.023", "best_ask": "0.031"}, {"asset_id": "102925662463385705177299118939076996634383890167821072341883085191718293791853", "price": "0.906", "size": "0", "side": "BUY", "hash": "560c26626f3c16555a9bc929b5434fed9ee7270e", "best_bid": "0.969", "best_ask": "0.977"}], "timestamp": "1769384075241", "event_type": "price_change"}}
{"_local_timestamp": "2026-01-25T23:34:35.334148+00:00", "data": {"market": "0xe67879a36008b701024eb819715dea3c8be32dc236192498d79b6d4f20a93f3c", "price_changes": [{"asset_id": "7641740986403762762677902062536600471618959670826270437240194346944113157267", "price": "0.094", "size": "149.47", "side": "SELL", "hash": "85f40a32043f4c6f6aba6198ab393114746103a3", "best_bid": "0.023", "best_ask": "0.031"}, {"asset_id": "102925662463385705177299118939076996634383890167821072341883085191718293791853", "price": "0.906", "size": "149.47", "side": "BUY", "hash": "c4b3f03e692b11770b382da06e47a1c078e315d7", "best_bid": "0.969", "best_ask": "0.977"}], "timestamp": "1769384075269", "event_type": "price_change"}}
{"_local_timestamp": "2026-01-25T23:35:31.420886+00:00", "data": {"market": "0xe67879a36008b701024eb819715dea3c8be32dc236192498d79b6d4f20a93f3c", "price_changes": [{"asset_id": "7641740986403762762677902062536600471618959670826270437240194346944113157267", "price": "0.001", "size": "5514.99", "side": "BUY", "hash": "08aea8a8ce688a4137697a6d1c1cf60d9c45d04e", "best_bid": "0.023", "best_ask": "0.031"}, {"asset_id": "102925662463385705177299118939076996634383890167821072341883085191718293791853", "price": "0.999", "size": "5514.99", "side": "SELL", "hash": "eb585beaa4dfd25bf32785dffba1e48c15b2407b", "best_bid": "0.969", "best_ask": "0.977"}], "timestamp": "1769384131245", "event_type": "price_change"}}
{"_local_timestamp": "2026-01-25T23:36:31.645268+00:00", "data": {"market": "0xe67879a36008b701024eb819715dea3c8be32dc236192498d79b6d4f20a93f3c", "price_changes": [{"asset_id": "7641740986403762762677902062536600471618959670826270437240194346944113157267", "price": "0.001", "size": "9174.99", "side": "BUY", "hash": "3d663828b2d3a85f0fbd3d1c03fe6450c903c0d3", "best_bid": "0.023", "best_ask": "0.031"}, {"asset_id": "102925662463385705177299118939076996634383890167821072341883085191718293791853", "price": "0.999", "size": "9174.99", "side": "SELL", "hash": "5f83a0e8876ac4269dd09a24b2d1d3eb34608959", "best_bid": "0.969", "best_ask": "0.977"}], "timestamp": "1769384191574", "event_type": "price_change"}}
{"_local_timestamp": "2026-01-25T23:36:57.893487+00:00", "data": {"market": "0xe67879a36008b701024eb819715dea3c8be32dc236192498d79b6d4f20a93f3c", "price_changes": [{"asset_id": "7641740986403762762677902062536600471618959670826270437240194346944113157267", "price": "0.003", "size": "0", "side": "BUY", "hash": "e85b04edabcbc66028164eb257f7f74ea0dbd569", "best_bid": "0.023", "best_ask": "0.031"}, {"asset_id": "102925662463385705177299118939076996634383890167821072341883085191718293791853", "price": "0.997", "size": "0", "side": "SELL", "hash": "c40b3cc1730e56f126c8dc960d1970f7351e5218", "best_bid": "0.969", "best_ask": "0.977"}], "timestamp": "1769384217248", "event_type": "price_change"}}
{"_local_timestamp": "2026-01-25T23:37:01.641876+00:00", "data": {"market": "0xe67879a36008b701024eb819715dea3c8be32dc236192498d79b6d4f20a93f3c", "price_changes": [{"asset_id": "7641740986403762762677902062536600471618959670826270437240194346944113157267", "price": "0.004", "size": "0", "side": "BUY", "hash": "13ff79c741b8108217646513dc35e95eed8e6570", "best_bid": "0.023", "best_ask": "0.031"}, {"asset_id": "102925662463385705177299118939076996634383890167821072341883085191718293791853", "price": "0.996", "size": "0", "side": "SELL", "hash": "320c0561ca63960de5d7a2270871e3138616452c", "best_bid": "0.969", "best_ask": "0.977"}], "timestamp": "1769384221445", "event_type": "price_change"}}
{"_local_timestamp": "2026-01-25T23:37:01.642309+00:00", "data": {"market": "0xe67879a36008b701024eb819715dea3c8be32dc236192498d79b6d4f20a93f3c", "price_changes": [{"asset_id": "7641740986403762762677902062536600471618959670826270437240194346944113157267", "price": "0.013", "size": "0", "side": "BUY", "hash": "13ff79c741b8108217646513dc35e95eed8e6570", "best_bid": "0.023", "best_ask": "0.031"}, {"asset_id": "102925662463385705177299118939076996634383890167821072341883085191718293791853", "price": "0.987", "size": "0", "side": "SELL", "hash": "320c0561ca63960de5d7a2270871e3138616452c", "best_bid": "0.969", "best_ask": "0.977"}], "timestamp": "1769384221445", "event_type": "price_change"}}
{"_local_timestamp": "2026-01-25T23:37:01.979412+00:00", "data": {"market": "0xe67879a36008b701024eb819715dea3c8be32dc236192498d79b6d4f20a93f3c", "price_changes": [{"asset_id": "7641740986403762762677902062536600471618959670826270437240194346944113157267", "price": "0.012", "size": "9.84", "side": "BUY", "hash": "b548a3bfb08656d4ea7687eda845d2a9b9c67b12", "best_bid": "0.023", "best_ask": "0.031"}, {"asset_id": "102925662463385705177299118939076996634383890167821072341883085191718293791853", "price": "0.988", "size": "9.84", "side": "SELL", "hash": "8feb853f141db5a274a54b68708a7020f04c1f53", "best_bid": "0.969", "best_ask": "0.977"}], "timestamp": "1769384221791", "event_type": "price_change"}}
{"_local_timestamp": "2026-01-25T23:37:01.979878+00:00", "data": {"market": "0xe67879a36008b701024eb819715dea3c8be32dc236192498d79b6d4f20a93f3c", "price_changes": [{"asset_id": "7641740986403762762677902062536600471618959670826270437240194346944113157267", "price": "0.002", "size": "150.1", "side": "BUY", "hash": "9a68385ec814b1661bd6e5585b795cddc395ceb0", "best_bid": "0.023", "best_ask": "0.031"}, {"asset_id": "102925662463385705177299118939076996634383890167821072341883085191718293791853", "price": "0.998", "size": "150.1", "side": "SELL", "hash": "ca03ffa7804d8993dfa34acbff9dd04e1edd915d", "best_bid": "0.969", "best_ask": "0.977"}], "timestamp": "1769384221792", "event_type": "price_change"}}
{"_local_timestamp": "2026-01-25T23:37:12.193114+00:00", "data": {"market": "0xe67879a36008b701024eb819715dea3c8be32dc236192498d79b6d4f20a93f3c", "price_changes": [{"asset_id": "7641740986403762762677902062536600471618959670826270437240194346944113157267", "price": "0.012", "size": "236.84", "side": "BUY", "hash": "66a193f0de42c456d8f33879fe318ee58029f009", "best_bid": "0.023", "best_ask": "0.031"}, {"asset_id": "102925662463385705177299118939076996634383890167821072341883085191718293791853", "price": "0.988", "size": "236.84", "side": "SELL", "hash": "3c66ea0cb598f0f6b6ad4f4ddfe9c44cc07791a7", "best_bid": "0.969", "best_ask": "0.977"}], "timestamp": "1769384232124", "event_type": "price_change"}}
{"_local_timestamp": "2026-01-25T23:37:36.272163+00:00", "data": {"market": "0xe67879a36008b701024eb819715dea3c8be32dc236192498d79b6d4f20a93f3c", "price_changes": [{"asset_id": "7641740986403762762677902062536600471618959670826270437240194346944113157267", "price": "0.094", "size": "0", "side": "SELL", "hash": "02af1f5505152acb580ddac32d581a7f06df34b6", "best_bid": "0.023", "best_ask": "0.031"}, {"asset_id": "102925662463385705177299118939076996634383890167821072341883085191718293791853", "price": "0.906", "size": "0", "side": "BUY", "hash": "b73700db34cacdb3293468bb6011808cab29e2a4", "best_bid": "0.969", "best_ask": "0.977"}], "timestamp": "1769384256194", "event_type": "price_change"}}
{"_local_timestamp": "2026-01-25T23:37:36.291173+00:00", "data": {"market": "0xe67879a36008b701024eb819715dea3c8be32dc236192498d79b6d4f20a93f3c", "price_changes": [{"asset_id": "7641740986403762762677902062536600471618959670826270437240194346944113157267", "price": "0.094", "size": "149.47", "side": "SELL", "hash": "d462bd88ebc952eac098b16bd238a4aca6886078", "best_bid": "0.023", "best_ask": "0.031"}, {"asset_id": "102925662463385705177299118939076996634383890167821072341883085191718293791853", "price": "0.906", "size": "149.47", "side": "BUY", "hash": "e41e80d727faa3ca7a1d7a17f868d0e2d43dba4d", "best_bid": "0.969", "best_ask": "0.977"}], "timestamp": "1769384256221", "event_type": "price_change"}}
