{"_local_timestamp": "2026-01-25T23:34:09.038138+00:00", "data": [{"market": "0x997c9af4932c7521747872cc47ff48f8b25de77e4119c223abd39a9dcb1995d0", "asset_id": "106411063005263481327004901286135857173682677633159645291660836307215293494633", "timestamp": "1769384048788", "hash": "6c78cc98b7b0094b9fc8a9c08b86f6b3be028d64", "bids": [{"price": "0.001", "size": "130"}, {"price": "0.002", "size": "1013.77"}, {"price": "0.003", "size": "3510.77"}, {"price": "0.004", "size": "2609.13"}, {"price": "0.005", "size": "40.27"}, {"price": "0.01", "size": "2764.53"}, {"price": "0.011", "size": "350"}, {"price": "0.012", "size": "13"}, {"price": "0.017", "size": "19.2"}, {"price": "0.02", "size": "324.98"}, {"price": "0.021", "size": "499.5"}], "asks": [{"price": "0.999", "size": "2052.08"}, {"price": "0.998", "size": "5.05"}, {"price": "0.997", "size": "1000"}, {"price": "0.996", "size": "20.5"}, {"price": "0.99", "size": "4250"}, {"price": "0.98", "size": "1600"}, {"price": "0.979", "size": "14.47"}, {"price": "0.95", "size": "1600"}, {"price": "0.94", "size": "33"}, {"price": "0.92", "size": "200"}, {"price": "0.9", "size": "580"}, {"price": "0.899", "size": "2970"}, {"price": "0.898", "size": "5.87"}, {"price": "0.85", "size": "551.66"}, {"price": "0.8", "size": "410"}, {"price": "0.799", "size": "846"}, {"price": "0.76", "size": "116.66"}, {"price": "0.751", "size": "400"}, {"price": "0.75", "size": "1730"}, {"price": "0.73", "size": "50"}, {"price": "0.71", "size": "89.65"}, {"price": "0.66", "size": "70.58"}, {"price": "0.61", "size": "51.28"}, {"price": "0.607", "size": "1651"}, {"price": "0.606", "size": "5"}, {"price": "0.42", "size": "150"}, {"price": "0.41", "size": "20"}, {"price": "0.15", "size": "6"}, {"price": "0.13", "size": "100"}, {"price": "0.12", "size": "100"}, {"price": "0.11", "size": "300"}, {"price": "0.1", "size": "400"}, {"price": "0.09", "size": "100"}, {"price": "0.08", "size": "15"}, {"price": "0.06", "size": "130"}, {"price": "0.058", "size": "100"}, {"price": "0.057", "size": "200"}, {"price": "0.05", "size": "11.03"}, {"price": "0.04", "size": "250"}, {"price": "0.038", "size": "187.48"}, {"price": "0.037", "size": "109.19"}, {"price": "0.036", "size": "199.97"}, {"price": "0.035", "size": "543"}, {"price": "0.034", "size": "170.76"}, {"price": "0.033", "size": "43.5"}], "event_type": "book", "last_trade_price": "0.038"}, {"market": "0x997c9af4932c7521747872cc47ff48f8b25de77e4119c223abd39a9dcb1995d0", "asset_id": "106396966417057951569060810559007144920944647642220705670417093954955492126873", "timestamp": "1769384048788", "hash": "b1c2c869faa5f4bff078bbdcde0bd6d7839c083f", "bids": [{"price": "0.001", "size": "2052.08"}, {"price": "0.002", "size": "5.05"}, {"price": "0.003", "size": "1000"}, {"price": "0.004", "size": "20.5"}, {"price": "0.01", "size": "4250"}, {"price": "0.02", "size": "1600"}, {"price": "0.021", "size": "14.47"}, {"price": "0.05", "size": "1600"}, {"price": "0.06", "size": "33"}, {"price": "0.08", "size": "200"}, {"price": "0.1", "size": "580"}, {"price": "0.101", "size": "2970"}, {"price": "0.102", "size": "5.87"}, {"price": "0.15", "size": "551.66"}, {"price": "0.2", "size": "410"}, {"price": "0.201", "size": "846"}, {"price": "0.24", "size": "116.66"}, {"price": "0.249", "size": "400"}, {"price": "0.25", "size": "1730"}, {"price": "0.27", "size": "50"}, {"price": "0.29", "size": "89.65"}, {"price": "0.34", "size": "70.58"}, {"price": "0.39", "size": "51.28"}, {"price": "0.393", "size": "1651"}, {"price": "0.394", "size": "5"}, {"price": "0.58", "size": "150"}, {"price": "0.59", "size": "20"}, {"price": "0.85", "size": "6"}, {"price": "0.87", "size": "100"}, {"price": "0.88", "size": "100"}, {"price": "0.89", "size": "300"}, {"price": "0.9", "size": "400"}, {"price": "0.91", "size": "100"}, {"price": "0.92", "size": "15"}, {"price": "0.94", "size": "130"}, {"price": "0.942", "size": "100"}, {"price": "0.943", "size": "200"}, {"price": "0.95", "size": "11.03"}, {"price": "0.96", "size": "250"}, {"price": "0.962", "size": "187.48"}, {"price": "0.963", "size": "109.19"}, {"price": "0.964", "size": "199.97"}, {"price": "0.965", "size": "543"}, {"price": "0.966", "size": "170.76"}, {"price": "0.967", "size": "43.5"}], "asks": [{"price": "0.999", "size": "130"}, {"price": "0.998", "size": "1013.77"}, {"price": "0.997", "size": "3510.77"}, {"price": "0.996", "size": "2609.13"}, {"price": "0.995", "size": "40.27"}, {"price": "0.99", "size": "2764.53"}, {"price": "0.989", "size": "350"}, {"price": "0.988", "size": "13"}, {"price": "0.983", "size": "19.2"}, {"price": "0.98", "size": "324.98"}, {"price": "0.979", "size": "499.5"}], "event_type": "book", "last_trade_price": "0.038"}]}
{"_local_timestamp": "2026-01-25T23:34:09.176951+00:00", "data": {"market": "0x997c9af4932c7521747872cc47ff48f8b25de77e4119c223abd39a9dcb1995d0", "price_changes": [{"asset_id": "106396966417057951569060810559007144920944647642220705670417093954955492126873", "price": "0.96", "size": "375", "side": "BUY", "hash": "f219d28748f24929a6112456a67ac619186d4565", "best_bid": "0.967", "best_ask": "0.979"}, {"asset_id": "106411063005263481327004901286135857173682677633159645291660836307215293494633", "price": "0.04", "size": "375", "side": "SELL", "hash": "fd699ca67461dc56d606c8e5672ca805f75f4e09", "best_bid": "0.021", "best_ask": "0.033"}], "timestamp": "1769384049113", "event_type": "price_change"}}
{"_local_timestamp": "2026-01-25T23:34:09.363198+00:00", "data": {"market": "0x997c9af4932c7521747872cc47ff48f8b25de77e4119c223abd39a9dcb1995d0", "price_changes": [{"asset_id": "106396966417057951569060810559007144920944647642220705670417093954955492126873", "price": "0.96", "size": "250", "side": "BUY", "hash": "01acde943c1ae9fd3869050edfb5bb4e487c3dda", "best_bid": "0.967", "best_ask": "0.979"}, {"asset_id": "106411063005263481327004901286135857173682677633159645291660836307215293494633", "price": "0.04", "size": "250", "side": "SELL", "hash": "aa8b6c2c8751dc185c2ed4dc0af96e33765893f1", "best_bid": "0.021", "best_ask": "0.033"}], "timestamp": "1769384049299", "event_type": "price_change"}}
{"_local_timestamp": "2026-01-25T23:34:09.716347+00:00", "data": {"market": "0x997c9af4932c7521747872cc47ff48f8b25de77e4119c223abd39a9dcb1995d0", "price_changes": [{"asset_id": "106396966417057951569060810559007144920944647642220705670417093954955492126873", "price": "0.96", "size": "375", "side": "BUY", "hash": "643612fca9aafbb92f42c377c4f1711bdddf18c3", "best_bid": "0.967", "best_ask": "0.979"}, {"asset_id": "106411063005263481327004901286135857173682677633159645291660836307215293494633", "price": "0.04", "size": "375", "side": "SELL", "hash": "7c0440c1ea929a37b0b0d344c5e801bceba3954e", "best_bid": "0.021", "best_ask": "0.033"}], "timestamp": "1769384049649", "event_type": "price_change"}}
{"_local_timestamp": "2026-01-25T23:34:09.884554+00:00", "data": {"market": "0x997c9af4932c7521747872cc47ff48f8b25de77e4119c223abd39a9dcb1995d0", "price_changes": [{"asset_id": "106396966417057951569060810559007144920944647642220705670417093954955492126873", "price": "0.96", "size": "250", "side": "BUY", "hash": "199cb34002795d8b0173e3ec60bc6da931d11e32", "best_bid": "0.967", "best_ask": "0.979"}, {"asset_id": "106411063005263481327004901286135857173682677633159645291660836307215293494633", "price": "0.04", "size": "250", "side": "SELL", "hash": "5a4614402404e7cc388f2b06a4b34e2f90659d72", "best_bid": "0.021", "best_ask": "0.033"}], "timestamp": "1769384049817", "event_type": "price_change"}}
{"_local_timestamp": "2026-01-25T23:34:10.195806+00:00", "data": {"market": "0x997c9af4932c7521747872cc47ff48f8b25de77e4119c223abd39a9dcb1995d0", "price_changes": [{"asset_id": "106396966417057951569060810559007144920944647642220705670417093954955492126873", "price": "0.96", "size": "375", "side": "BUY", "hash": "9b3dfee0efceba411906360c318ce45c8c8912ca", "best_bid": "0.967", "best_ask": "0.979"}, {"asset_id": "106411063005263481327004901286135857173682677633159645291660836307215293494633", "price": "0.04", "size": "375", "side": "SELL", "hash": "a1d3aa465f078150be834fba45fcc652869bbc7e", "best_bid": "0.021", "best_ask": "0.033"}], "timestamp": "1769384050128", "event_type": "price_change"}}
{"_local_timestamp": "2026-01-25T23:34:10.391728+00:00", "data": {"market": "0x997c9af4932c7521747872cc47ff48f8b25de77e4119c223abd39a9dcb1995d0", "price_changes": [{"asset_id": "106396966417057951569060810559007144920944647642220705670417093954955492126873", "price": "0.96", "size": "250", "side": "BUY", "hash": "e930dd78ebe1e93bfa33a6885e13e049c8304022", "best_bid": "0.967", "best_ask": "0.979"}, {"asset_id": "106411063005263481327004901286135857173682677633159645291660836307215293494633", "price": "0.04", "size": "250", "side": "SELL", "hash": "ddb3e93dfeadaf21dd09988a3c2b4ff02225ef4e", "best_bid": "0.021", "best_ask": "0.033"}], "timestamp": "1769384050325", "event_type": "price_change"}}
{"_local_timestamp": "2026-01-25T23:34:10.713365+00:00", "data": {"market": "0x997c9af4932c7521747872cc47ff48f8b25de77e4119c223abd39a9dcb1995d0", "price_changes": [{"asset_id": "106396966417057951569060810559007144920944647642220705670417093954955492126873", "price": "0.96", "size": "375", "side": "BUY", "hash": "52e066b30b395a1a39519ecb2e77e4fd51abd5e4", "best_bid": "0.967", "best_ask": "0.979"}, {"asset_id": "106411063005263481327004901286135857173682677633159645291660836307215293494633", "price": "0.04", "size": "375", "side": "SELL", "hash": "7a5e7fb666a0d512f12d914481a33871fab64b3d", "best_bid": "0.021", "best_ask": "0.033"}], "timestamp": "1769384050645", "event_type": "price_change"}}
{"_local_timestamp": "2026-01-25T23:34:10.905019+00:00", "data": {"market": "0x997c9af4932c7521747872cc47ff48f8b25de77e4119c223abd39a9dcb1995d0", "price_changes": [{"asset_id": "106396966417057951569060810559007144920944647642220705670417093954955492126873", "price": "0.96", "size": "250", "side": "BUY", "hash": "64ea20993db1a15169cc02fc5096c7424be50f85", "best_bid": "0.967", "best_ask": "0.979"}, {"asset_id": "106411063005263481327004901286135857173682677633159645291660836307215293494633", "price": "0.04", "size": "250", "side": "SELL", "hash": "9320d4c686600628e7adf20cd4f5235583dec1ab", "best_bid": "0.021", "best_ask": "0.033"}], "timestamp": "1769384050832", "event_type": "price_change"}}
{"_local_timestamp": "2026-01-25T23:34:11.235733+00:00", "data": {"market": "0x997c9af4932c7521747872cc47ff48f8b25de77e4119c223abd39a9dcb1995d0", "price_changes": [{"asset_id": "106396966417057951569060810559007144920944647642220705670417093954955492126873", "price": "0.96", "size": "375", "side": "BUY", "hash": "4e38292687c7d1e53c33b7192ae8e50db92757cb", "best_bid": "0.967", "best_ask": "0.979"}, {"asset_id": "106411063005263481327004901286135857173682677633159645291660836307215293494633", "price": "0.04", "size": "375", "side": "SELL", "hash": "438f2a84c2a581e350648768fc6c4c6a5c103f3e", "best_bid": "0.021", "best_ask": "0.033"}], "timestamp": "1769384051146", "event_type": "price_change"}}
{"_local_timestamp": "2026-01-25T23:34:11.401296+00:00", "data": {"market": "0x997c9af4932c7521747872cc47ff48f8b25de77e4119c223abd39a9dcb1995d0", "price_changes": [{"asset_id": "106396966417057951569060810559007144920944647642220705670417093954955492126873", "price": "0.96", "size": "250", "side": "BUY", "hash": "46cb05b5e39a377ecb371474f02c59b3007f3730", "best_bid": "0.967", "best_ask": "0.979"}, {"asset_id": "106411063005263481327004901286135857173682677633159645291660836307215293494633", "price": "0.04", "size": "250", "side": "SELL", "hash": "def8eb4b050d0e8cad5ef4649d6cb1a7543820d9", "best_bid": "0.021", "best_ask": "0.033"}], "timestamp": "1769384051338", "event_type": "price_change"}}
{"_local_timestamp": "2026-01-25T23:34:11.719067+00:00", "data": {"market": "0x997c9af4932c7521747872cc47ff48f8b25de77e4119c223abd39a9dcb1995d0", "price_changes": [{"asset_id": "106396966417057951569060810559007144920944647642220705670417093954955492126873", "price": "0.96", "size": "375", "side": "BUY", "hash": "1b27ab0b85613265c870db1cb13189c8fb795b86", "best_bid": "0.967", "best_ask": "0.979"}, {"asset_id": "106411063005263481327004901286135857173682677633159645291660836307215293494633", "price": "0.04", "size": "375", "side": "SELL", "hash": "9599a9e365f477ce45ad2eafa3b381d92effbb74", "best_bid": "0.021", "best_ask": "0.033"}], "timestamp": "1769384051653", "event_type": "price_change"}}
{"_local_timestamp": "2026-01-25T23:34:11.917639+00:00", "data": {"market": "0x997c9af4932c7521747872cc47ff48f8b25de77e4119c223abd39a9dcb1995d0", "price_changes": [{"asset_id": "106396966417057951569060810559007144920944647642220705670417093954955492126873", "price": "0.96", "size": "250", "side": "BUY", "hash": "3f716e34f025379ba7067bbb31f5d08d833c256d", "best_bid": "0.967", "best_ask": "0.979"}, {"asset_id": "106411063005263481327004901286135857173682677633159645291660836307215293494633", "price": "0.04", "size": "250", "side": "SELL", "hash": "af286547d8e18b8300a82ae78fc04cc825a978e4", "best_bid": "0.021", "best_ask": "0.033"}], "timestamp": "1769384051844", "event_type": "price_change"}}
{"_local_timestamp": "2026-01-25T23:34:12.241116+00:00", "data": {"market": "0x997c9af4932c7521747872cc47ff48f8b25de77e4119c223abd39a9dcb1995d0", "price_changes": [{"asset_id": "106396966417057951569060810559007144920944647642220705670417093954955492126873", "price": "0.96", "size": "375", "side": "BUY", "hash": "cb7f1726cec9f88a25571fad9d5bd4969c56dcb1", "best_bid": "0.967", "best_ask": "0.979"}, {"asset_id": "106411063005263481327004901286135857173682677633159645291660836307215293494633", "price": "0.04", "size": "375", "side": "SELL", "hash": "094feaf7356746f169cfb173098ba25fe0d19fc8", "best_bid": "0.021", "best_ask": "0.033"}], "timestamp": "1769384052170", "event_type": "price_change"}}
{"_local_timestamp": "2026-01-25T23:34:12.412949+00:00", "data": {"market": "0x997c9af4932c7521747872cc47ff48f8b25de77e4119c223abd39a9dcb1995d0", "price_changes": [{"asset_id": "106396966417057951569060810559007144920944647642220705670417093954955492126873", "price": "0.96", "size": "250", "side": "BUY", "hash": "6768a6847352ad7045d168f6969df7e8fe0feeda", "best_bid": "0.967", "best_ask": "0.979"}, {"asset_id": "106411063005263481327004901286135857173682677633159645291660836307215293494633", "price": "0.04", "size": "250", "side": "SELL", "hash": "ace1c2ba8e7336a116d7262b7389fbf74279bbb4", "best_bid": "0.021", "best_ask": "0.033"}], "timestamp": "1769384052348", "event_type": "price_change"}}
{"_local_timestamp": "2026-01-25T23:34:12.740178+00:00", "data": {"market": "0x997c9af4932c7521747872cc47ff48f8b25de77e4119c223abd39a9dcb1995d0", "price_changes": [{"asset_id": "106396966417057951569060810559007144920944647642220705670417093954955492126873", "price": "0.96", "size": "375", "side": "BUY", "hash": "586a7760fe65ae59d419862a754cff60b370b572", "best_bid": "0.967", "best_ask": "0.979"}, {"asset_id": "106411063005263481327004901286135857173682677633159645291660836307215293494633", "price": "0.04", "size": "375", "side": "SELL", "hash": "5c10811e2605996ac584729bd4595c8caf635a98", "best_bid": "0.021", "best_ask": "0.033"}], "timestamp": "1769384052676", "event_type": "price_change"}}
{"_local_timestamp": "2026-01-25T23:34:13.031251+00:00", "data": {"market": "0x997c9af4932c7521747872cc47ff48f8b25de77e4119c223abd39a9dcb1995d0", "price_changes": [{"asset_id": "106396966417057951569060810559007144920944647642220705670417093954955492126873", "price": "0.96", "size": "250", "side": "BUY", "hash": "79936ccada2831e053bb4a4d51bfd6501318b983", "best_bid": "0.967", "best_ask": "0.979"}, {"asset_id": "106411063005263481327004901286135857173682677633159645291660836307215293494633", "price": "0.04", "size": "250", "side": "SELL", "hash": "b60853714547ff7c2fb37505d1525d5894f7248a", "best_bid": "0.021", "best_ask": "0.033"}], "timestamp": "1769384052866", "event_type": "price_change"}}
{"_local_timestamp": "2026-01-25T23:34:13.269966+00:00", "data": {"market": "0x997c9af4932c7521747872cc47ff48f8b25de77e4119c223abd39a9dcb1995d0", "price_changes": [{"asset_id": "106396966417057951569060810559007144920944647642220705670417093954955492126873", "price": "0.96", "size": "375", "side": "BUY", "hash": "c565c727ba599a88bff596ff9db3acff0b3fcfb0", "best_bid": "0.967", "best_ask": "0.979"}, {"asset_id": "106411063005263481327004901286135857173682677633159645291660836307215293494633", "price": "0.04", "size": "375", "side": "SELL", "hash": "a0993fb8d33659123a422bd1d6ac52e4378fc44d", "best_bid": "0.021", "best_ask": "0.033"}], "timestamp": "1769384053192", "event_type": "price_change"}}
{"_local_timestamp": "2026-01-25T23:34:13.551860+00:00", "data": {"market": "0x997c9af4932c7521747872cc47ff48f8b25de77e4119c223abd39a9dcb1995d0", "price_changes": [{"asset_id": "106396966417057951569060810559007144920944647642220705670417093954955492126873", "price": "0.96", "size": "250", "side": "BUY", "hash": "0f5cbec5995a271bb79248f4654482e3feaf97cf", "best_bid": "0.967", "best_ask": "0.979"}, {"asset_id": "106411063005263481327004901286135857173682677633159645291660836307215293494633", "price": "0.04", "size": "250", "side": "SELL", "hash": "14e115ed0206458499c535d53463a104144bf42e", "best_bid": "0.021", "best_ask": "0.033"}], "timestamp": "1769384053376", "event_type": "price_change"}}
{"_local_timestamp": "2026-01-25T23:34:13.761784+00:00", "data": {"market": "0x997c9af4932c7521747872cc47ff48f8b25de77e4119c223abd39a9dcb1995d0", "price_changes": [{"asset_id": "106396966417057951569060810559007144920944647642220705670417093954955492126873", "price": "0.96", "size": "375", "side": "BUY", "hash": "fb997324c06083c6e75f1389731e7a038437c177", "best_bid": "0.967", "best_ask": "0.979"}, {"asset_id": "106411063005263481327004901286135857173682677633159645291660836307215293494633", "price": "0.04", "size": "375", "side": "SELL", "hash": "6506223437d8a1225420c1cd9200533778554c86", "best_bid": "0.021", "best_ask": "0.033"}], "timestamp": "1769384053693", "event_type": "price_change"}}
{"_local_timestamp": "2026-01-25T23:34:13.951940+00:00", "data": {"market": "0x997c9af4932c7521747872cc47ff48f8b25de77e4119c223abd39a9dcb1995d0", "price_changes": [{"asset_id": "106396966417057951569060810559007144920944647642220705670417093954955492126873", "price": "0.96", "size": "250", "side": "BUY", "hash": "a24459da9213463e6109bf588bbfd68719435984", "best_bid": "0.967", "best_ask": "0.979"}, {"asset_id": "106411063005263481327004901286135857173682677633159645291660836307215293494633", "price": "0.04", "size": "250", "side": "SELL", "hash": "d33687ea3fdbbc86bf801c1ecd2030bc0f70e087", "best_bid": "0.021", "best_ask": "0.033"}], "timestamp": "1769384053885", "event_type": "price_change"}}
{"_local_timestamp": "2026-01-25T23:34:14.273816+00:00", "data": {"market": "0x997c9af4932c7521747872cc47ff48f8b25de77e4119c223abd39a9dcb1995d0", "price_changes": [{"asset_id": "106396966417057951569060810559007144920944647642220705670417093954955492126873", "price": "0.96", "size": "375", "side": "BUY", "hash": "ce194943bc383c4eb4d688357d1010832f84d38a", "best_bid": "0.967", "best_ask": "0.979"}, {"asset_id": "106411063005263481327004901286135857173682677633159645291660836307215293494633", "price": "0.04", "size": "375", "side": "SELL", "hash": "563d69c5c34f8508c5ba7df7731c07a47743423f", "best_bid": "0.021", "best_ask": "0.033"}], "timestamp": "1769384054207", "event_type": "price_change"}}
{"_local_timestamp": "2026-01-25T23:34:14.470728+00:00", "data": {"market": "0x997c9af4932c7521747872cc47ff48f8b25de77e4119c223abd39a9dcb1995d0", "price_changes": [{"asset_id": "106396966417057951569060810559007144920944647642220705670417093954955492126873", "price": "0.96", "size": "250", "side": "BUY", "hash": "d1a3618055e61a631835f930c4151d818888ab7a", "best_bid": "0.967", "best_ask": "0.979"}, {"asset_id": "106411063005263481327004901286135857173682677633159645291660836307215293494633", "price": "0.04", "size": "250", "side": "SELL", "hash": "fec517588b192820d71c709ecb35877c11e58f6b", "best_bid": "0.021", "best_ask": "0.033"}], "timestamp": "1769384054403", "event_type": "price_change"}}
{"_local_timestamp": "2026-01-25T23:34:14.790003+00:00", "data": {"market": "0x997c9af4932c7521747872cc47ff48f8b25de77e4119c223abd39a9dcb1995d0", "price_changes": [{"asset_id": "106396966417057951569060810559007144920944647642220705670417093954955492126873", "price": "0.96", "size": "375", "side": "BUY", "hash": "3f2f64c3f1571b3b26bfd812725945d2320299b6", "best_bid": "0.967", "best_ask": "0.979"}, {"asset_id": "106411063005263481327004901286135857173682677633159645291660836307215293494633", "price": "0.04", "size": "375", "side": "SELL", "hash": "aeefce90e34c16af163f9273baef8eac004b8298", "best_bid": "0.021", "best_ask": "0.033"}], "timestamp": "1769384054718", "event_type": "price_change"}}
{"_local_timestamp": "2026-01-25T23:34:14.965957+00:00", "data": {"market": "0x997c9af4932c7521747872cc47ff48f8b25de77e4119c223abd39a9dcb1995d0", "price_changes": [{"asset_id": "106396966417057951569060810559007144920944647642220705670417093954955492126873", "price": "0.96", "size": "250", "side": "BUY", "hash": "5f070089ccfbbc7f9e8b74401917e17e1a39e2e8", "best_bid": "0.967", "best_ask": "0.979"}, {"asset_id": "106411063005263481327004901286135857173682677633159645291660836307215293494633", "price": "0.04", "size": "250", "side": "SELL", "hash": "9bc164e538cdb32914faf940dce2f2b651a64b4c", "best_bid": "0.021", "best_ask": "0.033"}], "timestamp": "1769384054901", "event_type": "price_change"}}
{"_local_timestamp": "2026-01-25T23:34:15.289393+00:00", "data": {"market": "0x997c9af4932c7521747872cc47ff48f8b25de77e4119c223abd39a9dcb1995d0", "price_changes": [{"asset_id": "106396966417057951569060810559007144920944647642220705670417093954955492126873", "price": "0.96", "size": "375", "side": "BUY", "hash": "adf1db0600c43a35af05c6365ac1c65dc0c76e95", "best_bid": "0.967", "best_ask": "0.979"}, {"asset_id": "106411063005263481327004901286135857173682677633159645291660836307215293494633", "price": "0.04", "size": "375", "side": "SELL", "hash": "ed3419f54864dbac2437050475d559152db42039", "best_bid": "0.021", "best_ask": "0.033"}], "timestamp": "1769384055219", "event_type": "price_change"}}
{"_local_timestamp": "2026-01-25T23:34:15.486366+00:00", "data": {"market": "0x997c9af4932c7521747872cc47ff48f8b25de77e4119c223abd39a9dcb1995d0", "price_changes": [{"asset_id": "106396966417057951569060810559007144920944647642220705670417093954955492126873", "price": "0.96", "size": "250", "side": "BUY", "hash": "cfcc0fd51872a330b061419f500150a7c67f2d9b", "best_bid": "0.967", "best_ask": "0.979"}, {"asset_id": "106411063005263481327004901286135857173682677633159645291660836307215293494633", "price": "0.04", "size": "250", "side": "SELL", "hash": "58be7c8e5a00551952c614bc69a13e86818fbcb4", "best_bid": "0.021", "best_ask": "0.033"}], "timestamp": "1769384055420", "event_type": "price_change"}}
{"_local_timestamp": "2026-01-25T23:34:15.825283+00:00", "data": {"market": "0x997c9af4932c7521747872cc47ff48f8b25de77e4119c223abd39a9dcb1995d0", "price_changes": [{"asset_id": "106396966417057951569060810559007144920944647642220705670417093954955492126873", "price": "0.96", "size": "375", "side": "BUY", "hash": "2141ddbae4e1ac2ce95c53d16e214cd3957c3061", "best_bid": "0.967", "best_ask": "0.979"}, {"asset_id": "106411063005263481327004901286135857173682677633159645291660836307215293494633", "price": "0.04", "size": "375", "side": "SELL", "hash": "dfe70e54dc373f9f47a9b6c5377ce8b49bbb4fbf", "best_bid": "0.021", "best_ask": "0.033"}], "timestamp": "1769384055744", "event_type": "price_change"}}
{"_local_timestamp": "2026-01-25T23:34:15.990700+00:00", "data": {"market": "0x997c9af4932c7521747872cc47ff48f8b25de77e4119c223abd39a9dcb1995d0", "price_changes": [{"asset_id": "106396966417057951569060810559007144920944647642220705670417093954955492126873", "price": "0.96", "size": "250", "side": "BUY", "hash": "23950d4dcdfa8f8eb7be342235767714fa2d24ba", "best_bid": "0.967", "best_ask": "0.979"}, {"asset_id": "106411063005263481327004901286135857173682677633159645291660836307215293494633", "price": "0.04", "size": "250", "side": "SELL", "hash": "8f82c88ce6a5771b636f5c8e6bd7391124b982f6", "best_bid": "0.021", "best_ask": "0.033"}], "timestamp": "1769384055924", "event_type": "price_change"}}
{"_local_timestamp": "2026-01-25T23:34:16.317366+00:00", "data": {"market": "0x997c9af4932c7521747872cc47ff48f8b25de77e4119c223abd39a9dcb1995d0", "price_changes": [{"asset_id": "106396966417057951569060810559007144920944647642220705670417093954955492126873", "price": "0.96", "size": "375", "side": "BUY", "hash": "9b4f99f8f0076250f4a8e0fb056e075c84ee09e1", "best_bid": "0.967", "best_ask": "0.979"}, {"asset_id": "106411063005263481327004901286135857173682677633159645291660836307215293494633", "price": "0.04", "size": "375", "side": "SELL", "hash": "54e4873af81bc2e20239a5f2a9c892b021312882", "best_bid": "0.021", "best_ask": "0.033"}], "timestamp": "1769384056247", "event_type": "price_change"}}
{"_local_timestamp": "2026-01-25T23:34:16.514919+00:00", "data": {"market": "0x997c9af4932c7521747872cc47ff48f8b25de77e4119c223abd39a9dcb1995d0", "price_changes": [{"asset_id": "106396966417057951569060810559007144920944647642220705670417093954955492126873", "price": "0.96", "size": "250", "side": "BUY", "hash": "7b554cb4b6013fa68de2f3c5021b50cb7c97821e", "best_bid": "0.967", "best_ask": "0.979"}, {"asset_id": "106411063005263481327004901286135857173682677633159645291660836307215293494633", "price": "0.04", "size": "250", "side": "SELL", "hash": "9be9c82e77aecabc8462c9593b70cae97e460a9d", "best_bid": "0.021", "best_ask": "0.033"}], "timestamp": "1769384056440", "event_type": "price_change"}}
{"_local_timestamp": "2026-01-25T23:34:16.815913+00:00", "data": {"market": "0x997c9af4932c7521747872cc47ff48f8b25de77e4119c223abd39a9dcb1995d0", "price_changes": [{"asset_id": "106396966417057951569060810559007144920944647642220705670417093954955492126873", "price": "0.96", "size": "375", "side": "BUY", "hash": "fc8155ef79c409d8e152653752cc7c3d20959b5b", "best_bid": "0.967", "best_ask": "0.979"}, {"asset_id": "106411063005263481327004901286135857173682677633159645291660836307215293494633", "price": "0.04", "size": "375", "side": "SELL", "hash": "5bd0b5c36cfd95a9e2ec2b020d7daf1945d0ef03", "best_bid": "0.021", "best_ask": "0.033"}], "timestamp": "1769384056744", "event_type": "price_change"}}
{"_local_timestamp": "2026-01-25T23:34:17.001864+00:00", "data": {"market": "0x997c9af4932c7521747872cc47ff48f8b25de77e4119c223abd39a9dcb1995d0", "price_changes": [{"asset_id": "106396966417057951569060810559007144920944647642220705670417093954955492126873", "price": "0.96", "size": "250", "side": "BUY", "hash": "9d021177c4a0650a72d9edd2a7441569dc933c07", "best_bid": "0.967", "best_ask": "0.979"}, {"asset_id": "106411063005263481327004901286135857173682677633159645291660836307215293494633", "price": "0.04", "size": "250", "side": "SELL", "hash": "a38cb93921ff22a4b7271112749e80b268c854ac", "best_bid": "0.021", "best_ask": "0.033"}], "timestamp": "1769384056929", "event_type": "price_change"}}
{"_local_timestamp": "2026-01-25T23:34:17.318586+00:00", "data": {"market": "0x997c9af4932c7521747872cc47ff48f8b25de77e4119c223abd39a9dcb1995d0", "price_changes": [{"asset_id": "106396966417057951569060810559007144920944647642220705670417093954955492126873", "price": "0.96", "size": "375", "side": "BUY", "hash": "f1262c91a24bd7a2e290928cfdbfcc3897a34d44", "best_bid": "0.967", "best_ask": "0.979"}, {"asset_id": "106411063005263481327004901286135857173682677633159645291660836307215293494633", "price": "0.04", "size": "375", "side": "SELL", "hash": "e7b7cf210ca2feafbbc26ff151534e7f899434d0", "best_bid": "0.021", "best_ask": "0.033"}], "timestamp": "1769384057245", "event_type": "price_change"}}
{"_local_timestamp": "2026-01-25T23:34:17.518437+00:00", "data": {"market": "0x997c9af4932c7521747872cc47ff48f8b25de77e4119c223abd39a9dcb1995d0", "price_changes": [{"asset_id": "106396966417057951569060810559007144920944647642220705670417093954955492126873", "price": "0.96", "size": "250", "side": "BUY", "hash": "c28f0c7df9054460ca87c91d9424ea33a324f083", "best_bid": "0.967", "best_ask": "0.979"}, {"asset_id": "106411063005263481327004901286135857173682677633159645291660836307215293494633", "price": "0.04", "size": "250", "side": "SELL", "hash": "ae4e33b8870b2e556cb966e30dfae4ce8ab7f7f9", "best_bid": "0.021", "best_ask": "0.033"}], "timestamp": "1769384057441", "event_type": "price_change"}}
{"_local_timestamp": "2026-01-25T23:34:17.838365+00:00", "data": {"market": "0x997c9af4932c7521747872cc47ff48f8b25de77e4119c223abd39a9dcb1995d0", "price_changes": [{"asset_id": "106396966417057951569060810559007144920944647642220705670417093954955492126873", "price": "0.96", "size": "375", "side": "BUY", "hash": "cff78f0d2ba8de5f230fe14aa9657dcb70f69ccf", "best_bid": "0.967", "best_ask": "0.979"}, {"asset_id": "106411063005263481327004901286135857173682677633159645291660836307215293494633", "price": "0.04", "size": "375", "side": "SELL", "hash": "2a6e4f65eeba510cf32d2748c3183690b576bd9d", "best_bid": "0.021", "best_ask": "0.033"}], "timestamp": "1769384057760", "event_type": "price_change"}}
{"_local_timestamp": "2026-01-25T23:34:18.032727+00:00", "data": {"market": "0x997c9af4932c7521747872cc47ff48f8b25de77e4119c223abd39a9dcb1995d0", "price_changes": [{"asset_id": "106396966417057951569060810559007144920944647642220705670417093954955492126873", "price": "0.96", "size": "250", "side": "BUY", "hash": "7bdd51d2ad72dae02cdb9e49d8e316939ce8a384", "best_bid": "0.967", "best_ask": "0.979"}, {"asset_id": "106411063005263481327004901286135857173682677633159645291660836307215293494633", "price": "0.04", "size": "250", "side": "SELL", "hash": "b700a9a3a2ad11e49fb7cc13f093edc5330c76bf", "best_bid": "0.021", "best_ask": "0.033"}], "timestamp": "1769384057964", "event_type": "price_change"}}
