{"_local_timestamp": "2026-01-25T23:34:09.038138+00:00", "data": [{"market": "0x997c9af4932c7521747872cc47ff48f8b25de77e4119c223abd39a9dcb1995d0", "asset_id": "106411063005263481327004901286135857173682677633159645291660836307215293494633", "timestamp": "1769384048788", "hash": "6c78cc98b7b0094b9fc8a9c08b86f6b3be028d64", "bids": [{"price": "0.001", "size": "130"}, {"price": "0.002", "size": "1013.77"}, {"price": "0.003", "size": "3510.77"}, {"price": "0.004", "size": "2609.13"}, {"price": "0.005", "size": "40.27"}, {"price": "0.01", "size": "2764.53"}, {"price": "0.011", "size": "350"}, {"price": "0.012", "size": "13"}, {"price": "0.017", "size": "19.2"}, {"price": "0.02", "size": "324.98"}, {"price": "0.021", "size": "499.5"}], "asks": [{"price": "0.999", "size": "2052.08"}, {"price": "0.998", "size": "5.05"}, {"price": "0.997", "size": "1000"}, {"price": "0.996", "size": "20.5"}, {"price": "0.99", "size": "4250"}, {"price": "0.98", "size": "1600"}, {"price": "0.979", "size": "14.47"}, {"price": "0.95", "size": "1600"}, {"price": "0.94", "size": "33"}, {"price": "0.92", "size": "200"}, {"price": "0.9", "size": "580"}, {"price": "0.899", "size": "2970"}, {"price": "0.898", "size": "5.87"}, {"price": "0.85", "size": "551.66"}, {"price": "0.8", "size": "410"}, {"price": "0.799", "size": "846"}, {"price": "0.76", "size": "116.66"}, {"price": "0.751", "size": "400"}, {"price": "0.75", "size": "1730"}, {"price": "0.73", "size": "50"}, {"price": "0.71", "size": "89.65"}, {"price": "0.66", "size": "70.58"}, {"price": "0.61", "size": "51.28"}, {"price": "0.607", "size": "1651"}, {"price": "0.606", "size": "5"}, {"price": "0.42", "size": "150"}, {"price": "0.41", "size": "20"}, {"price": "0.15", "size": "6"}, {"price": "0.13", "size": "100"}, {"price": "0.12", "size": "100"}, {"price": "0.11", "size": "300"}, {"price": "0.1", "size": "400"}, {"price": "0.09", "size": "100"}, {"price": "0.08", "size": "15"}, {"price": "0.06", "size": "130"}, {"price": "0.058", "size": "100"}, {"price": "0.057", "size": "200"}, {"price": "0.05", "size": "11.03"}, {"price": "0.04", "size": "250"}, {"price": "0.038", "size": "187.48"}, {"price": "0.037", "size": "109.19"}, {"price": "0.036", "size": "199.97"}, {"price": "0.035", "size": "543"}, {"price": "0.034", "size": "170.76"}, {"price": "0.033", "size": "43.5"}], "event_type": "book", "last_trade_price": "0.038"}, {"market": "0x997c9af4932c7521747872cc47ff48f8b25de77e4119c223abd39a9dcb1995d0", "asset_id": "106396966417057951569060810559007144920944647642220705670417093954955492126873", "timestamp": "1769384048788", "hash": "b1c2c869faa5f4bff078bbdcde0bd6d7839c083f", "bids": [{"price": "0.001", "size": "2052.08"}, {"price": "0.002", "size": "5.05"}, {"price": "0.003", "size": "1000"}, {"price": "0.004", "size": "20.5"}, {"price": "0.01", "size": "4250"}, {"price": "0.02", "size": "1600"}, {"price": "0.021", "size": "14.47"}, {"price": "0.05", "size": "1600"}, {"price": "0.06", "size": "33"}, {"price": "0.08", "size": "200"}, {"price": "0.1", "size": "580"}, {"price": "0.101", "size": "2970"}, {"price": "0.102", "size": "5.87"}, {"price": "0.15", "size": "551.66"}, {"price": "0.2", "size": "410"}, {"price": "0.201", "size": "846"}, {"price": "0.24", "size": "116.66"}, {"price": "0.249", "size": "400"}, {"price": "0.25", "size": "1730"}, {"price": "0.27", "size": "50"}, {"price": "0.29", "size": "89.65"}, {"price": "0.34", "size": "70.58"}, {"price": "0.39", "size": "51.28"}, {"price": "0.393", "size": "1651"}, {"price": "0.394", "size": "5"}, {"price": "0.58", "size": "150"}, {"price": "0.59", "size": "20"}, {"price": "0.85", "size": "6"}, {"price": "0.87", "size": "100"}, {"price": "0.88", "size": "100"}, {"price": "0.89", "size": "300"}, {"price": "0.9", "size": "400"}, {"price": "0.91", "size": "100"}, {"price": "0.92", "size": "15"}, {"price": "0.94", "size": "130"}, {"price": "0.942", "size": "100"}, {"price": "0.943", "size": "200"}, {"price": "0.95", "size": "11.03"}, {"price": "0.96", "size": "250"}, {"price": "0.962", "size": "187.48"}, {"price": "0.963", "size": "109.19"}, {"price": "0.964", "size": "199.97"}, {"price": "0.965", "size": "543"}, {"price": "0.966", "size": "170.76"}, {"price": "0.967", "size": "43.5"}], "asks": [{"price": "0.999", "size": "130"}, {"price": "0.998", "size": "1013.77"}, {"price": "0.997", "size": "3510.77"}, {"price": "0.996", "size": "2609.13"}, {"price": "0.995", "size": "40.27"}, {"price": "0.99", "size": "2764.53"}, {"price": "0.989", "size": "350"}, {"price": "0.988", "size": "13"}, {"price": "0.983", "size": "19.2"}, {"price": "0.98", "size": "324.98"}, {"price": "0.979", "size": "499.5"}], "event_type": "book", "last_trade_price": "0.038"}]}
{"_local_timestamp": "2026-01-25T23:34:09.176951+00:00", "data": {"market": "0x997c9af4932c7521747872cc47ff48f8b25de77e4119c223abd39a9dcb1995d0", "price_changes": [{"asset_id": "106396966417057951569060810559007144920944647642220705670417093954955492126873", "price": "0.96", "size": "375", "side": "BUY", "hash": "f219d28748f24929a6112456a67ac619186d4565", "best_bid": "0.967", "best_ask": "0.979"}, {"asset_id": "106411063005263481327004901286135857173682677633159645291660836307215293494633", "price": "0.04", "size": "375", "side": "SELL", "hash": "fd699ca67461dc56d606c8e5672ca805f75f4e09", "best_bid": "0.021", "best_ask": "0.033"}], "timestamp": "1769384049113", "event_type": "price_change"}}
{"_local_timestamp": "2026-01-25T23:34:09.363198+00:00", "data": {"market": "0x997c9af4932c7521747872cc47ff48f8b25de77e4119c223abd39a9dcb1995d0", "price_changes": [{"asset_id": "106396966417057951569060810559007144920944647642220705670417093954955492126873", "price": "0.96", "size": "250", "side": "BUY", "hash": "01acde943c1ae9fd3869050edfb5bb4e487c3dda", "best_bid": "0.967", "best_ask": "0.979"}, {"asset_id": "106411063005263481327004901286135857173682677633159645291660836307215293494633", "price": "0.04", "size": "250", "side": "SELL", "hash": "aa8b6c2c8751dc185c2ed4dc0af96e33765893f1", "best_bid": "0.021", "best_ask": "0.033"}], "timestamp": "1769384049299", "event_type": "price_change"}}
{"_local_timestamp": "2026-01-25T23:34:09.716347+00:00", "data": {"market": "0x997c9af4932c7521747872cc47ff48f8b25de77e4119c223abd39a9dcb1995d0", "price_changes": [{"asset_id": "106396966417057951569060810559007144920944647642220705670417093954955492126873", "price": "0.96", "size": "375", "side": "BUY", "hash": "643612fca9aafbb92f42c377c4f1711bdddf18c3", "best_bid": "0.967", "best_ask": "0.979"}, {"asset_id": "106411063005263481327004901286135857173682677633159645291660836307215293494633", "price": "0.04", "size": "375", "side": "SELL", "hash": "7c0440c1ea929a37b0b0d344c5e801bceba3954e", "best_bid": "0.021", "best_ask": "0.033"}], "timestamp": "1769384049649", "event_type": "price_change"}}
{"_local_timestamp": "2026-01-25T23:34:09.884554+00:00", "data": {"market": "0x997c9af4932c7521747872cc47ff48f8b25de77e4119c223abd39a9dcb1995d0", "price_changes": [{"asset_id": "106396966417057951569060810559007144920944647642220705670417093954955492126873", "price": "0.96", "size": "250", "side": "BUY", "hash": "199cb34002795d8b0173e3ec60bc6da931d11e32", "best_bid": "0.967", "best_ask": "0.979"}, {"asset_id": "106411063005263481327004901286135857173682677633159645291660836307215293494633", "price": "0.04", "size": "250", "side": "SELL", "hash": "5a4614402404e7cc388f2b06a4b34e2f90659d72", "best_bid": "0.021", "best_ask": "0.033"}], "timestamp": "1769384049817", "event_type": "price_change"}}
{"_local_timestamp": "2026-01-25T23:34:10.195806+00:00", "data": {"market": "0x997c9af4932c7521747872cc47ff48f8b25de77e4119c223abd39a9dcb1995d0", "price_changes": [{"asset_id": "106396966417057951569060810559007144920944647642220705670417093954955492126873", "price": "0.96", "size": "375", "side": "BUY", "hash": "9b3dfee0efceba411906360c318ce45c8c8912ca", "best_bid": "0.967", "best_ask": "0.979"}, {"asset_id": "106411063005263481327004901286135857173682677633159645291660836307215293494633", "price": "0.04", "size": "375", "side": "SELL", "hash": "a1d3aa465f078150be834fba45fcc652869bbc7e", "best_bid": "0.021", "best_ask": "0.033"}], "timestamp": "1769384050128", "event_type": "price_change"}}
{"_local_timestamp": "2026-01-25T23:34:10.391728+00:00", "data": {"market": "0x997c9af4932c7521747872cc47ff48f8b25de77e4119c223abd39a9dcb1995d0", "price_changes": [{"asset_id": "106396966417057951569060810559007144920944647642220705670417093954955492126873", "price": "0.96", "size": "250", "side": "BUY", "hash": "e930dd78ebe1e93bfa33a6885e13e049c8304022", "best_bid": "0.967", "best_ask": "0.979"}, {"asset_id": "106411063005263481327004901286135857173682677633159645291660836307215293494633", "price": "0.04", "size": "250", "side": "SELL", "hash": "ddb3e93dfeadaf21dd09988a3c2b4ff02225ef4e", "best_bid": "0.021", "best_ask": "0.033"}], "timestamp": "1769384050325", "event_type": "price_change"}}
{"_local_timestamp": "2026-01-25T23:34:10.713365+00:00", "data": {"market": "0x997c9af4932c7521747872cc47ff48f8b25de77e4119c223abd39a9dcb1995d0", "price_changes": [{"asset_id": "106396966417057951569060810559007144920944647642220705670417093954955492126873", "price": "0.96", "size": "375", "side": "BUY", "hash": "52e066b30b395a1a39519ecb2e77e4fd51abd5e4", "best_bid": "0.967", "best_ask": "0.979"}, {"asset_id": "106411063005263481327004901286135857173682677633159645291660836307215293494633", "price": "0.04", "size": "375", "side": "SELL", "hash": "7a5e7fb666a0d512f12d914481a33871fab64b3d", "best_bid": "0.021", "best_ask": "0.033"}], "timestamp": "1769384050645", "event_type": "price_change"}}
{"_local_timestamp": "2026-01-25T23:34:10.905019+00:00", "data": {"market": "0x997c9af4932c7521747872cc47ff48f8b25de77e4119c223abd39a9dcb1995d0", "price_changes": [{"asset_id": "106396966417057951569060810559007144920944647642220705670417093954955492126873", "price": "0.96", "size": "250", "side": "BUY", "hash": "64ea20993db1a15169cc02fc5096c7424be50f85", "best_bid": "0.967", "best_ask": "0.979"}, {"asset_id": "106411063005263481327004901286135857173682677633159645291660836307215293494633", "price": "0.04", "size": "250", "side": "SELL", "hash": "9320d4c686600628e7adf20cd4f5235583dec1ab", "best_bid": "0.021", "best_ask": "0.033"}], "timestamp": "1769384050832", "event_type": "price_change"}}
{"_local_timestamp": "2026-01-25T23:34:11.235733+00:00", "data": {"market": "0x997c9af4932c7521747872cc47ff48f8b25de77e4119c223abd39a9dcb1995d0", "price_changes": [{"asset_id": "106396966417057951569060810559007144920944647642220705670417093954955492126873", "price": "0.96", "size": "375", "side": "BUY", "hash": "4e38292687c7d1e53c33b7192ae8e50db92757cb", "best_bid": "0.967", "best_ask": "0.979"}, {"asset_id": "106411063005263481327004901286135857173682677633159645291660836307215293494633", "price": "0.04", "size": "375", "side": "SELL", "hash": "438f2a84c2a581e350648768fc6c4c6a5c103f3e", "best_bid": "0.021", "best_ask": "0.033"}], "timestamp": "1769384051146", "event_type": "price_change"}}
{"_local_timestamp": "2026-01-25T23:34:11.401296+00:00", "data": {"market": "0x997c9af4932c7521747872cc47ff48f8b25de77e4119c223abd39a9dcb1995d0", "price_changes": [{"asset_id": "106396966417057951569060810559007144920944647642220705670417093954955492126873", "price": "0.96", "size": "250", "side": "BUY", "hash": "46cb05b5e39a377ecb371474f02c59b3007f3730", "best_bid": "0.967", "best_ask": "0.979"}, {"asset_id": "106411063005263481327004901286135857173682677633159645291660836307215293494633", "price": "0.04", "size": "250", "side": "SELL", "hash": "def8eb4b050d0e8cad5ef4649d6cb1a7543820d9", "best_bid": "0.021", "best_ask": "0.033"}], "timestamp": "1769384051338", "event_type": "price_change"}}
{"_local_timestamp": "2026-01-25T23:34:11.719067+00:00", "data": {"market": "0x997c9af4932c7521747872cc47ff48f8b25de77e4119c223abd39a9dcb1995d0", "price_changes": [{"asset_id": "106396966417057951569060810559007144920944647642220705670417093954955492126873", "price": "0.96", "size": "375", "side": "BUY", "hash": "1b27ab0b85613265c870db1cb13189c8fb795b86", "best_bid": "0.967", "best_ask": "0.979"}, {"asset_id": "106411063005263481327004901286135857173682677633159645291660836307215293494633", "price": "0.04", "size": "375", "side": "SELL", "hash": "9599a9e365f477ce45ad2eafa3b381d92effbb74", "best_bid": "0.021", "best_ask": "0.033"}], "timestamp": "1769384051653", "event_type": "price_change"}}
{"_local_timestamp": "2026-01-25T23:34:11.917639+00:00", "data": {"market": "0x997c9af4932c7521747872cc47ff48f8b25de77e4119c223abd39a9dcb1995d0", "price_changes": [{"asset_id": "106396966417057951569060810559007144920944647642220705670417093954955492126873", "price": "0.96", "size": "250", "side": "BUY", "hash": "3f716e34f025379ba7067bbb31f5d08d833c256d", "best_bid": "0.967", "best_ask": "0.979"}, {"asset_id": "106411063005263481327004901286135857173682677633159645291660836307215293494633", "price": "0.04", "size": "250", "side": "SELL", "hash": "af286547d8e18b8300a82ae78fc04cc825a978e4", "best_bid": "0.021", "best_ask": "0.033"}], "timestamp": "1769384051844", "event_type": "price_change"}}
{"_local_timestamp": "2026-01-25T23:34:12.241116+00:00", "data": {"market": "0x997c9af4932c7521747872cc47ff48f8b25de77e4119c223abd39a9dcb1995d0", "price_changes": [{"asset_id": "106396966417057951569060810559007144920944647642220705670417093954955492126873", "price": "0.96", "size": "375", "side": "BUY", "hash": "cb7f1726cec9f88a25571fad9d5bd4969c56dcb1", "best_bid": "0.967", "best_ask": "0.979"}, {"asset_id": "106411063005263481327004901286135857173682677633159645291660836307215293494633", "price": "0.04", "size": "375", "side": "SELL", "hash": "094feaf7356746f169cfb173098ba25fe0d19fc8", "best_bid": "0.021", "best_ask": "0.033"}], "timestamp": "1769384052170", "event_type": "price_change"}}
{"_local_timestamp": "2026-01-25T23:34:12.412949+00:00", "data": {"market": "0x997c9af4932c7521747872cc47ff48f8b25de77e4119c223abd39a9dcb1995d0", "price_changes": [{"asset_id": "106396966417057951569060810559007144920944647642220705670417093954955492126873", "price": "0.96", "size": "250", "side": "BUY", "hash": "6768a6847352ad7045d168f6969df7e8fe0feeda", "best_bid": "0.967", "best_ask": "0.979"}, {"asset_id": "106411063005263481327004901286135857173682677633159645291660836307215293494633", "price": "0.04", "size": "250", "side": "SELL", "hash": "ace1c2ba8e7336a116d7262b7389fbf74279bbb4", "best_bid": "0.021", "best_ask": "0.033"}], "timestamp": "1769384052348", "event_type": "price_change"}}
{"_local_timestamp": "2026-01-25T23:34:12.740178+00:00", "data": {"market": "0x997c9af4932c7521747872cc47ff48f8b25de77e4119c223abd39a9dcb1995d0", "price_changes": [{"asset_id": "106396966417057951569060810559007144920944647642220705670417093954955492126873", "price": "0.96", "size": "375", "side": "BUY", "hash": "586a7760fe65ae59d419862a754cff60b370b572", "best_bid": "0.967", "best_ask": "0.979"}, {"asset_id": "106411063005263481327004901286135857173682677633159645291660836307215293494633", "price": "0.04", "size": "375", "side": "SELL", "hash": "5c10811e2605996ac584729bd4595c8caf635a98", "best_bid": "0.021", "best_ask": "0.033"}], "timestamp": "1769384052676", "event_type": "price_change"}}
{"_local_timestamp": "2026-01-25T23:34:13.031251+00:00", "data": {"market": "0x997c9af4932c7521747872cc47ff48f8b25de77e4119c223abd39a9dcb1995d0", "price_changes": [{"asset_id": "106396966417057951569060810559007144920944647642220705670417093954955492126873", "price": "0.96", "size": "250", "side": "BUY", "hash": "79936ccada2831e053bb4a4d51bfd6501318b983", "best_bid": "0.967", "best_ask": "0.979"}, {"asset_id": "106411063005263481327004901286135857173682677633159645291660836307215293494633", "price": "0.04", "size": "250", "side": "SELL", "hash": "b60853714547ff7c2fb37505d1525d5894f7248a", "best_bid": "0.021", "best_ask": "0.033"}], "timestamp": "1769384052866", "event_type": "price_change"}}
{"_local_timestamp": "2026-01-25T23:34:13.269966+00:00", "data": {"market": "0x997c9af4932c7521747872cc47ff48f8b25de77e4119c223abd39a9dcb1995d0", "price_changes": [{"asset_id": "106396966417057951569060810559007144920944647642220705670417093954955492126873", "price": "0.96", "size": "375", "side": "BUY", "hash": "c565c727ba599a88bff596ff9db3acff0b3fcfb0", "best_bid": "0.967", "best_ask": "0.979"}, {"asset_id": "106411063005263481327004901286135857173682677633159645291660836307215293494633", "price": "0.04", "size": "375", "side": "SELL", "hash": "a0993fb8d33659123a422bd1d6ac52e4378fc44d", "best_bid": "0.021", "best_ask": "0.033"}], "timestamp": "1769384053192", "event_type": "price_change"}}
{"_local_timestamp": "2026-01-25T23:34:13.551860+00:00", "data": {"market": "0x997c9af4932c7521747872cc47ff48f8b25de77e4119c223abd39a9dcb1995d0", "price_changes": [{"asset_id": "106396966417057951569060810559007144920944647642220705670417093954955492126873", "price": "0.96", "size": "250", "side": "BUY", "hash": "0f5cbec5995a271bb79248f4654482e3feaf97cf", "best_bid": "0.967", "best_ask": "0.979"}, {"asset_id": "106411063005263481327004901286135857173682677633159645291660836307215293494633", "price": "0.04", "size": "250", "side": "SELL", "hash": "14e115ed0206458499c535d53463a104144bf42e", "best_bid": "0.021", "best_ask": "0.033"}], "timestamp": "1769384053376", "event_type": "price_change"}}
{"_local_timestamp": "2026-01-25T23:34:13.761784+00:00", "data": {"market": "0x997c9af4932c7521747872cc47ff48f8b25de77e4119c223abd39a9dcb1995d0", "price_changes": [{"asset_id": "106396966417057951569060810559007144920944647642220705670417093954955492126873", "price": "0.96", "size": "375", "side": "BUY", "hash": "fb997324c06083c6e75f1389731e7a038437c177", "best_bid": "0.967", "best_ask": "0.979"}, {"asset_id": "106411063005263481327004901286135857173682677633159645291660836307215293494633", "price": "0.04", "size": "375", "side": "SELL", "hash": "6506223437d8a1225420c1cd9200533778554c86", "best_bid": "0.021", "best_ask": "0.033"}], "timestamp": "1769384053693", "event_type": "price_change"}}
{"_local_timestamp": "2026-01-25T23:34:13.951940+00:00", "data": {"market": "0x997c9af4932c7521747872cc47ff48f8b25de77e4119c223abd39a9dcb1995d0", "price_changes": [{"asset_id": "106396966417057951569060810559007144920944647642220705670417093954955492126873", "price": "0.96", "size": "250", "side": "BUY", "hash": "a24459da9213463e6109bf588bbfd68719435984", "best_bid": "0.967", "best_ask": "0.979"}, {"asset_id": "106411063005263481327004901286135857173682677633159645291660836307215293494633", "price": "0.04", "size": "250", "side": "SELL", "hash": "d33687ea3fdbbc86bf801c1ecd2030bc0f70e087", "best_bid": "0.021", "best_ask": "0.033"}], "timestamp": "1769384053885", "event_type": "price_change"}}
{"_local_timestamp": "2026-01-25T23:34:14.273816+00:00", "data": {"market": "0x997c9af4932c7521747872cc47ff48f8b25de77e4119c223abd39a9dcb1995d0", "price_changes": [{"asset_id": "106396966417057951569060810559007144920944647642220705670417093954955492126873", "price": "0.96", "size": "375", "side": "BUY", "hash": "ce194943bc383c4eb4d688357d1010832f84d38a", "best_bid": "0.967", "best_ask": "0.979"}, {"asset_id": "106411063005263481327004901286135857173682677633159645291660836307215293494633", "price": "0.04", "size": "375", "side": "SELL", "hash": "563d69c5c34f8508c5ba7df7731c07a47743423f", "best_bid": "0.021", "best_ask": "0.033"}], "timestamp": "1769384054207", "event_type": "price_change"}}
{"_local_timestamp": "2026-01-25T23:34:14.470728+00:00", "data": {"market": "0x997c9af4932c7521747872cc47ff48f8b25de77e4119c223abd39a9dcb1995d0", "price_changes": [{"asset_id": "106396966417057951569060810559007144920944647642220705670417093954955492126873", "price": "0.96", "size": "250", "side": "BUY", "hash": "d1a3618055e61a631835f930c4151d818888ab7a", "best_bid": "0.967", "best_ask": "0.979"}, {"asset_id": "106411063005263481327004901286135857173682677633159645291660836307215293494633", "price": "0.04", "size": "250", "side": "SELL", "hash": "fec517588b192820d71c709ecb35877c11e58f6b", "best_bid": "0.021", "best_ask": "0.033"}], "timestamp": "1769384054403", "event_type": "price_change"}}
{"_local_timestamp": "2026-01-25T23:34:14.790003+00:00", "data": {"market": "0x997c9af4932c7521747872cc47ff48f8b25de77e4119c223abd39a9dcb1995d0", "price_changes": [{"asset_id": "106396966417057951569060810559007144920944647642220705670417093954955492126873", "price": "0.96", "size": "375", "side": "BUY", "hash": "3f2f64c3f1571b3b26bfd812725945d2320299b6", "best_bid": "0.967", "best_ask": "0.979"}, {"asset_id": "106411063005263481327004901286135857173682677633159645291660836307215293494633", "price": "0.04", "size": "375", "side": "SELL", "hash": "aeefce90e34c16af163f9273baef8eac004b8298", "best_bid": "0.021", "best_ask": "0.033"}], "timestamp": "1769384054718", "event_type": "price_change"}}
{"_local_timestamp": "2026-01-25T23:34:14.965957+00:00", "data": {"market": "0x997c9af4932c7521747872cc47ff48f8b25de77e4119c223abd39a9dcb1995d0", "price_changes": [{"asset_id": "106396966417057951569060810559007144920944647642220705670417093954955492126873", "price": "0.96", "size": "250", "side": "BUY", "hash": "5f070089ccfbbc7f9e8b74401917e17e1a39e2e8", "best_bid": "0.967", "best_ask": "0.979"}, {"asset_id": "106411063005263481327004901286135857173682677633159645291660836307215293494633", "price": "0.04", "size": "250", "side": "SELL", "hash": "9bc164e538cdb32914faf940dce2f2b651a64b4c", "best_bid": "0.021", "best_ask": "0.033"}], "timestamp": "1769384054901", "event_type": "price_change"}}
{"_local_timestamp": "2026-01-25T23:34:15.289393+00:00", "data": {"market": "0x997c9af4932c7521747872cc47ff48f8b25de77e4119c223abd39a9dcb1995d0", "price_changes": [{"asset_id": "106396966417057951569060810559007144920944647642220705670417093954955492126873", "price": "0.96", "size": "375", "side": "BUY", "hash": "adf1db0600c43a35af05c6365ac1c65dc0c76e95", "best_bid": "0.967", "best_ask": "0.979"}, {"asset_id": "106411063005263481327004901286135857173682677633159645291660836307215293494633", "price": "0.04", "size": "375", "side": "SELL", "hash": "ed3419f54864dbac2437050475d559152db42039", "best_bid": "0.021", "best_ask": "0.033"}], "timestamp": "1769384055219", "event_type": "price_change"}}
{"_local_timestamp": "2026-01-25T23:34:15.486366+00:00", "data": {"market": "0x997c9af4932c7521747872cc47ff48f8b25de77e4119c223abd39a9dcb1995d0", "price_changes": [{"asset_id": "106396966417057951569060810559007144920944647642220705670417093954955492126873", "price": "0.96", "size": "250", "side": "BUY", "hash": "cfcc0fd51872a330b061419f500150a7c67f2d9b", "best_bid": "0.967", "best_ask": "0.979"}, {"asset_id": "106411063005263481327004901286135857173682677633159645291660836307215293494633", "price": "0.04", "size": "250", "side": "SELL", "hash": "58be7c8e5a00551952c614bc69a13e86818fbcb4", "best_bid": "0.021", "best_ask": "0.033"}], "timestamp": "1769384055420", "event_type": "price_change"}}
{"_local_timestamp": "2026-01-25T23:34:15.825283+00:00", "data": {"market": "0x997c9af4932c7521747872cc47ff48f8b25de77e4119c223abd39a9dcb1995d0", "price_changes": [{"asset_id": "106396966417057951569060810559007144920944647642220705670417093954955492126873", "price": "0.96", "size": "375", "side": "BUY", "hash": "2141ddbae4e1ac2ce95c53d16e214cd3957c3061", "best_bid": "0.967", "best_ask": "0.979"}, {"asset_id": "106411063005263481327004901286135857173682677633159645291660836307215293494633", "price": "0.04", "size": "375", "side": "SELL", "hash": "dfe70e54dc373f9f47a9b6c5377ce8b49bbb4fbf", "best_bid": "0.021", "best_ask": "0.033"}], "timestamp": "1769384055744", "event_type": "price_change"}}
{"_local_timestamp": "2026-01-25T23:34:15.990700+00:00", "data": {"market": "0x997c9af4932c7521747872cc47ff48f8b25de77e4119c223abd39a9dcb1995d0", "price_changes": [{"asset_id": "106396966417057951569060810559007144920944647642220705670417093954955492126873", "price": "0.96", "size": "250", "side": "BUY", "hash": "23950d4dcdfa8f8eb7be342235767714fa2d24ba", "best_bid": "0.967", "best_ask": "0.979"}, {"asset_id": "106411063005263481327004901286135857173682677633159645291660836307215293494633", "price": "0.04", "size": "250", "side": "SELL", "hash": "8f82c88ce6a5771b636f5c8e6bd7391124b982f6", "best_bid": "0.021", "best_ask": "0.033"}], "timestamp": "1769384055924", "event_type": "price_change"}}
{"_local_timestamp": "2026-01-25T23:34:16.317366+00:00", "data": {"market": "0x997c9af4932c7521747872cc47ff48f8b25de77e4119c223abd39a9dcb1995d0", "price_changes": [{"asset_id": "106396966417057951569060810559007144920944647642220705670417093954955492126873", "price": "0.96", "size": "375", "side": "BUY", "hash": "9b4f99f8f0076250f4a8e0fb056e075c84ee09e1", "best_bid": "0.967", "best_ask": "0.979"}, {"asset_id": "106411063005263481327004901286135857173682677633159645291660836307215293494633", "price": "0.04", "size": "375", "side": "SELL", "hash": "54e4873af81bc2e20239a5f2a9c892b021312882", "best_bid": "0.021", "best_ask": "0.033"}], "timestamp": "1769384056247", "event_type": "price_change"}}
{"_local_timestamp": "2026-01-25T23:34:16.514919+00:00", "data": {"market": "0x997c9af4932c7521747872cc47ff48f8b25de77e4119c223abd39a9dcb1995d0", "price_changes": [{"asset_id": "106396966417057951569060810559007144920944647642220705670417093954955492126873", "price": "0.96", "size": "250", "side": "BUY", "hash": "7b554cb4b6013fa68de2f3c5021b50cb7c97821e", "best_bid": "0.967", "best_ask": "0.979"}, {"asset_id": "106411063005263481327004901286135857173682677633159645291660836307215293494633", "price": "0.04", "size": "250", "side": "SELL", "hash": "9be9c82e77aecabc8462c9593b70cae97e460a9d", "best_bid": "0.021", "best_ask": "0.033"}], "timestamp": "1769384056440", "event_type": "price_change"}}
{"_local_timestamp": "2026-01-25T23:34:16.815913+00:00", "data": {"market": "0x997c9af4932c7521747872cc47ff48f8b25de77e4119c223abd39a9dcb1995d0", "price_changes": [{"asset_id": "106396966417057951569060810559007144920944647642220705670417093954955492126873", "price": "0.96", "size": "375", "side": "BUY", "hash": "fc8155ef79c409d8e152653752cc7c3d20959b5b", "best_bid": "0.967", "best_ask": "0.979"}, {"asset_id": "106411063005263481327004901286135857173682677633159645291660836307215293494633", "price": "0.04", "size": "375", "side": "SELL", "hash": "5bd0b5c36cfd95a9e2ec2b020d7daf1945d0ef03", "best_bid": "0.021", "best_ask": "0.033"}], "timestamp": "1769384056744", "event_type": "price_change"}}
{"_local_timestamp": "2026-01-25T23:34:17.001864+00:00", "data": {"market": "0x997c9af4932c7521747872cc47ff48f8b25de77e4119c223abd39a9dcb1995d0", "price_changes": [{"asset_id": "106396966417057951569060810559007144920944647642220705670417093954955492126873", "price": "0.96", "size": "250", "side": "BUY", "hash": "9d021177c4a0650a72d9edd2a7441569dc933c07", "best_bid": "0.967", "best_ask": "0.979"}, {"asset_id": "106411063005263481327004901286135857173682677633159645291660836307215293494633", "price": "0.04", "size": "250", "side": "SELL", "hash": "a38cb93921ff22a4b7271112749e80b268c854ac", "best_bid": "0.021", "best_ask": "0.033"}], "timestamp": "1769384056929", "event_type": "price_change"}}
{"_local_timestamp": "2026-01-25T23:34:17.318586+00:00", "data": {"market": "0x997c9af4932c7521747872cc47ff48f8b25de77e4119c223abd39a9dcb1995d0", "price_changes": [{"asset_id": "106396966417057951569060810559007144920944647642220705670417093954955492126873", "price": "0.96", "size": "375", "side": "BUY", "hash": "f1262c91a24bd7a2e290928cfdbfcc3897a34d44", "best_bid": "0.967", "best_ask": "0.979"}, {"asset_id": "106411063005263481327004901286135857173682677633159645291660836307215293494633", "price": "0.04", "size": "375", "side": "SELL", "hash": "e7b7cf210ca2feafbbc26ff151534e7f899434d0", "best_bid": "0.021", "best_ask": "0.033"}], "timestamp": "1769384057245", "event_type": "price_change"}}
{"_local_timestamp": "2026-01-25T23:34:17.518437+00:00", "data": {"market": "0x997c9af4932c7521747872cc47ff48f8b25de77e4119c223abd39a9dcb1995d0", "price_changes": [{"asset_id": "106396966417057951569060810559007144920944647642220705670417093954955492126873", "price": "0.96", "size": "250", "side": "BUY", "hash": "c28f0c7df9054460ca87c91d9424ea33a324f083", "best_bid": "0.967", "best_ask": "0.979"}, {"asset_id": "106411063005263481327004901286135857173682677633159645291660836307215293494633", "price": "0.04", "size": "250", "side": "SELL", "hash": "ae4e33b8870b2e556cb966e30dfae4ce8ab7f7f9", "best_bid": "0.021", "best_ask": "0.033"}], "timestamp": "1769384057441", "event_type": "price_change"}}
{"_local_timestamp": "2026-01-25T23:34:17.838365+00:00", "data": {"market": "0x997c9af4932c7521747872cc47ff48f8b25de77e4119c223abd39a9dcb1995d0", "price_changes": [{"asset_id": "106396966417057951569060810559007144920944647642220705670417093954955492126873", "price": "0.96", "size": "375", "side": "BUY", "hash": "cff78f0d2ba8de5f230fe14aa9657dcb70f69ccf", "best_bid": "0.967", "best_ask": "0.979"}, {"asset_id": "106411063005263481327004901286135857173682677633159645291660836307215293494633", "price": "0.04", "size": "375", "side": "SELL", "hash": "2a6e4f65eeba510cf32d2748c3183690b576bd9d", "best_bid": "0.021", "best_ask": "0.033"}], "timestamp": "1769384057760", "event_type": "price_change"}}
{"_local_timestamp": "2026-01-25T23:34:18.032727+00:00", "data": {"market": "0x997c9af4932c7521747872cc47ff48f8b25de77e4119c223abd39a9dcb1995d0", "price_changes": [{"asset_id": "106396966417057951569060810559007144920944647642220705670417093954955492126873", "price": "0.96", "size": "250", "side": "BUY", "hash": "7bdd51d2ad72dae02cdb9e49d8e316939ce8a384", "best_bid": "0.967", "best_ask": "0.979"}, {"asset_id": "106411063005263481327004901286135857173682677633159645291660836307215293494633", "price": "0.04", "size": "250", "side": "SELL", "hash": "b700a9a3a2ad11e49fb7cc13f093edc5330c76bf", "best_bid": "0.021", "best_ask": "0.033"}], "timestamp": "1769384057964", "event_type": "price_change"}}
{"_local_timestamp": "2026-01-25T23:34:18.345365+00:00", "data": {"market": "0x997c9af4932c7521747872cc47ff48f8b25de77e4119c223abd39a9dcb1995d0", "price_changes": [{"asset_id": "106396966417057951569060810559007144920944647642220705670417093954955492126873", "price": "0.96", "size": "375", "side": "BUY", "hash": "88ec1933f0299399d79d80ad1f19a39fc693c6a3", "best_bid": "0.967", "best_ask": "0.979"}, {"asset_id": "106411063005263481327004901286135857173682677633159645291660836307215293494633", "price": "0.04", "size": "375", "side": "SELL", "hash": "b843cedb8c2bc3b3ace6f9a29f50f6e8966d584b", "best_bid": "0.021", "best_ask": "0.033"}], "timestamp": "1769384058280", "event_type": "price_change"}}
{"_local_timestamp": "2026-01-25T23:34:18.537194+00:00", "data": {"market": "0x997c9af4932c7521747872cc47ff48f8b25de77e4119c223abd39a9dcb1995d0", "price_changes": [{"asset_id": "106396966417057951569060810559007144920944647642220705670417093954955492126873", "price": "0.96", "size": "250", "side": "BUY", "hash": "933915cf5c61e70e1aed0df1554aa6d240d64298", "best_bid": "0.967", "best_ask": "0.979"}, {"asset_id": "106411063005263481327004901286135857173682677633159645291660836307215293494633", "price": "0.04", "size": "250", "side": "SELL", "hash": "09ae8d607e4fbb57f4a25e5532a24024a83099fd", "best_bid": "0.021", "best_ask": "0.033"}], "timestamp": "1769384058471", "event_type": "price_change"}}
{"_local_timestamp": "2026-01-25T23:34:18.863186+00:00", "data": {"market": "0x997c9af4932c7521747872cc47ff48f8b25de77e4119c223abd39a9dcb1995d0", "price_changes": [{"asset_id": "106396966417057951569060810559007144920944647642220705670417093954955492126873", "price": "0.96", "size": "375", "side": "BUY", "hash": "7eff7f7abe6adc9dcb5377e679dafca309400ed6", "best_bid": "0.967", "best_ask": "0.979"}, {"asset_id": "106411063005263481327004901286135857173682677633159645291660836307215293494633", "price": "0.04", "size": "375", "side": "SELL", "hash": "f049e26732f007f31338414a5743df131f01e24b", "best_bid": "0.021", "best_ask": "0.033"}], "timestamp": "1769384058794", "event_type": "price_change"}}
{"_local_timestamp": "2026-01-25T23:34:19.061787+00:00", "data": {"market": "0x997c9af4932c7521747872cc47ff48f8b25de77e4119c223abd39a9dcb1995d0", "price_changes": [{"asset_id": "106396966417057951569060810559007144920944647642220705670417093954955492126873", "price": "0.96", "size": "250", "side": "BUY", "hash": "0f0f7359eae312e398c85b2975a0d1700095448b", "best_bid": "0.967", "best_ask": "0.979"}, {"asset_id": "106411063005263481327004901286135857173682677633159645291660836307215293494633", "price": "0.04", "size": "250", "side": "SELL", "hash": "2f118becf56167f2738dbadd53c705e018b6b67c", "best_bid": "0.021", "best_ask": "0.033"}], "timestamp": "1769384058992", "event_type": "price_change"}}
{"_local_timestamp": "2026-01-25T23:34:19.366563+00:00", "data": {"market": "0x997c9af4932c7521747872cc47ff48f8b25de77e4119c223abd39a9dcb1995d0", "price_changes": [{"asset_id": "106396966417057951569060810559007144920944647642220705670417093954955492126873", "price": "0.96", "size": "375", "side": "BUY", "hash": "061562bc25f532d812764be28520c4de8900b33a", "best_bid": "0.967", "best_ask": "0.979"}, {"asset_id": "106411063005263481327004901286135857173682677633159645291660836307215293494633", "price": "0.04", "size": "375", "side": "SELL", "hash": "65e84859b79ed25c3f43adf3295be04bfc89cea7", "best_bid": "0.021", "best_ask": "0.033"}], "timestamp": "1769384059300", "event_type": "price_change"}}
{"_local_timestamp": "2026-01-25T23:34:19.561553+00:00", "data": {"market": "0x997c9af4932c7521747872cc47ff48f8b25de77e4119c223abd39a9dcb1995d0", "price_changes": [{"asset_id": "106396966417057951569060810559007144920944647642220705670417093954955492126873", "price": "0.96", "size": "250", "side": "BUY", "hash": "d02f4cb0e144b78ea882bbc6b74eeaf43e20f9ae", "best_bid": "0.967", "best_ask": "0.979"}, {"asset_id": "106411063005263481327004901286135857173682677633159645291660836307215293494633", "price": "0.04", "size": "250", "side": "SELL", "hash": "f084bfab2d2815dc149414e59aae981155d90420", "best_bid": "0.021", "best_ask": "0.033"}], "timestamp": "1769384059490", "event_type": "price_change"}}
{"_local_timestamp": "2026-01-25T23:34:19.903935+00:00", "data": {"market": "0x997c9af4932c7521747872cc47ff48f8b25de77e4119c223abd39a9dcb1995d0", "price_changes": [{"asset_id": "106396966417057951569060810559007144920944647642220705670417093954955492126873", "price": "0.96", "size": "375", "side": "BUY", "hash": "75f77621d8d91e6751b7adc3a0454520d4b19230", "best_bid": "0.967", "best_ask": "0.979"}, {"asset_id": "106411063005263481327004901286135857173682677633159645291660836307215293494633", "price": "0.04", "size": "375", "side": "SELL", "hash": "3f9a1b620a59bc3cf9bd3e3ecee3d5fec674ffd2", "best_bid": "0.021", "best_ask": "0.033"}], "timestamp": "1769384059809", "event_type": "price_change"}}
{"_local_timestamp": "2026-01-25T23:34:19.930272+00:00", "data": {"market": "0x997c9af4932c7521747872cc47ff48f8b25de77e4119c223abd39a9dcb1995d0", "price_changes": [{"asset_id": "106411063005263481327004901286135857173682677633159645291660836307215293494633", "price": "0.021", "size": "71.5", "side": "BUY", "hash": "7730fd7dc33749ec4383e3831f936c1f1ce5d98d", "best_bid": "0.021", "best_ask": "0.033"}, {"asset_id": "106396966417057951569060810559007144920944647642220705670417093954955492126873", "price": "0.979", "size": "71.5", "side": "SELL", "hash": "3af5236def742845c431a0f64187f53e7e355ab2", "best_bid": "0.967", "best_ask": "0.979"}], "timestamp": "1769384059852", "event_type": "price_change"}}
{"_local_timestamp": "2026-01-25T23:34:20.163358+00:00", "data": {"market": "0x997c9af4932c7521747872cc47ff48f8b25de77e4119c223abd39a9dcb1995d0", "price_changes": [{"asset_id": "106411063005263481327004901286135857173682677633159645291660836307215293494633", "price": "0.011", "size": "778", "side": "BUY", "hash": "d36775d8f40535c5ed44f13304f5948b3f745ec0", "best_bid": "0.021", "best_ask": "0.033"}, {"asset_id": "106396966417057951569060810559007144920944647642220705670417093954955492126873", "price": "0.989", "size": "778", "side": "SELL", "hash": "de800c46791ce53a38a0d58127effd93efa629c7", "best_bid": "0.967", "best_ask": "0.979"}], "timestamp": "1769384060089", "event_type": "price_change"}}
{"_local_timestamp": "2026-01-25T23:34:20.177528+00:00", "data": {"market": "0x997c9af4932c7521747872cc47ff48f8b25de77e4119c223abd39a9dcb1995d0", "price_changes": [{"asset_id": "106396966417057951569060810559007144920944647642220705670417093954955492126873", "price": "0.96", "size": "250", "side": "BUY", "hash": "827e0be89d9ba270b84ff2e0b120c61c9bd4ac6d", "best_bid": "0.967", "best_ask": "0.979"}, {"asset_id": "106411063005263481327004901286135857173682677633159645291660836307215293494633", "price": "0.04", "size": "250", "side": "SELL", "hash": "503142d5bbba46bbdbcc1932b6ff7ffa5d0121a5", "best_bid": "0.021", "best_ask": "0.033"}], "timestamp": "1769384060107", "event_type": "price_change"}}
{"_local_timestamp": "2026-01-25T23:34:20.481171+00:00", "data": {"market": "0x997c9af4932c7521747872cc47ff48f8b25de77e4119c223abd39a9dcb1995d0", "price_changes": [{"asset_id": "106396966417057951569060810559007144920944647642220705670417093954955492126873", "price": "0.96", "size": "375", "side": "BUY", "hash": "14ef20aeda637cc54f91333a55d89b38b01113db", "best_bid": "0.967", "best_ask": "0.979"}, {"asset_id": "106411063005263481327004901286135857173682677633159645291660836307215293494633", "price": "0.04", "size": "375", "side": "SELL", "hash": "8667bf4c1aaab19b59ac1f6092f8df6f50303612", "best_bid": "0.021", "best_ask": "0.033"}], "timestamp": "1769384060408", "event_type": "price_change"}}
{"_local_timestamp": "2026-01-25T23:34:20.631849+00:00", "data": {"market": "0x997c9af4932c7521747872cc47ff48f8b25de77e4119c223abd39a9dcb1995d0", "price_changes": [{"asset_id": "106396966417057951569060810559007144920944647642220705670417093954955492126873", "price": "0.96", "size": "250", "side": "BUY", "hash": "89fa3a2103e6b4c33112e2f52f3697abd6e2fc89", "best_bid": "0.967", "best_ask": "0.979"}, {"asset_id": "106411063005263481327004901286135857173682677633159645291660836307215293494633", "price": "0.04", "size": "250", "side": "SELL", "hash": "1c10e3a9a02a9045b7e08a92fd67fe62a5e97d36", "best_bid": "0.021", "best_ask": "0.033"}], "timestamp": "1769384060567", "event_type": "price_change"}}
{"_local_timestamp": "2026-01-25T23:34:20.953268+00:00", "data": {"market": "0x997c9af4932c7521747872cc47ff48f8b25de77e4119c223abd39a9dcb1995d0", "price_changes": [{"asset_id": "106396966417057951569060810559007144920944647642220705670417093954955492126873", "price": "0.96", "size": "375", "side": "BUY", "hash": "088918fa84d527fa139d4ec1b8589e228cb49566", "best_bid": "0.967", "best_ask": "0.979"}, {"asset_id": "106411063005263481327004901286135857173682677633159645291660836307215293494633", "price": "0.04", "size": "375", "side": "SELL", "hash": "1756a98ef5ef2a1dd5e8b9407c7631aae9f26bb2", "best_bid": "0.021", "best_ask": "0.033"}], "timestamp": "1769384060882", "event_type": "price_change"}}
{"_local_timestamp": "2026-01-25T23:34:21.157456+00:00", "data": {"market": "0x997c9af4932c7521747872cc47ff48f8b25de77e4119c223abd39a9dcb1995d0", "price_changes": [{"asset_id": "106396966417057951569060810559007144920944647642220705670417093954955492126873", "price": "0.96", "size": "250", "side": "BUY", "hash": "95c8ce67b41a08e4841a490715048690260c9012", "best_bid": "0.967", "best_ask": "0.979"}, {"asset_id": "106411063005263481327004901286135857173682677633159645291660836307215293494633", "price": "0.04", "size": "250", "side": "SELL", "hash": "bac5d46ade9d3a6ac0e9fc7ca5a27c274f989d3c", "best_bid": "0.021", "best_ask": "0.033"}], "timestamp": "1769384061087", "event_type": "price_change"}}
{"_local_timestamp": "2026-01-25T23:34:21.467629+00:00", "data": {"market": "0x997c9af4932c7521747872cc47ff48f8b25de77e4119c223abd39a9dcb1995d0", "price_changes": [{"asset_id": "106396966417057951569060810559007144920944647642220705670417093954955492126873", "price": "0.96", "size": "375", "side": "BUY", "hash": "9fe5508d5f702ceb37ab9a7f17fe411fad54c035", "best_bid": "0.967", "best_ask": "0.979"}, {"asset_id": "106411063005263481327004901286135857173682677633159645291660836307215293494633", "price": "0.04", "size": "375", "side": "SELL", "hash": "19c6023c6512ae82d24a3b91f34f2abafb5e05d4", "best_bid": "0.021", "best_ask": "0.033"}], "timestamp": "1769384061403", "event_type": "price_change"}}
{"_local_timestamp": "2026-01-25T23:34:21.658091+00:00", "data": {"market": "0x997c9af4932c7521747872cc47ff48f8b25de77e4119c223abd39a9dcb1995d0", "price_changes": [{"asset_id": "106396966417057951569060810559007144920944647642220705670417093954955492126873", "price": "0.96", "size": "250", "side": "BUY", "hash": "abece47d09c8a2d1894593f8193de1838e17740a", "best_bid": "0.967", "best_ask": "0.979"}, {"asset_id": "106411063005263481327004901286135857173682677633159645291660836307215293494633", "price": "0.04", "size": "250", "side": "SELL", "hash": "576820d4e54680c093843915f34ef18874095126", "best_bid": "0.021", "best_ask": "0.033"}], "timestamp": "1769384061585", "event_type": "price_change"}}
{"_local_timestamp": "2026-01-25T23:34:21.977190+00:00", "data": {"market": "0x997c9af4932c7521747872cc47ff48f8b25de77e4119c223abd39a9dcb1995d0", "price_changes": [{"asset_id": "106396966417057951569060810559007144920944647642220705670417093954955492126873", "price": "0.96", "size": "375", "side": "BUY", "hash": "35cd338750d5399868fb274ad44b222e8df83587", "best_bid": "0.967", "best_ask": "0.979"}, {"asset_id": "106411063005263481327004901286135857173682677633159645291660836307215293494633", "price": "0.04", "size": "375", "side": "SELL", "hash": "68eabb6677e37936bffc0f3be6a0a259e77e1ecf", "best_bid": "0.021", "best_ask": "0.033"}], "timestamp": "1769384061912", "event_type": "price_change"}}
{"_local_timestamp": "2026-01-25T23:34:22.145429+00:00", "data": {"market": "0x997c9af4932c7521747872cc47ff48f8b25de77e4119c223abd39a9dcb1995d0", "price_changes": [{"asset_id": "106396966417057951569060810559007144920944647642220705670417093954955492126873", "price": "0.96", "size": "250", "side": "BUY", "hash": "eee37b304199b795d8c6a7e0cc3efe057f36bb26", "best_bid": "0.967", "best_ask": "0.979"}, {"asset_id": "106411063005263481327004901286135857173682677633159645291660836307215293494633", "price": "0.04", "size": "250", "side": "SELL", "hash": "bc48a8523d1472208ed04f5f851f7d7e9d222c8d", "best_bid": "0.021", "best_ask": "0.033"}], "timestamp": "1769384062081", "event_type": "price_change"}}
{"_local_timestamp": "2026-01-25T23:34:22.491466+00:00", "data": {"market": "0x997c9af4932c7521747872cc47ff48f8b25de77e4119c223abd39a9dcb1995d0", "price_changes": [{"asset_id": "106396966417057951569060810559007144920944647642220705670417093954955492126873", "price": "0.96", "size": "375", "side": "BUY", "hash": "abb200da9aed973ac705aae6937a56cb2cb44711", "best_bid": "0.967", "best_ask": "0.979"}, {"asset_id": "106411063005263481327004901286135857173682677633159645291660836307215293494633", "price": "0.04", "size": "375", "side": "SELL", "hash": "ffeb13977249d3529030c61d9ab128b0c9ab0cac", "best_bid": "0.021", "best_ask": "0.033"}], "timestamp": "1769384062404", "event_type": "price_change"}}
{"_local_timestamp": "2026-01-25T23:34:22.690196+00:00", "data": {"market": "0x997c9af4932c7521747872cc47ff48f8b25de77e4119c223abd39a9dcb1995d0", "price_changes": [{"asset_id": "106396966417057951569060810559007144920944647642220705670417093954955492126873", "price": "0.96", "size": "250", "side": "BUY", "hash": "926c042d8860bea7f6fb047a00d8282530426b4e", "best_bid": "0.967", "best_ask": "0.979"}, {"asset_id": "106411063005263481327004901286135857173682677633159645291660836307215293494633", "price": "0.04", "size": "250", "side": "SELL", "hash": "f1cfb24e9b9c17b22ffdc407ee5c5ed3f5b380ec", "best_bid": "0.021", "best_ask": "0.033"}], "timestamp": "1769384062623", "event_type": "price_change"}}
{"_local_timestamp": "2026-01-25T23:34:23.013816+00:00", "data": {"market": "0x997c9af4932c7521747872cc47ff48f8b25de77e4119c223abd39a9dcb1995d0", "price_changes": [{"asset_id": "106396966417057951569060810559007144920944647642220705670417093954955492126873", "price": "0.96", "size": "375", "side": "BUY", "hash": "42b956f2e401d748079c138acdd496b878daa613", "best_bid": "0.967", "best_ask": "0.979"}, {"asset_id": "106411063005263481327004901286135857173682677633159645291660836307215293494633", "price": "0.04", "size": "375", "side": "SELL", "hash": "323b42afe8c4f282a55e024b273c5d13d2618c40", "best_bid": "0.021", "best_ask": "0.033"}], "timestamp": "1769384062943", "event_type": "price_change"}}
{"_local_timestamp": "2026-01-25T23:34:23.203266+00:00", "data": {"market": "0x997c9af4932c7521747872cc47ff48f8b25de77e4119c223abd39a9dcb1995d0", "price_changes": [{"asset_id": "106396966417057951569060810559007144920944647642220705670417093954955492126873", "price": "0.96", "size": "250", "side": "BUY", "hash": "9717268474f734dd7389ec9a86360dc3585e3f23", "best_bid": "0.967", "best_ask": "0.979"}, {"asset_id": "106411063005263481327004901286135857173682677633159645291660836307215293494633", "price": "0.04", "size": "250", "side": "SELL", "hash": "efb5fb37f1a9b6d39dbce123c1c943c59726d9bc", "best_bid": "0.021", "best_ask": "0.033"}], "timestamp": "1769384063130", "event_type": "price_change"}}
{"_local_timestamp": "2026-01-25T23:34:23.537794+00:00", "data": {"market": "0x997c9af4932c7521747872cc47ff48f8b25de77e4119c223abd39a9dcb1995d0", "price_changes": [{"asset_id": "106396966417057951569060810559007144920944647642220705670417093954955492126873", "price": "0.96", "size": "375", "side": "BUY", "hash": "32f9578adbe065b04d6230d9fa65d2acab93813f", "best_bid": "0.967", "best_ask": "0.979"}, {"asset_id": "106411063005263481327004901286135857173682677633159645291660836307215293494633", "price": "0.04", "size": "375", "side": "SELL", "hash": "8b4f1fb88bdd43be5da8b70d7077bb93e2359460", "best_bid": "0.021", "best_ask": "0.033"}], "timestamp": "1769384063464", "event_type": "price_change"}}
{"_local_timestamp": "2026-01-25T23:34:23.709961+00:00", "data": {"market": "0x997c9af4932c7521747872cc47ff48f8b25de77e4119c223abd39a9dcb1995d0", "price_changes": [{"asset_id": "106396966417057951569060810559007144920944647642220705670417093954955492126873", "price": "0.96", "size": "250", "side": "BUY", "hash": "28ec5d8a031075fb12fb28ec2d545b027b4933cc", "best_bid": "0.967", "best_ask": "0.979"}, {"asset_id": "106411063005263481327004901286135857173682677633159645291660836307215293494633", "price": "0.04", "size": "250", "side": "SELL", "hash": "66eb6890b5f7ccc03becad615609988a9364de10", "best_bid": "0.021", "best_ask": "0.033"}], "timestamp": "1769384063642", "event_type": "price_change"}}
{"_local_timestamp": "2026-01-25T23:34:24.020326+00:00", "data": {"market": "0x997c9af4932c7521747872cc47ff48f8b25de77e4119c223abd39a9dcb1995d0", "price_changes": [{"asset_id": "106396966417057951569060810559007144920944647642220705670417093954955492126873", "price": "0.96", "size": "375", "side": "BUY", "hash": "b65be1b89a3d7b704dba2a91f8bd62a38984211e", "best_bid": "0.967", "best_ask": "0.979"}, {"asset_id": "106411063005263481327004901286135857173682677633159645291660836307215293494633", "price": "0.04", "size": "375", "side": "SELL", "hash": "ecda61b8332b289ee83214d4c48ae0cd9ad83257", "best_bid": "0.021", "best_ask": "0.033"}], "timestamp": "1769384063954", "event_type": "price_change"}}
{"_local_timestamp": "2026-01-25T23:34:24.220901+00:00", "data": {"market": "0x997c9af4932c7521747872cc47ff48f8b25de77e4119c223abd39a9dcb1995d0", "price_changes": [{"asset_id": "106396966417057951569060810559007144920944647642220705670417093954955492126873", "price": "0.96", "size": "250", "side": "BUY", "hash": "26839c3c491cc01a72719d8d402c5ddf60eb51c0", "best_bid": "0.967", "best_ask": "0.979"}, {"asset_id": "106411063005263481327004901286135857173682677633159645291660836307215293494633", "price": "0.04", "size": "250", "side": "SELL", "hash": "08ea7a9bd335849b6af1e4e667dd8cc74e3527c8", "best_bid": "0.021", "best_ask": "0.033"}], "timestamp": "1769384064135", "event_type": "price_change"}}
{"_local_timestamp": "2026-01-25T23:34:24.525154+00:00", "data": {"market": "0x997c9af4932c7521747872cc47ff48f8b25de77e4119c223abd39a9dcb1995d0", "price_changes": [{"asset_id": "106396966417057951569060810559007144920944647642220705670417093954955492126873", "price": "0.96", "size": "375", "side": "BUY", "hash": "e3e43c9a36e9c2a014cf1472dc0ac525a255c04d", "best_bid": "0.967", "best_ask": "0.979"}, {"asset_id": "106411063005263481327004901286135857173682677633159645291660836307215293494633", "price": "0.04", "size": "375", "side": "SELL", "hash": "09acb186d32a77c5202b84840b17b61be2c3c1ef", "best_bid": "0.021", "best_ask": "0.033"}], "timestamp": "1769384064461", "event_type": "price_change"}}
{"_local_timestamp": "2026-01-25T23:34:24.727496+00:00", "data": {"market": "0x997c9af4932c7521747872cc47ff48f8b25de77e4119c223abd39a9dcb1995d0", "price_changes": [{"asset_id": "106396966417057951569060810559007144920944647642220705670417093954955492126873", "price": "0.96", "size": "250", "side": "BUY", "hash": "2a4e63a3999c49c476e180b005276c85f9c587e4", "best_bid": "0.967", "best_ask": "0.979"}, {"asset_id": "106411063005263481327004901286135857173682677633159645291660836307215293494633", "price": "0.04", "size": "250", "side": "SELL", "hash": "187465ab84de44ae7672716d2aea1724aca517c0", "best_bid": "0.021", "best_ask": "0.033"}], "timestamp": "1769384064652", "event_type": "price_change"}}
{"_local_timestamp": "2026-01-25T23:34:25.049065+00:00", "data": {"market": "0x997c9af4932c7521747872cc47ff48f8b25de77e4119c223abd39a9dcb1995d0", "price_changes": [{"asset_id": "106396966417057951569060810559007144920944647642220705670417093954955492126873", "price": "0.96", "size": "375", "side": "BUY", "hash": "0b6b3cdccad031dfdc0f21ce970aed4bdd45628d", "best_bid": "0.967", "best_ask": "0.979"}, {"asset_id": "106411063005263481327004901286135857173682677633159645291660836307215293494633", "price": "0.04", "size": "375", "side": "SELL", "hash": "3073c502d466bb284870f5b888d817863e71cba2", "best_bid": "0.021", "best_ask": "0.033"}], "timestamp": "1769384064978", "event_type": "price_change"}}
{"_local_timestamp": "2026-01-25T23:34:25.231038+00:00", "data": {"market": "0x997c9af4932c7521747872cc47ff48f8b25de77e4119c223abd39a9dcb1995d0", "price_changes": [{"asset_id": "106396966417057951569060810559007144920944647642220705670417093954955492126873", "price": "0.96", "size": "250", "side": "BUY", "hash": "b19bfb3a77566d214d04ba8c0f2fb3eaf42bbf4b", "best_bid": "0.967", "best_ask": "0.979"}, {"asset_id": "106411063005263481327004901286135857173682677633159645291660836307215293494633", "price": "0.04", "size": "250", "side": "SELL", "hash": "05a10737f521cabe185bed0ee783ac596f636a66", "best_bid": "0.021", "best_ask": "0.033"}], "timestamp": "1769384065159", "event_type": "price_change"}}
{"_local_timestamp": "2026-01-25T23:34:25.567190+00:00", "data": {"market": "0x997c9af4932c7521747872cc47ff48f8b25de77e4119c223abd39a9dcb1995d0", "price_changes": [{"asset_id": "106396966417057951569060810559007144920944647642220705670417093954955492126873", "price": "0.96", "size": "375", "side": "BUY", "hash": "54dcb4a7b1efae6219b42b2e6c3994bfb2c17ce7", "best_bid": "0.967", "best_ask": "0.979"}, {"asset_id": "106411063005263481327004901286135857173682677633159645291660836307215293494633", "price": "0.04", "size": "375", "side": "SELL", "hash": "5ce5626db4fb435d9fd0f7ef45d7fda089c3feef", "best_bid": "0.021", "best_ask": "0.033"}], "timestamp": "1769384065492", "event_type": "price_change"}}
{"_local_timestamp": "2026-01-25T23:34:25.752384+00:00", "data": {"market": "0x997c9af4932c7521747872cc47ff48f8b25de77e4119c223abd39a9dcb1995d0", "price_changes": [{"asset_id": "106396966417057951569060810559007144920944647642220705670417093954955492126873", "price": "0.96", "size": "250", "side": "BUY", "hash": "4fa3c77024457acfcf443dcda8b0f9f724c78b04", "best_bid": "0.967", "best_ask": "0.979"}, {"asset_id": "106411063005263481327004901286135857173682677633159645291660836307215293494633", "price": "0.04", "size": "250", "side": "SELL", "hash": "9c7fae7132b2608e019ee7be341c598064a2f77e", "best_bid": "0.021", "best_ask": "0.033"}], "timestamp": "1769384065683", "event_type": "price_change"}}
{"_local_timestamp": "2026-01-25T23:34:26.065744+00:00", "data": {"market": "0x997c9af4932c7521747872cc47ff48f8b25de77e4119c223abd39a9dcb1995d0", "price_changes": [{"asset_id": "106396966417057951569060810559007144920944647642220705670417093954955492126873", "price": "0.96", "size": "375", "side": "BUY", "hash": "6945b65e6c46c0b02bca39c247faeb3e61089269", "best_bid": "0.967", "best_ask": "0.979"}, {"asset_id": "106411063005263481327004901286135857173682677633159645291660836307215293494633", "price": "0.04", "size": "375", "side": "SELL", "hash": "af31741c6ed3c74f89e0d92d18274adc2b25e521", "best_bid": "0.021", "best_ask": "0.033"}], "timestamp": "1769384065985", "event_type": "price_change"}}
{"_local_timestamp": "2026-01-25T23:34:26.238828+00:00", "data": {"market": "0x997c9af4932c7521747872cc47ff48f8b25de77e4119c223abd39a9dcb1995d0", "price_changes": [{"asset_id": "106396966417057951569060810559007144920944647642220705670417093954955492126873", "price": "0.96", "size": "250", "side": "BUY", "hash": "23750e1addb683d3950a3d22678bc5ee0b2ed997", "best_bid": "0.967", "best_ask": "0.979"}, {"asset_id": "106411063005263481327004901286135857173682677633159645291660836307215293494633", "price": "0.04", "size": "250", "side": "SELL", "hash": "2bb35e3c48c837c359d79c8cbb8f86d240650f91", "best_bid": "0.021", "best_ask": "0.033"}], "timestamp": "1769384066170", "event_type": "price_change"}}
{"_local_timestamp": "2026-01-25T23:34:26.589243+00:00", "data": {"market": "0x997c9af4932c7521747872cc47ff48f8b25de77e4119c223abd39a9dcb1995d0", "price_changes": [{"asset_id": "106396966417057951569060810559007144920944647642220705670417093954955492126873", "price": "0.96", "size": "375", "side": "BUY", "hash": "e6e2ca22eedef4a03d23b8811fc89a9a6a2120d7", "best_bid": "0.967", "best_ask": "0.979"}, {"asset_id": "106411063005263481327004901286135857173682677633159645291660836307215293494633", "price": "0.04", "size": "375", "side": "SELL", "hash": "61d2c54a9f3c1013b0cbf01e554a9c46c5c6007a", "best_bid": "0.021", "best_ask": "0.033"}], "timestamp": "1769384066521", "event_type": "price_change"}}
{"_local_timestamp": "2026-01-25T23:34:26.739708+00:00", "data": {"market": "0x997c9af4932c7521747872cc47ff48f8b25de77e4119c223abd39a9dcb1995d0", "price_changes": [{"asset_id": "106396966417057951569060810559007144920944647642220705670417093954955492126873", "price": "0.96", "size": "250", "side": "BUY", "hash": "1b707e760c73a68301a10937fb8fcb5513023a4e", "best_bid": "0.967", "best_ask": "0.979"}, {"asset_id": "106411063005263481327004901286135857173682677633159645291660836307215293494633", "price": "0.04", "size": "250", "side": "SELL", "hash": "f7a4f531b46df489bcc48f87df923148270bb759", "best_bid": "0.021", "best_ask": "0.033"}], "timestamp": "1769384066675", "event_type": "price_change"}}
{"_local_timestamp": "2026-01-25T23:34:27.125598+00:00", "data": {"market": "0x997c9af4932c7521747872cc47ff48f8b25de77e4119c223abd39a9dcb1995d0", "price_changes": [{"asset_id": "106396966417057951569060810559007144920944647642220705670417093954955492126873", "price": "0.96", "size": "375", "side": "BUY", "hash": "fa92965a060553a35d5895981d7baa241dcffbf8", "best_bid": "0.967", "best_ask": "0.979"}, {"asset_id": "106411063005263481327004901286135857173682677633159645291660836307215293494633", "price": "0.04", "size": "375", "side": "SELL", "hash": "4f803a9f103949114662d90fa14276e88a9e9f44", "best_bid": "0.021", "best_ask": "0.033"}], "timestamp": "1769384067018", "event_type": "price_change"}}
{"_local_timestamp": "2026-01-25T23:34:27.259249+00:00", "data": {"market": "0x997c9af4932c7521747872cc47ff48f8b25de77e4119c223abd39a9dcb1995d0", "price_changes": [{"asset_id": "106396966417057951569060810559007144920944647642220705670417093954955492126873", "price": "0.96", "size": "250", "side": "BUY", "hash": "d364a849740087536a8e632e1c19b8c2236ec56c", "best_bid": "0.967", "best_ask": "0.979"}, {"asset_id": "106411063005263481327004901286135857173682677633159645291660836307215293494633", "price": "0.04", "size": "250", "side": "SELL", "hash": "1de38897a07e33310c2b8ed138e613783f1a9ae6", "best_bid": "0.021", "best_ask": "0.033"}], "timestamp": "1769384067189", "event_type": "price_change"}}
{"_local_timestamp": "2026-01-25T23:34:27.581834+00:00", "data": {"market": "0x997c9af4932c7521747872cc47ff48f8b25de77e4119c223abd39a9dcb1995d0", "price_changes": [{"asset_id": "106396966417057951569060810559007144920944647642220705670417093954955492126873", "price": "0.96", "size": "375", "side": "BUY", "hash": "030b94eab065e9a219f8db59c5353211e0644a65", "best_bid": "0.967", "best_ask": "0.979"}, {"asset_id": "106411063005263481327004901286135857173682677633159645291660836307215293494633", "price": "0.04", "size": "375", "side": "SELL", "hash": "c8c02f3ea185e37886f68a2d05aa9599f1269689", "best_bid": "0.021", "best_ask": "0.033"}], "timestamp": "1769384067514", "event_type": "price_change"}}
{"_local_timestamp": "2026-01-25T23:34:27.629550+00:00", "data": {"market": "0x997c9af4932c7521747872cc47ff48f8b25de77e4119c223abd39a9dcb1995d0", "price_changes": [{"asset_id": "106396966417057951569060810559007144920944647642220705670417093954955492126873", "price": "0.249", "size": "300", "side": "BUY", "hash": "58dbb8ef68e278ed4b1729c919a6205b5f0f5191", "best_bid": "0.967", "best_ask": "0.979"}, {"asset_id": "106411063005263481327004901286135857173682677633159645291660836307215293494633", "price": "0.751", "size": "300", "side": "SELL", "hash": "90168fce202b8d7d25dcfb07d615c40468dda83a", "best_bid": "0.021", "best_ask": "0.033"}], "timestamp": "1769384067558", "event_type": "price_change"}}
{"_local_timestamp": "2026-01-25T23:34:27.913495+00:00", "data": {"market": "0x997c9af4932c7521747872cc47ff48f8b25de77e4119c223abd39a9dcb1995d0", "price_changes": [{"asset_id": "106396966417057951569060810559007144920944647642220705670417093954955492126873", "price": "0.96", "size": "250", "side": "BUY", "hash": "b725dac3cce1e1c2a305a25998c353dd0a7223bb", "best_bid": "0.967", "best_ask": "0.979"}, {"asset_id": "106411063005263481327004901286135857173682677633159645291660836307215293494633", "price": "0.04", "size": "250", "side": "SELL", "hash": "0c1fdbe3bacb5e03d7f3d1fefe4ac22d5b09e72f", "best_bid": "0.021", "best_ask": "0.033"}], "timestamp": "1769384067735", "event_type": "price_change"}}
{"_local_timestamp": "2026-01-25T23:34:28.383953+00:00", "data": {"market": "0x997c9af4932c7521747872cc47ff48f8b25de77e4119c223abd39a9dcb1995d0", "price_changes": [{"asset_id": "106396966417057951569060810559007144920944647642220705670417093954955492126873", "price": "0.25", "size": "1830", "side": "BUY", "hash": "4365a3ea61954f9fd50c52f097243d9290fe454f", "best_bid": "0.967", "best_ask": "0.979"}, {"asset_id": "106411063005263481327004901286135857173682677633159645291660836307215293494633", "price": "0.75", "size": "1830", "side": "SELL", "hash": "4854045307755215d78b078a7678cfc563a69fbe", "best_bid": "0.021", "best_ask": "0.033"}], "timestamp": "1769384068112", "event_type": "price_change"}}
{"_local_timestamp": "2026-01-25T23:34:28.391011+00:00", "data": {"market": "0x997c9af4932c7521747872cc47ff48f8b25de77e4119c223abd39a9dcb1995d0", "price_changes": [{"asset_id": "106396966417057951569060810559007144920944647642220705670417093954955492126873", "price": "0.96", "size": "375", "side": "BUY", "hash": "bb7c18312e352ff870d6e99a037e33286cf436f4", "best_bid": "0.967", "best_ask": "0.979"}, {"asset_id": "106411063005263481327004901286135857173682677633159645291660836307215293494633", "price": "0.04", "size": "375", "side": "SELL", "hash": "939b9075aa8f5b3bf0a695f2874b26eba8493286", "best_bid": "0.021", "best_ask": "0.033"}], "timestamp": "1769384068198", "event_type": "price_change"}}
{"_local_timestamp": "2026-01-25T23:34:28.723235+00:00", "data": {"market": "0x997c9af4932c7521747872cc47ff48f8b25de77e4119c223abd39a9dcb1995d0", "price_changes": [{"asset_id": "106396966417057951569060810559007144920944647642220705670417093954955492126873", "price": "0.96", "size": "250", "side": "BUY", "hash": "74a19d5b71f85720c8a0392794f8a25b05b6191c", "best_bid": "0.967", "best_ask": "0.979"}, {"asset_id": "106411063005263481327004901286135857173682677633159645291660836307215293494633", "price": "0.04", "size": "250", "side": "SELL", "hash": "fce7686ff87a175c02af3c30b0b3714fa3dc4727", "best_bid": "0.021", "best_ask": "0.033"}], "timestamp": "1769384068304", "event_type": "price_change"}}
{"_local_timestamp": "2026-01-25T23:34:29.012566+00:00", "data": {"market": "0x997c9af4932c7521747872cc47ff48f8b25de77e4119c223abd39a9dcb1995d0", "price_changes": [{"asset_id": "106396966417057951569060810559007144920944647642220705670417093954955492126873", "price": "0.96", "size": "375", "side": "BUY", "hash": "fe754ce08df4a3d7804fad6cf8252646f15b689a", "best_bid": "0.967", "best_ask": "0.979"}, {"asset_id": "106411063005263481327004901286135857173682677633159645291660836307215293494633", "price": "0.04", "size": "375", "side": "SELL", "hash": "e192436452b8a7e07fe84c582423caf6d769ddfb", "best_bid": "0.021", "best_ask": "0.033"}], "timestamp": "1769384068673", "event_type": "price_change"}}
{"_local_timestamp": "2026-01-25T23:34:29.106229+00:00", "data": {"market": "0x997c9af4932c7521747872cc47ff48f8b25de77e4119c223abd39a9dcb1995d0", "price_changes": [{"asset_id": "106396966417057951569060810559007144920944647642220705670417093954955492126873", "price": "0.96", "size": "250", "side": "BUY", "hash": "d567f39dd372068233bf872ba05f22491b43ca02", "best_bid": "0.967", "best_ask": "0.979"}, {"asset_id": "106411063005263481327004901286135857173682677633159645291660836307215293494633", "price": "0.04", "size": "250", "side": "SELL", "hash": "db1ce7b67197ab0c434185e1bd85540b35de3358", "best_bid": "0.021", "best_ask": "0.033"}], "timestamp": "1769384068850", "event_type": "price_change"}}
{"_local_timestamp": "2026-01-25T23:34:29.273154+00:00", "data": {"market": "0x997c9af4932c7521747872cc47ff48f8b25de77e4119c223abd39a9dcb1995d0", "price_changes": [{"asset_id": "106396966417057951569060810559007144920944647642220705670417093954955492126873", "price": "0.96", "size": "375", "side": "BUY", "hash": "6acc3738549fe32831eca69cfc5f2472b8f48dbe", "best_bid": "0.967", "best_ask": "0.979"}, {"asset_id": "106411063005263481327004901286135857173682677633159645291660836307215293494633", "price": "0.04", "size": "375", "side": "SELL", "hash": "28c6d252cf05b8a7c28e26f0b5d5830c11a231b4", "best_bid": "0.021", "best_ask": "0.033"}], "timestamp": "1769384069198", "event_type": "price_change"}}
{"_local_timestamp": "2026-01-25T23:34:29.432411+00:00", "data": {"market": "0x997c9af4932c7521747872cc47ff48f8b25de77e4119c223abd39a9dcb1995d0", "price_changes": [{"asset_id": "106396966417057951569060810559007144920944647642220705670417093954955492126873", "price": "0.96", "size": "250", "side": "BUY", "hash": "4ae424b35a5da579f0e375151ef3bc5bddc8270c", "best_bid": "0.967", "best_ask": "0.979"}, {"asset_id": "106411063005263481327004901286135857173682677633159645291660836307215293494633", "price": "0.04", "size": "250", "side": "SELL", "hash": "e03299725a565284fd1ff0a69fabffec7f21e192", "best_bid": "0.021", "best_ask": "0.033"}], "timestamp": "1769384069367", "event_type": "price_change"}}
{"_local_timestamp": "2026-01-25T23:34:29.467832+00:00", "data": {"market": "0x997c9af4932c7521747872cc47ff48f8b25de77e4119c223abd39a9dcb1995d0", "price_changes": [{"asset_id": "106396966417057951569060810559007144920944647642220705670417093954955492126873", "price": "0.972", "size": "50", "side": "BUY", "hash": "1a8e0ab598d49e07f53509cc0dbfd1fbe9a3e80c", "best_bid": "0.972", "best_ask": "0.979"}, {"asset_id": "106411063005263481327004901286135857173682677633159645291660836307215293494633", "price": "0.028", "size": "50", "side": "SELL", "hash": "5226eda312da403a720b8e6b038516e93bb4f858", "best_bid": "0.021", "best_ask": "0.028"}], "timestamp": "1769384069402", "event_type": "price_change"}}
{"_local_timestamp": "2026-01-25T23:34:29.497952+00:00", "data": {"market": "0x997c9af4932c7521747872cc47ff48f8b25de77e4119c223abd39a9dcb1995d0", "price_changes": [{"asset_id": "106411063005263481327004901286135857173682677633159645291660836307215293494633", "price": "0.01", "size": "2554.53", "side": "BUY", "hash": "d368f7d65c961233556b9b95f4e36592b9773af4", "best_bid": "0.021", "best_ask": "0.028"}, {"asset_id": "106396966417057951569060810559007144920944647642220705670417093954955492126873", "price": "0.99", "size": "2554.53", "side": "SELL", "hash": "1067b26a2d2aec081d85931cab0c385d5c043689", "best_bid": "0.972", "best_ask": "0.979"}], "timestamp": "1769384069428", "event_type": "price_change"}}
{"_local_timestamp": "2026-01-25T23:34:29.840604+00:00", "data": {"market": "0x997c9af4932c7521747872cc47ff48f8b25de77e4119c223abd39a9dcb1995d0", "price_changes": [{"asset_id": "106396966417057951569060810559007144920944647642220705670417093954955492126873", "price": "0.96", "size": "375", "side": "BUY", "hash": "a3fb3057e32174bfd68733ec0b01bc180e76b602", "best_bid": "0.972", "best_ask": "0.979"}, {"asset_id": "106411063005263481327004901286135857173682677633159645291660836307215293494633", "price": "0.04", "size": "375", "side": "SELL", "hash": "28fe8cc1e95c2fa63a64ecd823afa9dc707279fa", "best_bid": "0.021", "best_ask": "0.028"}], "timestamp": "1769384069676", "event_type": "price_change"}}
{"_local_timestamp": "2026-01-25T23:34:30.052632+00:00", "data": {"market": "0x997c9af4932c7521747872cc47ff48f8b25de77e4119c223abd39a9dcb1995d0", "price_changes": [{"asset_id": "106396966417057951569060810559007144920944647642220705670417093954955492126873", "price": "0.96", "size": "250", "side": "BUY", "hash": "1d7e5c3941c3610e511a990392560d97ccdabf51", "best_bid": "0.972", "best_ask": "0.979"}, {"asset_id": "106411063005263481327004901286135857173682677633159645291660836307215293494633", "price": "0.04", "size": "250", "side": "SELL", "hash": "6a1db498fc235b916ca023cc13575ad7f3c0075a", "best_bid": "0.021", "best_ask": "0.028"}], "timestamp": "1769384069872", "event_type": "price_change"}}
{"_local_timestamp": "2026-01-25T23:34:30.067148+00:00", "data": {"market": "0x997c9af4932c7521747872cc47ff48f8b25de77e4119c223abd39a9dcb1995d0", "price_changes": [{"asset_id": "106411063005263481327004901286135857173682677633159645291660836307215293494633", "price": "0.021", "size": "11.5", "side": "BUY", "hash": "b1deb3d1cda058b9e77891c7a74e12d72523903d", "best_bid": "0.021", "best_ask": "0.028"}, {"asset_id": "106396966417057951569060810559007144920944647642220705670417093954955492126873", "price": "0.979", "size": "11.5", "side": "SELL", "hash": "d22a2ddb9dab9d15d614897a60a39e2adfdc9057", "best_bid": "0.972", "best_ask": "0.979"}], "timestamp": "1769384069894", "event_type": "price_change"}}
{"_local_timestamp": "2026-01-25T23:34:30.360557+00:00", "data": {"market": "0x997c9af4932c7521747872cc47ff48f8b25de77e4119c223abd39a9dcb1995d0", "price_changes": [{"asset_id": "106396966417057951569060810559007144920944647642220705670417093954955492126873", "price": "0.96", "size": "375", "side": "BUY", "hash": "bdc8f3e8acf12df8eff641469a66a8892616db1b", "best_bid": "0.972", "best_ask": "0.979"}, {"asset_id": "106411063005263481327004901286135857173682677633159645291660836307215293494633", "price": "0.04", "size": "375", "side": "SELL", "hash": "bce8cdc80c69747202b6174e39c2c49f1fdd3d97", "best_bid": "0.021", "best_ask": "0.028"}], "timestamp": "1769384070189", "event_type": "price_change"}}
{"_local_timestamp": "2026-01-25T23:34:30.557701+00:00", "data": {"market": "0x997c9af4932c7521747872cc47ff48f8b25de77e4119c223abd39a9dcb1995d0", "price_changes": [{"asset_id": "106396966417057951569060810559007144920944647642220705670417093954955492126873", "price": "0.96", "size": "250", "side": "BUY", "hash": "e538b314b50cc6824fbe0a412663e9df13dac82f", "best_bid": "0.972", "best_ask": "0.979"}, {"asset_id": "106411063005263481327004901286135857173682677633159645291660836307215293494633", "price": "0.04", "size": "250", "side": "SELL", "hash": "35b9bd32231fe63709d301c7bdb472353e044af9", "best_bid": "0.021", "best_ask": "0.028"}], "timestamp": "1769384070384", "event_type": "price_change"}}
{"_local_timestamp": "2026-01-25T23:34:30.775376+00:00", "data": {"market": "0x997c9af4932c7521747872cc47ff48f8b25de77e4119c223abd39a9dcb1995d0", "price_changes": [{"asset_id": "106396966417057951569060810559007144920944647642220705670417093954955492126873", "price": "0.96", "size": "375", "side": "BUY", "hash": "9d4e5749313fab0c627d7f92683c19d427df21a7", "best_bid": "0.972", "best_ask": "0.979"}, {"asset_id": "106411063005263481327004901286135857173682677633159645291660836307215293494633", "price": "0.04", "size": "375", "side": "SELL", "hash": "7cb009164c51e0dd62ab6eb5babc3dc62251d06c", "best_bid": "0.021", "best_ask": "0.028"}], "timestamp": "1769384070708", "event_type": "price_change"}}
{"_local_timestamp": "2026-01-25T23:34:30.948974+00:00", "data": {"market": "0x997c9af4932c7521747872cc47ff48f8b25de77e4119c223abd39a9dcb1995d0", "price_changes": [{"asset_id": "106396966417057951569060810559007144920944647642220705670417093954955492126873", "price": "0.96", "size": "250", "side": "BUY", "hash": "81e77881dd0c91e2fd28dd29eca793fd80b217cd", "best_bid": "0.972", "best_ask": "0.979"}, {"asset_id": "106411063005263481327004901286135857173682677633159645291660836307215293494633", "price": "0.04", "size": "250", "side": "SELL", "hash": "caebe8c9f91d4248347707f39e02c72a4ba48ea1", "best_bid": "0.021", "best_ask": "0.028"}], "timestamp": "1769384070880", "event_type": "price_change"}}
{"_local_timestamp": "2026-01-25T23:34:31.304437+00:00", "data": {"market": "0x997c9af4932c7521747872cc47ff48f8b25de77e4119c223abd39a9dcb1995d0", "price_changes": [{"asset_id": "106396966417057951569060810559007144920944647642220705670417093954955492126873", "price": "0.96", "size": "375", "side": "BUY", "hash": "9ad53bcc0f82dae91f12ca353679bae20fb75846", "best_bid": "0.972", "best_ask": "0.979"}, {"asset_id": "106411063005263481327004901286135857173682677633159645291660836307215293494633", "price": "0.04", "size": "375", "side": "SELL", "hash": "06539ec4106607cf06d97ff033fc72be6986fd3d", "best_bid": "0.021", "best_ask": "0.028"}], "timestamp": "1769384071236", "event_type": "price_change"}}
{"_local_timestamp": "2026-01-25T23:34:31.457829+00:00", "data": {"market": "0x997c9af4932c7521747872cc47ff48f8b25de77e4119c223abd39a9dcb1995d0", "price_changes": [{"asset_id": "106396966417057951569060810559007144920944647642220705670417093954955492126873", "price": "0.96", "size": "250", "side": "BUY", "hash": "2377b186432927887c55756e042513b38b952da7", "best_bid": "0.972", "best_ask": "0.979"}, {"asset_id": "106411063005263481327004901286135857173682677633159645291660836307215293494633", "price": "0.04", "size": "250", "side": "SELL", "hash": "d1774c63205a534fe3241d1fe44f75faccb04b8f", "best_bid": "0.021", "best_ask": "0.028"}], "timestamp": "1769384071389", "event_type": "price_change"}}
{"_local_timestamp": "2026-01-25T23:34:31.786183+00:00", "data": {"market": "0x997c9af4932c7521747872cc47ff48f8b25de77e4119c223abd39a9dcb1995d0", "price_changes": [{"asset_id": "106396966417057951569060810559007144920944647642220705670417093954955492126873", "price": "0.96", "size": "375", "side": "BUY", "hash": "671edc901afb8ad8ef6567c3be19da43107a2fb1", "best_bid": "0.972", "best_ask": "0.979"}, {"asset_id": "106411063005263481327004901286135857173682677633159645291660836307215293494633", "price": "0.04", "size": "375", "side": "SELL", "hash": "77a3c427c1447f5e4f8e3b88fe2a4a0eb6aab2d8", "best_bid": "0.021", "best_ask": "0.028"}], "timestamp": "1769384071714", "event_type": "price_change"}}
{"_local_timestamp": "2026-01-25T23:34:32.162051+00:00", "data": {"market": "0x997c9af4932c7521747872cc47ff48f8b25de77e4119c223abd39a9dcb1995d0", "price_changes": [{"asset_id": "106396966417057951569060810559007144920944647642220705670417093954955492126873", "price": "0.96", "size": "250", "side": "BUY", "hash": "cc8d57b775c8bc581a21df59c7ad64d8ae71a654", "best_bid": "0.972", "best_ask": "0.979"}, {"asset_id": "106411063005263481327004901286135857173682677633159645291660836307215293494633", "price": "0.04", "size": "250", "side": "SELL", "hash": "04dbe819b771b2cf363b930a7c61b265e63a656c", "best_bid": "0.021", "best_ask": "0.028"}], "timestamp": "1769384072032", "event_type": "price_change"}}
{"_local_timestamp": "2026-01-25T23:34:32.339500+00:00", "data": {"market": "0x997c9af4932c7521747872cc47ff48f8b25de77e4119c223abd39a9dcb1995d0", "price_changes": [{"asset_id": "106396966417057951569060810559007144920944647642220705670417093954955492126873", "price": "0.96", "size": "375", "side": "BUY", "hash": "b74fccbcabb52d86f91324642e3664448b18c502", "best_bid": "0.972", "best_ask": "0.979"}, {"asset_id": "106411063005263481327004901286135857173682677633159645291660836307215293494633", "price": "0.04", "size": "375", "side": "SELL", "hash": "c40a1c0663dd14f0de9cf5088c31d41576d39e60", "best_bid": "0.021", "best_ask": "0.028"}], "timestamp": "1769384072213", "event_type": "price_change"}}
{"_local_timestamp": "2026-01-25T23:34:32.587481+00:00", "data": {"market": "0x997c9af4932c7521747872cc47ff48f8b25de77e4119c223abd39a9dcb1995d0", "price_changes": [{"asset_id": "106396966417057951569060810559007144920944647642220705670417093954955492126873", "price": "0.96", "size": "250", "side": "BUY", "hash": "b6a151fda536f4a79652424acc20245f8bbed022", "best_bid": "0.972", "best_ask": "0.979"}, {"asset_id": "106411063005263481327004901286135857173682677633159645291660836307215293494633", "price": "0.04", "size": "250", "side": "SELL", "hash": "ebb01de0aeaa43d5fbb0442f37bd710c85b64a2a", "best_bid": "0.021", "best_ask": "0.028"}], "timestamp": "1769384072519", "event_type": "price_change"}}
{"_local_timestamp": "2026-01-25T23:34:32.795649+00:00", "data": {"market": "0x997c9af4932c7521747872cc47ff48f8b25de77e4119c223abd39a9dcb1995d0", "price_changes": [{"asset_id": "106396966417057951569060810559007144920944647642220705670417093954955492126873", "price": "0.96", "size": "375", "side": "BUY", "hash": "e2d1bc6b4ab1fdfed50999d0b3c45db414982925", "best_bid": "0.972", "best_ask": "0.979"}, {"asset_id": "106411063005263481327004901286135857173682677633159645291660836307215293494633", "price": "0.04", "size": "375", "side": "SELL", "hash": "06d7b0eb12cb4c0287d128ab2785432b87c72953", "best_bid": "0.021", "best_ask": "0.028"}], "timestamp": "1769384072729", "event_type": "price_change"}}
{"_local_timestamp": "2026-01-25T23:34:33.111230+00:00", "data": {"market": "0x997c9af4932c7521747872cc47ff48f8b25de77e4119c223abd39a9dcb1995d0", "price_changes": [{"asset_id": "106396966417057951569060810559007144920944647642220705670417093954955492126873", "price": "0.96", "size": "250", "side": "BUY", "hash": "42836a96868816238d3d47ef7ae3e102201a4b49", "best_bid": "0.972", "best_ask": "0.979"}, {"asset_id": "106411063005263481327004901286135857173682677633159645291660836307215293494633", "price": "0.04", "size": "250", "side": "SELL", "hash": "3bf149b5bb26f701a23ef95cd037177338df1af3", "best_bid": "0.021", "best_ask": "0.028"}], "timestamp": "1769384073028", "event_type": "price_change"}}
{"_local_timestamp": "2026-01-25T23:34:33.303208+00:00", "data": {"market": "0x997c9af4932c7521747872cc47ff48f8b25de77e4119c223abd39a9dcb1995d0", "price_changes": [{"asset_id": "106396966417057951569060810559007144920944647642220705670417093954955492126873", "price": "0.96", "size": "375", "side": "BUY", "hash": "cc72057e404c6b4b51760e394baea2cf19b8ed4d", "best_bid": "0.972", "best_ask": "0.979"}, {"asset_id": "106411063005263481327004901286135857173682677633159645291660836307215293494633", "price": "0.04", "size": "375", "side": "SELL", "hash": "25ec1321a88ec58a0341f5a9694fcfb250a9f628", "best_bid": "0.021", "best_ask": "0.028"}], "timestamp": "1769384073233", "event_type": "price_change"}}
{"_local_timestamp": "2026-01-25T23:34:33.628818+00:00", "data": {"market": "0x997c9af4932c7521747872cc47ff48f8b25de77e4119c223abd39a9dcb1995d0", "price_changes": [{"asset_id": "106396966417057951569060810559007144920944647642220705670417093954955492126873", "price": "0.96", "size": "250", "side": "BUY", "hash": "364255e89d223548c3f353d1677837ca2bd41432", "best_bid": "0.972", "best_ask": "0.979"}, {"asset_id": "106411063005263481327004901286135857173682677633159645291660836307215293494633", "price": "0.04", "size": "250", "side": "SELL", "hash": "18d951db63b7012add8f04cb4b41a30fdab0bff6", "best_bid": "0.021", "best_ask": "0.028"}], "timestamp": "1769384073531", "event_type": "price_change"}}
{"_local_timestamp": "2026-01-25T23:34:33.812078+00:00", "data": {"market": "0x997c9af4932c7521747872cc47ff48f8b25de77e4119c223abd39a9dcb1995d0", "price_changes": [{"asset_id": "106396966417057951569060810559007144920944647642220705670417093954955492126873", "price": "0.96", "size": "375", "side": "BUY", "hash": "80503abc2df12f83f8994be32d8619bbe09e2663", "best_bid": "0.972", "best_ask": "0.979"}, {"asset_id": "106411063005263481327004901286135857173682677633159645291660836307215293494633", "price": "0.04", "size": "375", "side": "SELL", "hash": "87d8cab07501c6f6dd9c2b901de321e87c275fde", "best_bid": "0.021", "best_ask": "0.028"}], "timestamp": "1769384073745", "event_type": "price_change"}}
{"_local_timestamp": "2026-01-25T23:34:33.824213+00:00", "data": {"market": "0x997c9af4932c7521747872cc47ff48f8b25de77e4119c223abd39a9dcb1995d0", "price_changes": [{"asset_id": "106411063005263481327004901286135857173682677633159645291660836307215293494633", "price": "0.021", "size": "71.5", "side": "BUY", "hash": "0a1b09e7ce7478a63852b43afeb7d5a2ea20e0a7", "best_bid": "0.021", "best_ask": "0.028"}, {"asset_id": "106396966417057951569060810559007144920944647642220705670417093954955492126873", "price": "0.979", "size": "71.5", "side": "SELL", "hash": "106ac0112249d7d54206d902b45430a3543e14d5", "best_bid": "0.972", "best_ask": "0.979"}], "timestamp": "1769384073753", "event_type": "price_change"}}
{"_local_timestamp": "2026-01-25T23:34:34.115003+00:00", "data": {"market": "0x997c9af4932c7521747872cc47ff48f8b25de77e4119c223abd39a9dcb1995d0", "price_changes": [{"asset_id": "106396966417057951569060810559007144920944647642220705670417093954955492126873", "price": "0.96", "size": "250", "side": "BUY", "hash": "c8abe861dfe3cfb8de6e5c095b83e58e8b9dc4ce", "best_bid": "0.972", "best_ask": "0.979"}, {"asset_id": "106411063005263481327004901286135857173682677633159645291660836307215293494633", "price": "0.04", "size": "250", "side": "SELL", "hash": "c7f2a0a7c646441aae0ad497e7aa01106d60c403", "best_bid": "0.021", "best_ask": "0.028"}], "timestamp": "1769384074041", "event_type": "price_change"}}
{"_local_timestamp": "2026-01-25T23:34:34.352073+00:00", "data": {"market": "0x997c9af4932c7521747872cc47ff48f8b25de77e4119c223abd39a9dcb1995d0", "price_changes": [{"asset_id": "106396966417057951569060810559007144920944647642220705670417093954955492126873", "price": "0.96", "size": "375", "side": "BUY", "hash": "92cf69e3bd5e13a5883e12af80fa097c134d96a7", "best_bid": "0.972", "best_ask": "0.979"}, {"asset_id": "106411063005263481327004901286135857173682677633159645291660836307215293494633", "price": "0.04", "size": "375", "side": "SELL", "hash": "a84bc51a17198939ec1b7db03c128355146b7e96", "best_bid": "0.021", "best_ask": "0.028"}], "timestamp": "1769384074280", "event_type": "price_change"}}
{"_local_timestamp": "2026-01-25T23:34:34.628215+00:00", "data": {"market": "0x997c9af4932c7521747872cc47ff48f8b25de77e4119c223abd39a9dcb1995d0", "price_changes": [{"asset_id": "106411063005263481327004901286135857173682677633159645291660836307215293494633", "price": "0.021", "size": "11.5", "side": "BUY", "hash": "56f601c243a1f6aed0e9051428290d563be2ae55", "best_bid": "0.021", "best_ask": "0.028"}, {"asset_id": "106396966417057951569060810559007144920944647642220705670417093954955492126873", "price": "0.979", "size": "11.5", "side": "SELL", "hash": "778e9308f1a9ff8b7b28db973f284655a8747a31", "best_bid": "0.972", "best_ask": "0.979"}], "timestamp": "1769384074558", "event_type": "price_change"}}
{"_local_timestamp": "2026-01-25T23:34:34.632087+00:00", "data": {"market": "0x997c9af4932c7521747872cc47ff48f8b25de77e4119c223abd39a9dcb1995d0", "price_changes": [{"asset_id": "106396966417057951569060810559007144920944647642220705670417093954955492126873", "price": "0.96", "size": "250", "side": "BUY", "hash": "64fdbc746d22c3a1eb9ba8fc4e3c6ddf547f219a", "best_bid": "0.972", "best_ask": "0.979"}, {"asset_id": "106411063005263481327004901286135857173682677633159645291660836307215293494633", "price": "0.04", "size": "250", "side": "SELL", "hash": "03f1bb081e03eede221ac6ff434b39d25792d34b", "best_bid": "0.021", "best_ask": "0.028"}], "timestamp": "1769384074562", "event_type": "price_change"}}
{"_local_timestamp": "2026-01-25T23:34:34.845149+00:00", "data": {"market": "0x997c9af4932c7521747872cc47ff48f8b25de77e4119c223abd39a9dcb1995d0", "price_changes": [{"asset_id": "106396966417057951569060810559007144920944647642220705670417093954955492126873", "price": "0.96", "size": "375", "side": "BUY", "hash": "fd461773fead48bf1b85e1ee61915ef6cf09fcc8", "best_bid": "0.972", "best_ask": "0.979"}, {"asset_id": "106411063005263481327004901286135857173682677633159645291660836307215293494633", "price": "0.04", "size": "375", "side": "SELL", "hash": "be7556304ece3249c4943c989c8a657c26b52390", "best_bid": "0.021", "best_ask": "0.028"}], "timestamp": "1769384074777", "event_type": "price_change"}}
{"_local_timestamp": "2026-01-25T23:34:34.928745+00:00", "data": {"market": "0x997c9af4932c7521747872cc47ff48f8b25de77e4119c223abd39a9dcb1995d0", "price_changes": [{"asset_id": "106411063005263481327004901286135857173682677633159645291660836307215293494633", "price": "0.033", "size": "30", "side": "SELL", "hash": "955a309d64c05e7109303abb469873b6cbcc4976", "best_bid": "0.021", "best_ask": "0.028"}, {"asset_id": "106396966417057951569060810559007144920944647642220705670417093954955492126873", "price": "0.967", "size": "30", "side": "BUY", "hash": "6bf280c47ab58c51bb66122e8f2ec858765c801b", "best_bid": "0.972", "best_ask": "0.979"}], "timestamp": "1769384074855", "event_type": "price_change"}}
{"_local_timestamp": "2026-01-25T23:34:35.150987+00:00", "data": {"market": "0x997c9af4932c7521747872cc47ff48f8b25de77e4119c223abd39a9dcb1995d0", "price_changes": [{"asset_id": "106396966417057951569060810559007144920944647642220705670417093954955492126873", "price": "0.96", "size": "250", "side": "BUY", "hash": "faa59d5d31adec3a3e5077d613fc78cd729504a4", "best_bid": "0.972", "best_ask": "0.979"}, {"asset_id": "106411063005263481327004901286135857173682677633159645291660836307215293494633", "price": "0.04", "size": "250", "side": "SELL", "hash": "72573d440eebecc2747adb456efa99e345343876", "best_bid": "0.021", "best_ask": "0.028"}], "timestamp": "1769384075066", "event_type": "price_change"}}
{"_local_timestamp": "2026-01-25T23:34:35.338183+00:00", "data": {"market": "0x997c9af4932c7521747872cc47ff48f8b25de77e4119c223abd39a9dcb1995d0", "price_changes": [{"asset_id": "106396966417057951569060810559007144920944647642220705670417093954955492126873", "price": "0.96", "size": "375", "side": "BUY", "hash": "56a71880062395b064eaa685575ceebf05fb53bd", "best_bid": "0.972", "best_ask": "0.979"}, {"asset_id": "106411063005263481327004901286135857173682677633159645291660836307215293494633", "price": "0.04", "size": "375", "side": "SELL", "hash": "6af95320f012624514143d90d98a9ccb05b2d7b0", "best_bid": "0.021", "best_ask": "0.028"}], "timestamp": "1769384075274", "event_type": "price_change"}}
{"_local_timestamp": "2026-01-25T23:34:35.638207+00:00", "data": {"market": "0x997c9af4932c7521747872cc47ff48f8b25de77e4119c223abd39a9dcb1995d0", "price_changes": [{"asset_id": "106396966417057951569060810559007144920944647642220705670417093954955492126873", "price": "0.96", "size": "250", "side": "BUY", "hash": "52490b5342a3718da258c1ae27a2aeded6703b26", "best_bid": "0.972", "best_ask": "0.979"}, {"asset_id": "106411063005263481327004901286135857173682677633159645291660836307215293494633", "price": "0.04", "size": "250", "side": "SELL", "hash": "759edc9b676b7845514b3a832d8a1d3157ea26a3", "best_bid": "0.021", "best_ask": "0.028"}], "timestamp": "1769384075572", "event_type": "price_change"}}
{"_local_timestamp": "2026-01-25T23:34:35.849467+00:00", "data": {"market": "0x997c9af4932c7521747872cc47ff48f8b25de77e4119c223abd39a9dcb1995d0", "price_changes": [{"asset_id": "106396966417057951569060810559007144920944647642220705670417093954955492126873", "price": "0.96", "size": "375", "side": "BUY", "hash": "13ab34d55d6739d881370ecb51d066ee2d790752", "best_bid": "0.972", "best_ask": "0.979"}, {"asset_id": "106411063005263481327004901286135857173682677633159645291660836307215293494633", "price": "0.04", "size": "375", "side": "SELL", "hash": "776e8c7ee7fb7455f6b48b813d6a3b536ae5a67b", "best_bid": "0.021", "best_ask": "0.028"}], "timestamp": "1769384075783", "event_type": "price_change"}}
{"_local_timestamp": "2026-01-25T23:34:36.174367+00:00", "data": {"market": "0x997c9af4932c7521747872cc47ff48f8b25de77e4119c223abd39a9dcb1995d0", "price_changes": [{"asset_id": "106396966417057951569060810559007144920944647642220705670417093954955492126873", "price": "0.96", "size": "250", "side": "BUY", "hash": "4381990beeb9ca7cb96e31ea26de30ef2a500a5b", "best_bid": "0.972", "best_ask": "0.979"}, {"asset_id": "106411063005263481327004901286135857173682677633159645291660836307215293494633", "price": "0.04", "size": "250", "side": "SELL", "hash": "cf8ea954ffe95f11385eaf75c1e57b8906f87bae", "best_bid": "0.021", "best_ask": "0.028"}], "timestamp": "1769384076081", "event_type": "price_change"}}
{"_local_timestamp": "2026-01-25T23:34:36.396708+00:00", "data": {"market": "0x997c9af4932c7521747872cc47ff48f8b25de77e4119c223abd39a9dcb1995d0", "price_changes": [{"asset_id": "106396966417057951569060810559007144920944647642220705670417093954955492126873", "price": "0.96", "size": "375", "side": "BUY", "hash": "ba63d9ac9a4a2de5509a667070127ed4de5b58f6", "best_bid": "0.972", "best_ask": "0.979"}, {"asset_id": "106411063005263481327004901286135857173682677633159645291660836307215293494633", "price": "0.04", "size": "375", "side": "SELL", "hash": "b87643754ebbe50dfcaab947325cc8c5e01b0c1c", "best_bid": "0.021", "best_ask": "0.028"}], "timestamp": "1769384076305", "event_type": "price_change"}}
{"_local_timestamp": "2026-01-25T23:34:36.647270+00:00", "data": {"market": "0x997c9af4932c7521747872cc47ff48f8b25de77e4119c223abd39a9dcb1995d0", "price_changes": [{"asset_id": "106396966417057951569060810559007144920944647642220705670417093954955492126873", "price": "0.96", "size": "250", "side": "BUY", "hash": "5658c22bf0ed4f60bc815f65adef6ece940ab9d2", "best_bid": "0.972", "best_ask": "0.979"}, {"asset_id": "106411063005263481327004901286135857173682677633159645291660836307215293494633", "price": "0.04", "size": "250", "side": "SELL", "hash": "adbca8b7b1d19c3dc4e8bbb79806095eea59a923", "best_bid": "0.021", "best_ask": "0.028"}], "timestamp": "1769384076580", "event_type": "price_change"}}
{"_local_timestamp": "2026-01-25T23:34:36.874050+00:00", "data": {"market": "0x997c9af4932c7521747872cc47ff48f8b25de77e4119c223abd39a9dcb1995d0", "price_changes": [{"asset_id": "106396966417057951569060810559007144920944647642220705670417093954955492126873", "price": "0.96", "size": "375", "side": "BUY", "hash": "a33202c364c8301fa8f61100944bc336a0d743fb", "best_bid": "0.972", "best_ask": "0.979"}, {"asset_id": "106411063005263481327004901286135857173682677633159645291660836307215293494633", "price": "0.04", "size": "375", "side": "SELL", "hash": "005391201c19fe0ef3d92332322e171a0674a35c", "best_bid": "0.021", "best_ask": "0.028"}], "timestamp": "1769384076809", "event_type": "price_change"}}
{"_local_timestamp": "2026-01-25T23:34:37.174936+00:00", "data": {"market": "0x997c9af4932c7521747872cc47ff48f8b25de77e4119c223abd39a9dcb1995d0", "price_changes": [{"asset_id": "106396966417057951569060810559007144920944647642220705670417093954955492126873", "price": "0.96", "size": "250", "side": "BUY", "hash": "d8c17b5c63ef83c767af3599cc424fc245468747", "best_bid": "0.972", "best_ask": "0.979"}, {"asset_id": "106411063005263481327004901286135857173682677633159645291660836307215293494633", "price": "0.04", "size": "250", "side": "SELL", "hash": "4cb5098e4703838394b7a829f76d8017076e021c", "best_bid": "0.021", "best_ask": "0.028"}], "timestamp": "1769384077100", "event_type": "price_change"}}
{"_local_timestamp": "2026-01-25T23:34:37.383557+00:00", "data": {"market": "0x997c9af4932c7521747872cc47ff48f8b25de77e4119c223abd39a9dcb1995d0", "price_changes": [{"asset_id": "106396966417057951569060810559007144920944647642220705670417093954955492126873", "price": "0.96", "size": "375", "side": "BUY", "hash": "11eb097c83f1a9c690705f79fa94292e73ab3ee8", "best_bid": "0.972", "best_ask": "0.979"}, {"asset_id": "106411063005263481327004901286135857173682677633159645291660836307215293494633", "price": "0.04", "size": "375", "side": "SELL", "hash": "41b26f950b1cc4bf8d568170fac9fc65e6fd95f0", "best_bid": "0.021", "best_ask": "0.028"}], "timestamp": "1769384077316", "event_type": "price_change"}}
{"_local_timestamp": "2026-01-25T23:34:37.684597+00:00", "data": {"market": "0x997c9af4932c7521747872cc47ff48f8b25de77e4119c223abd39a9dcb1995d0", "price_changes": [{"asset_id": "106396966417057951569060810559007144920944647642220705670417093954955492126873", "price": "0.96", "size": "250", "side": "BUY", "hash": "d2ac826b65287785df5edd63bdc7b86439ad507d", "best_bid": "0.972", "best_ask": "0.979"}, {"asset_id": "106411063005263481327004901286135857173682677633159645291660836307215293494633", "price": "0.04", "size": "250", "side": "SELL", "hash": "ee48e73ce8f7e9e7d1a5b0c6cbe651948ca72e13", "best_bid": "0.021", "best_ask": "0.028"}], "timestamp": "1769384077611", "event_type": "price_change"}}
{"_local_timestamp": "2026-01-25T23:34:37.898021+00:00", "data": {"market": "0x997c9af4932c7521747872cc47ff48f8b25de77e4119c223abd39a9dcb1995d0", "price_changes": [{"asset_id": "106396966417057951569060810559007144920944647642220705670417093954955492126873", "price": "0.96", "size": "375", "side": "BUY", "hash": "90663f5fe1458255a0d66644964d6a699b281c8d", "best_bid": "0.972", "best_ask": "0.979"}, {"asset_id": "106411063005263481327004901286135857173682677633159645291660836307215293494633", "price": "0.04", "size": "375", "side": "SELL", "hash": "5340e906c244a9a4f96844827bd5f07caf209d44", "best_bid": "0.021", "best_ask": "0.028"}], "timestamp": "1769384077834", "event_type": "price_change"}}
{"_local_timestamp": "2026-01-25T23:34:38.181493+00:00", "data": {"market": "0x997c9af4932c7521747872cc47ff48f8b25de77e4119c223abd39a9dcb1995d0", "price_changes": [{"asset_id": "106396966417057951569060810559007144920944647642220705670417093954955492126873", "price": "0.96", "size": "250", "side": "BUY", "hash": "db56737de88746e1cc0a832e55aa5d216b34ab7f", "best_bid": "0.972", "best_ask": "0.979"}, {"asset_id": "106411063005263481327004901286135857173682677633159645291660836307215293494633", "price": "0.04", "size": "250", "side": "SELL", "hash": "a133d3ef436eea43a335628c0b2cef3235810075", "best_bid": "0.021", "best_ask": "0.028"}], "timestamp": "1769384078117", "event_type": "price_change"}}
{"_local_timestamp": "2026-01-25T23:34:38.260817+00:00", "data": {"market": "0x997c9af4932c7521747872cc47ff48f8b25de77e4119c223abd39a9dcb1995d0", "price_changes": [{"asset_id": "106411063005263481327004901286135857173682677633159645291660836307215293494633", "price": "0.058", "size": "0", "side": "SELL", "hash": "d74afa42d077dbc644808caf7583a4770a20ad21", "best_bid": "0.021", "best_ask": "0.028"}, {"asset_id": "106396966417057951569060810559007144920944647642220705670417093954955492126873", "price": "0.942", "size": "0", "side": "BUY", "hash": "c3ea97b8c420b9dcc6a3e2dec5ec89f0da418a2d", "best_bid": "0.972", "best_ask": "0.979"}], "timestamp": "1769384078199", "event_type": "price_change"}}
{"_local_timestamp": "2026-01-25T23:34:38.299251+00:00", "data": {"market": "0x997c9af4932c7521747872cc47ff48f8b25de77e4119c223abd39a9dcb1995d0", "price_changes": [{"asset_id": "106411063005263481327004901286135857173682677633159645291660836307215293494633", "price": "0.058", "size": "100", "side": "SELL", "hash": "96589d2bc9fc5f73128b357f7d32781e952a18fc", "best_bid": "0.021", "best_ask": "0.028"}, {"asset_id": "106396966417057951569060810559007144920944647642220705670417093954955492126873", "price": "0.942", "size": "100", "side": "BUY", "hash": "b66478a06666437753b5c67747a32028aa73d560", "best_bid": "0.972", "best_ask": "0.979"}], "timestamp": "1769384078226", "event_type": "price_change"}}
{"_local_timestamp": "2026-01-25T23:34:38.403415+00:00", "data": {"market": "0x997c9af4932c7521747872cc47ff48f8b25de77e4119c223abd39a9dcb1995d0", "price_changes": [{"asset_id": "106396966417057951569060810559007144920944647642220705670417093954955492126873", "price": "0.96", "size": "375", "side": "BUY", "hash": "f127eaee8b8a81c201065405bae2b338351d5068", "best_bid": "0.972", "best_ask": "0.979"}, {"asset_id": "106411063005263481327004901286135857173682677633159645291660836307215293494633", "price": "0.04", "size": "375", "side": "SELL", "hash": "3125f74693d414a5b4a7c58783801bf33afe2870", "best_bid": "0.021", "best_ask": "0.028"}], "timestamp": "1769384078338", "event_type": "price_change"}}
{"_local_timestamp": "2026-01-25T23:34:38.697533+00:00", "data": {"market": "0x997c9af4932c7521747872cc47ff48f8b25de77e4119c223abd39a9dcb1995d0", "price_changes": [{"asset_id": "106396966417057951569060810559007144920944647642220705670417093954955492126873", "price": "0.96", "size": "250", "side": "BUY", "hash": "d963fafeca00b01a3ff6e2cb3081d880a889fdd0", "best_bid": "0.972", "best_ask": "0.979"}, {"asset_id": "106411063005263481327004901286135857173682677633159645291660836307215293494633", "price": "0.04", "size": "250", "side": "SELL", "hash": "a54432d15e83feeb6ea066671289567627c077ce", "best_bid": "0.021", "best_ask": "0.028"}], "timestamp": "1769384078631", "event_type": "price_change"}}
{"_local_timestamp": "2026-01-25T23:34:38.917334+00:00", "data": {"market": "0x997c9af4932c7521747872cc47ff48f8b25de77e4119c223abd39a9dcb1995d0", "price_changes": [{"asset_id": "106396966417057951569060810559007144920944647642220705670417093954955492126873", "price": "0.96", "size": "375", "side": "BUY", "hash": "9c6b6ee59f3fc5e3bcbf1edf772f017b3553602c", "best_bid": "0.972", "best_ask": "0.979"}, {"asset_id": "106411063005263481327004901286135857173682677633159645291660836307215293494633", "price": "0.04", "size": "375", "side": "SELL", "hash": "761e7a255351467d637abb7293c0527df9034256", "best_bid": "0.021", "best_ask": "0.028"}], "timestamp": "1769384078844", "event_type": "price_change"}}
{"_local_timestamp": "2026-01-25T23:34:39.281550+00:00", "data": {"market": "0x997c9af4932c7521747872cc47ff48f8b25de77e4119c223abd39a9dcb1995d0", "price_changes": [{"asset_id": "106396966417057951569060810559007144920944647642220705670417093954955492126873", "price": "0.96", "size": "250", "side": "BUY", "hash": "8d37977e2f60c1737378fcfc877984b759cb5606", "best_bid": "0.972", "best_ask": "0.979"}, {"asset_id": "106411063005263481327004901286135857173682677633159645291660836307215293494633", "price": "0.04", "size": "250", "side": "SELL", "hash": "0c5992ff12118c198c9bc54d6e75fd205f66b7c3", "best_bid": "0.021", "best_ask": "0.028"}], "timestamp": "1769384079139", "event_type": "price_change"}}
{"_local_timestamp": "2026-01-25T23:34:39.449634+00:00", "data": {"market": "0x997c9af4932c7521747872cc47ff48f8b25de77e4119c223abd39a9dcb1995d0", "price_changes": [{"asset_id": "106396966417057951569060810559007144920944647642220705670417093954955492126873", "price": "0.96", "size": "375", "side": "BUY", "hash": "c632ca7f9fed9eca435430d95b85a49074c2c044", "best_bid": "0.972", "best_ask": "0.979"}, {"asset_id": "106411063005263481327004901286135857173682677633159645291660836307215293494633", "price": "0.04", "size": "375", "side": "SELL", "hash": "d78d3407c40f4aa79413c618b9beba5c54aafbf8", "best_bid": "0.021", "best_ask": "0.028"}], "timestamp": "1769384079357", "event_type": "price_change"}}
{"_local_timestamp": "2026-01-25T23:34:39.718454+00:00", "data": {"market": "0x997c9af4932c7521747872cc47ff48f8b25de77e4119c223abd39a9dcb1995d0", "price_changes": [{"asset_id": "106396966417057951569060810559007144920944647642220705670417093954955492126873", "price": "0.96", "size": "250", "side": "BUY", "hash": "3a067bcb9287acfac4e7903af29406052ca181f0", "best_bid": "0.972", "best_ask": "0.979"}, {"asset_id": "106411063005263481327004901286135857173682677633159645291660836307215293494633", "price": "0.04", "size": "250", "side": "SELL", "hash": "db10c745bb30119ccef81e4a3c4922797abcb85f", "best_bid": "0.021", "best_ask": "0.028"}], "timestamp": "1769384079653", "event_type": "price_change"}}
{"_local_timestamp": "2026-01-25T23:34:40.032156+00:00", "data": {"market": "0x997c9af4932c7521747872cc47ff48f8b25de77e4119c223abd39a9dcb1995d0", "price_changes": [{"asset_id": "106396966417057951569060810559007144920944647642220705670417093954955492126873", "price": "0.96", "size": "375", "side": "BUY", "hash": "ab77dda2134d4c2ff0b948f2dc334889a8469aa8", "best_bid": "0.972", "best_ask": "0.979"}, {"asset_id": "106411063005263481327004901286135857173682677633159645291660836307215293494633", "price": "0.04", "size": "375", "side": "SELL", "hash": "0e565ce2ccabe18527bbad20d16ae5f9fad1f8b3", "best_bid": "0.021", "best_ask": "0.028"}], "timestamp": "1769384079871", "event_type": "price_change"}}
{"_local_timestamp": "2026-01-25T23:34:40.289097+00:00", "data": {"market": "0x997c9af4932c7521747872cc47ff48f8b25de77e4119c223abd39a9dcb1995d0", "price_changes": [{"asset_id": "106396966417057951569060810559007144920944647642220705670417093954955492126873", "price": "0.96", "size": "250", "side": "BUY", "hash": "5e2631b560281237c3e05b8e21e81744335499fd", "best_bid": "0.972", "best_ask": "0.979"}, {"asset_id": "106411063005263481327004901286135857173682677633159645291660836307215293494633", "price": "0.04", "size": "250", "side": "SELL", "hash": "19529f421ab5d598646d9693e4af1ff4cdbaaf9c", "best_bid": "0.021", "best_ask": "0.028"}], "timestamp": "1769384080155", "event_type": "price_change"}}
{"_local_timestamp": "2026-01-25T23:34:40.565698+00:00", "data": {"market": "0x997c9af4932c7521747872cc47ff48f8b25de77e4119c223abd39a9dcb1995d0", "price_changes": [{"asset_id": "106396966417057951569060810559007144920944647642220705670417093954955492126873", "price": "0.96", "size": "375", "side": "BUY", "hash": "a1d57ed2c1477bad1dd62078b66cdf179176c342", "best_bid": "0.972", "best_ask": "0.979"}, {"asset_id": "106411063005263481327004901286135857173682677633159645291660836307215293494633", "price": "0.04", "size": "375", "side": "SELL", "hash": "1d8e20bb374d9bef1503345b88256f4fdd2cd40b", "best_bid": "0.021", "best_ask": "0.028"}], "timestamp": "1769384080357", "event_type": "price_change"}}
