{"_local_timestamp": "2026-01-25T23:33:31.612843+00:00", "data": [{"market": "0x1ee55986634de427650d59fe8f8beb86347a78d29f5e8a5a729c587cf3e878a0", "asset_id": "69867926716516825054815529215781803389489098811871863924099614005392738929273", "timestamp": "1769383709364", "hash": "fbd6a11861f19c20020de167d2d0286024e7152b", "bids": [{"price": "0.01", "size": "84.71"}, {"price": "0.02", "size": "28"}, {"price": "0.03", "size": "12.64"}, {"price": "0.05", "size": "30"}, {"price": "0.07", "size": "66.66"}, {"price": "0.08", "size": "5.5"}, {"price": "0.14", "size": "78.8"}], "asks": [{"price": "0.99", "size": "84.05"}, {"price": "0.98", "size": "11.5"}, {"price": "0.97", "size": "20"}, {"price": "0.96", "size": "10.02"}, {"price": "0.95", "size": "119.8"}, {"price": "0.94", "size": "39.84"}, {"price": "0.93", "size": "66.66"}, {"price": "0.92", "size": "50"}, {"price": "0.91", "size": "8.72"}, {"price": "0.86", "size": "78.8"}], "event_type": "book", "last_trade_price": ""}, {"market": "0x1ee55986634de427650d59fe8f8beb86347a78d29f5e8a5a729c587cf3e878a0", "asset_id": "68630072427728727940765180901764677596101842608644410528868983453712962717818", "timestamp": "1769383709364", "hash": "0ce2ee4f269f479e5aaa4fb1405742e63258dfaf", "bids": [{"price": "0.01", "size": "84.05"}, {"price": "0.02", "size": "11.5"}, {"price": "0.03", "size": "20"}, {"price": "0.04", "size": "10.02"}, {"price": "0.05", "size": "119.8"}, {"price": "0.06", "size": "39.84"}, {"price": "0.07", "size": "66.66"}, {"price": "0.08", "size": "50"}, {"price": "0.09", "size": "8.72"}, {"price": "0.14", "size": "78.8"}], "asks": [{"price": "0.99", "size": "84.71"}, {"price": "0.98", "size": "28"}, {"price": "0.97", "size": "12.64"}, {"price": "0.95", "size": "30"}, {"price": "0.93", "size": "66.66"}, {"price": "0.92", "size": "5.5"}, {"price": "0.86", "size": "78.8"}], "event_type": "book", "last_trade_price": ""}, {"market": "0x8d240de0d0ab5a55bc688eb09ca7066a023fc0942a08d6cb2607971eb87d936f", "asset_id": "83904304744146114377348747402863864146441489740476307270730888074551209899324", "timestamp": "1769382171457", "hash": "092cfe08ccffbeefd54859836791df372520d0c3", "bids": [{"price": "0.01", "size": "94.61"}, {"price": "0.02", "size": "33.33"}, {"price": "0.05", "size": "30"}, {"price": "0.06", "size": "33"}, {"price": "0.07", "size": "72.29"}, {"price": "0.08", "size": "33"}, {"price": "0.09", "size": "20"}, {"price": "0.1", "size": "6.59"}, {"price": "0.14", "size": "78.8"}], "asks": [{"price": "0.99", "size": "80.12"}, {"price": "0.98", "size": "45.4"}, {"price": "0.97", "size": "11.59"}, {"price": "0.96", "size": "66.66"}, {"price": "0.95", "size": "10"}, {"price": "0.94", "size": "6.49"}, {"price": "0.91", "size": "83.31"}], "event_type": "book", "last_trade_price": ""}, {"market": "0x8d240de0d0ab5a55bc688eb09ca7066a023fc0942a08d6cb2607971eb87d936f", "asset_id": "23275115450204422360076864175496040998891442763150170041414999482132211601741", "timestamp": "1769382171457", "hash": "7714ff1143fbdc03e99f03b13ad2c83ff47255b3", "bids": [{"price": "0.01", "size": "80.12"}, {"price": "0.02", "size": "45.4"}, {"price": "0.03", "size": "11.59"}, {"price": "0.04", "size": "66.66"}, {"price": "0.05", "size": "10"}, {"price": "0.06", "size": "6.49"}, {"price": "0.09", "size": "83.31"}], "asks": [{"price": "0.99", "size": "94.61"}, {"price": "0.98", "size": "33.33"}, {"price": "0.95", "size": "30"}, {"price": "0.94", "size": "33"}, {"price": "0.93", "size": "72.29"}, {"price": "0.92", "size": "33"}, {"price": "0.91", "size": "20"}, {"price": "0.9", "size": "6.59"}, {"price": "0.86", "size": "78.8"}], "event_type": "book", "last_trade_price": ""}]}
{"_local_timestamp": "2026-01-25T23:34:21.129140+00:00", "data": {"market": "0x1ee55986634de427650d59fe8f8beb86347a78d29f5e8a5a729c587cf3e878a0", "price_changes": [{"asset_id": "68630072427728727940765180901764677596101842608644410528868983453712962717818", "price": "0.04", "size": "0", "side": "BUY", "hash": "aef7ca9cb66eb8912c91ceff5317756bc76b8bc7", "best_bid": "0.14", "best_ask": "0.86"}, {"asset_id": "69867926716516825054815529215781803389489098811871863924099614005392738929273", "price": "0.96", "size": "0", "side": "SELL", "hash": "2f233a2f7f29bf848155db22bdb8b56fc828c39b", "best_bid": "0.14", "best_ask": "0.86"}], "timestamp": "1769384061055", "event_type": "price_change"}}
{"_local_timestamp": "2026-01-25T23:34:21.553142+00:00", "data": {"market": "0x1ee55986634de427650d59fe8f8beb86347a78d29f5e8a5a729c587cf3e878a0", "price_changes": [{"asset_id": "68630072427728727940765180901764677596101842608644410528868983453712962717818", "price": "0.04", "size": "10.02", "side": "BUY", "hash": "5b339eda45c2965ffd13582a4b6f2064c5a8ff2a", "best_bid": "0.14", "best_ask": "0.86"}, {"asset_id": "69867926716516825054815529215781803389489098811871863924099614005392738929273", "price": "0.96", "size": "10.02", "side": "SELL", "hash": "c574b92bf9b927047d1396c7b6627b488d30669e", "best_bid": "0.14", "best_ask": "0.86"}], "timestamp": "1769384061458", "event_type": "price_change"}}
