{"_local_timestamp": "2026-01-25T23:40:41.502791+00:00", "data": [{"market": "0x1ee55986634de427650d59fe8f8beb86347a78d29f5e8a5a729c587cf3e878a0", "asset_id": "69867926716516825054815529215781803389489098811871863924099614005392738929273", "timestamp": "1769384323369", "hash": "83a9b673fd47cdb0d5233b829ec9375157609447", "bids": [{"price": "0.01", "size": "84.71"}, {"price": "0.02", "size": "28"}, {"price": "0.03", "size": "12.64"}, {"price": "0.05", "size": "30"}, {"price": "0.07", "size": "66.66"}, {"price": "0.08", "size": "5.5"}, {"price": "0.14", "size": "78.8"}], "asks": [{"price": "0.99", "size": "84.05"}, {"price": "0.98", "size": "11.5"}, {"price": "0.97", "size": "20"}, {"price": "0.96", "size": "10.02"}, {"price": "0.95", "size": "119.8"}, {"price": "0.94", "size": "39.84"}, {"price": "0.93", "size": "66.66"}, {"price": "0.92", "size": "50"}, {"price": "0.91", "size": "8.72"}, {"price": "0.86", "size": "78.8"}], "event_type": "book", "last_trade_price": ""}, {"market": "0x1ee55986634de427650d59fe8f8beb86347a78d29f5e8a5a729c587cf3e878a0", "asset_id": "68630072427728727940765180901764677596101842608644410528868983453712962717818", "timestamp": "1769384323369", "hash": "99dfc843dae64c4cea2938116c7b04bc49b96878", "bids": [{"price": "0.01", "size": "84.05"}, {"price": "0.02", "size": "11.5"}, {"price": "0.03", "size": "20"}, {"price": "0.04", "size": "10.02"}, {"price": "0.05", "size": "119.8"}, {"price": "0.06", "size": "39.84"}, {"price": "0.07", "size": "66.66"}, {"price": "0.08", "size": "50"}, {"price": "0.09", "size": "8.72"}, {"price": "0.14", "size": "78.8"}], "asks": [{"price": "0.99", "size": "84.71"}, {"price": "0.98", "size": "28"}, {"price": "0.97", "size": "12.64"}, {"price": "0.95", "size": "30"}, {"price": "0.93", "size": "66.66"}, {"price": "0.92", "size": "5.5"}, {"price": "0.86", "size": "78.8"}], "event_type": "book", "last_trade_price": ""}, {"market": "0x8d240de0d0ab5a55bc688eb09ca7066a023fc0942a08d6cb2607971eb87d936f", "asset_id": "83904304744146114377348747402863864146441489740476307270730888074551209899324", "timestamp": "1769382171457", "hash": "092cfe08ccffbeefd54859836791df372520d0c3", "bids": [{"price": "0.01", "size": "94.61"}, {"price": "0.02", "size": "33.33"}, {"price": "0.05", "size": "30"}, {"price": "0.06", "size": "33"}, {"price": "0.07", "size": "72.29"}, {"price": "0.08", "size": "33"}, {"price": "0.09", "size": "20"}, {"price": "0.1", "size": "6.59"}, {"price": "0.14", "size": "78.8"}], "asks": [{"price": "0.99", "size": "80.12"}, {"price": "0.98", "size": "45.4"}, {"price": "0.97", "size": "11.59"}, {"price": "0.96", "size": "66.66"}, {"price": "0.95", "size": "10"}, {"price": "0.94", "size": "6.49"}, {"price": "0.91", "size": "83.31"}], "event_type": "book", "last_trade_price": ""}, {"market": "0x8d240de0d0ab5a55bc688eb09ca7066a023fc0942a08d6cb2607971eb87d936f", "asset_id": "23275115450204422360076864175496040998891442763150170041414999482132211601741", "timestamp": "1769382171457", "hash": "7714ff1143fbdc03e99f03b13ad2c83ff47255b3", "bids": [{"price": "0.01", "size": "80.12"}, {"price": "0.02", "size": "45.4"}, {"price": "0.03", "size": "11.59"}, {"price": "0.04", "size": "66.66"}, {"price": "0.05", "size": "10"}, {"price": "0.06", "size": "6.49"}, {"price": "0.09", "size": "83.31"}], "asks": [{"price": "0.99", "size": "94.61"}, {"price": "0.98", "size": "33.33"}, {"price": "0.95", "size": "30"}, {"price": "0.94", "size": "33"}, {"price": "0.93", "size": "72.29"}, {"price": "0.92", "size": "33"}, {"price": "0.91", "size": "20"}, {"price": "0.9", "size": "6.59"}, {"price": "0.86", "size": "78.8"}], "event_type": "book", "last_trade_price": ""}]}
{"_local_timestamp": "2026-01-25T23:42:23.619662+00:00", "data": {"market": "0x1ee55986634de427650d59fe8f8beb86347a78d29f5e8a5a729c587cf3e878a0", "price_changes": [{"asset_id": "68630072427728727940765180901764677596101842608644410528868983453712962717818", "price": "0.04", "size": "0", "side": "BUY", "hash": "1cc7a96a631eecbed6d56ef66aad4de3dbf7e612", "best_bid": "0.14", "best_ask": "0.86"}, {"asset_id": "69867926716516825054815529215781803389489098811871863924099614005392738929273", "price": "0.96", "size": "0", "side": "SELL", "hash": "95f4bf4fa35308dfe354755d040613407e06618a", "best_bid": "0.14", "best_ask": "0.86"}], "timestamp": "1769384543419", "event_type": "price_change"}}
{"_local_timestamp": "2026-01-25T23:42:26.341201+00:00", "data": {"market": "0x1ee55986634de427650d59fe8f8beb86347a78d29f5e8a5a729c587cf3e878a0", "price_changes": [{"asset_id": "68630072427728727940765180901764677596101842608644410528868983453712962717818", "price": "0.04", "size": "10.02", "side": "BUY", "hash": "6d509093734cabf45a8d2025f9d74b5f44811ddc", "best_bid": "0.14", "best_ask": "0.86"}, {"asset_id": "69867926716516825054815529215781803389489098811871863924099614005392738929273", "price": "0.96", "size": "10.02", "side": "SELL", "hash": "eeba962c274098da97bcf357201ba70b9ea62297", "best_bid": "0.14", "best_ask": "0.86"}], "timestamp": "1769384546127", "event_type": "price_change"}}
