{"_local_timestamp": "2026-01-25T23:34:01.961302+00:00", "data": [{"market": "0x4ba51248c86c2c4b45b31431a020c66f35dbbec291d6f6723e1f13a3d2bdd727", "asset_id": "107721636743816708665815982918752496099535338464613054704480502895774215146333", "timestamp": "1769384035550", "hash": "3a1bd5806f09cfc4641864669cb772fab621dbb2", "bids": [], "asks": [{"price": "0.999", "size": "107122.15"}, {"price": "0.998", "size": "10.08"}, {"price": "0.997", "size": "1000"}, {"price": "0.996", "size": "19.67"}, {"price": "0.99", "size": "2170.5"}, {"price": "0.989", "size": "55555"}, {"price": "0.988", "size": "7.83"}, {"price": "0.98", "size": "3000"}, {"price": "0.979", "size": "10000"}, {"price": "0.978", "size": "18.44"}, {"price": "0.95", "size": "30"}, {"price": "0.94", "size": "33"}, {"price": "0.927", "size": "27"}, {"price": "0.926", "size": "18.8"}, {"price": "0.8", "size": "40"}, {"price": "0.777", "size": "40"}, {"price": "0.477", "size": "110"}, {"price": "0.45", "size": "5.5"}, {"price": "0.277", "size": "84"}, {"price": "0.276", "size": "97"}, {"price": "0.177", "size": "158"}, {"price": "0.16", "size": "12.97"}, {"price": "0.111", "size": "5"}, {"price": "0.11", "size": "5"}, {"price": "0.09", "size": "10"}, {"price": "0.08", "size": "10"}, {"price": "0.077", "size": "378"}, {"price": "0.01", "size": "3000"}, {"price": "0.009", "size": "144"}, {"price": "0.001", "size": "312059.49"}], "event_type": "book", "last_trade_price": "0.999"}, {"market": "0x4ba51248c86c2c4b45b31431a020c66f35dbbec291d6f6723e1f13a3d2bdd727", "asset_id": "9024464780619530898779340878143017915004237209195351609322202225277146612352", "timestamp": "1769384035550", "hash": "5f91fad13c6e1b754e5828a342246396acfabf79", "bids": [{"price": "0.001", "size": "107122.15"}, {"price": "0.002", "size": "10.08"}, {"price": "0.003", "size": "1000"}, {"price": "0.004", "size": "19.67"}, {"price": "0.01", "size": "2170.5"}, {"price": "0.011", "size": "55555"}, {"price": "0.012", "size": "7.83"}, {"price": "0.02", "size": "3000"}, {"price": "0.021", "size": "10000"}, {"price": "0.022", "size": "18.44"}, {"price": "0.05", "size": "30"}, {"price": "0.06", "size": "33"}, {"price": "0.073", "size": "27"}, {"price": "0.074", "size": "18.8"}, {"price": "0.2", "size": "40"}, {"price": "0.223", "size": "40"}, {"price": "0.523", "size": "110"}, {"price": "0.55", "size": "5.5"}, {"price": "0.723", "size": "84"}, {"price": "0.724", "size": "97"}, {"price": "0.823", "size": "158"}, {"price": "0.84", "size": "12.97"}, {"price": "0.889", "size": "5"}, {"price": "0.89", "size": "5"}, {"price": "0.91", "size": "10"}, {"price": "0.92", "size": "10"}, {"price": "0.923", "size": "378"}, {"price": "0.99", "size": "3000"}, {"price": "0.991", "size": "144"}, {"price": "0.999", "size": "312059.49"}], "asks": [], "event_type": "book", "last_trade_price": "0.999"}]}
{"_local_timestamp": "2026-01-25T23:34:08.008053+00:00", "data": {"market": "0x4ba51248c86c2c4b45b31431a020c66f35dbbec291d6f6723e1f13a3d2bdd727", "price_changes": [{"asset_id": "9024464780619530898779340878143017915004237209195351609322202225277146612352", "price": "0.999", "size": "307749.49", "side": "BUY", "hash": "c584c3197a75fc1e1dfd1ddf9ce270a55f2df8b3", "best_bid": "0.999", "best_ask": "1"}, {"asset_id": "107721636743816708665815982918752496099535338464613054704480502895774215146333", "price": "0.001", "size": "307749.49", "side": "SELL", "hash": "e4baf392b0bc8841f4251ce94d2f66f81ff99bca", "best_bid": "0", "best_ask": "0.001"}], "timestamp": "1769384047889", "event_type": "price_change"}}
{"_local_timestamp": "2026-01-25T23:34:08.637727+00:00", "data": {"market": "0x4ba51248c86c2c4b45b31431a020c66f35dbbec291d6f6723e1f13a3d2bdd727", "price_changes": [{"asset_id": "9024464780619530898779340878143017915004237209195351609322202225277146612352", "price": "0.999", "size": "302756.49", "side": "BUY", "hash": "f683f73a70ba702d0d0f69119c16499f6d1cbc82", "best_bid": "0.999", "best_ask": "1"}, {"asset_id": "107721636743816708665815982918752496099535338464613054704480502895774215146333", "price": "0.001", "size": "302756.49", "side": "SELL", "hash": "14c5b7fd274ece72230d3ef9f8bb42b97b0d01c4", "best_bid": "0", "best_ask": "0.001"}], "timestamp": "1769384048562", "event_type": "price_change"}}
{"_local_timestamp": "2026-01-25T23:34:09.316506+00:00", "data": {"market": "0x4ba51248c86c2c4b45b31431a020c66f35dbbec291d6f6723e1f13a3d2bdd727", "price_changes": [{"asset_id": "9024464780619530898779340878143017915004237209195351609322202225277146612352", "price": "0.999", "size": "292757.49", "side": "BUY", "hash": "1a2623b9afa866395de9c532f8ef524c437ecf04", "best_bid": "0.999", "best_ask": "1"}, {"asset_id": "107721636743816708665815982918752496099535338464613054704480502895774215146333", "price": "0.001", "size": "292757.49", "side": "SELL", "hash": "4e21678ec5a6d147ce71a5435019559695af7aa0", "best_bid": "0", "best_ask": "0.001"}], "timestamp": "1769384049209", "event_type": "price_change"}}
{"_local_timestamp": "2026-01-25T23:34:11.184968+00:00", "data": {"market": "0x4ba51248c86c2c4b45b31431a020c66f35dbbec291d6f6723e1f13a3d2bdd727", "price_changes": [{"asset_id": "9024464780619530898779340878143017915004237209195351609322202225277146612352", "price": "0.999", "size": "295257.49", "side": "BUY", "hash": "344370c01cf5be4c9424fddce0e3702fac7dc8ca", "best_bid": "0.999", "best_ask": "1"}, {"asset_id": "107721636743816708665815982918752496099535338464613054704480502895774215146333", "price": "0.001", "size": "295257.49", "side": "SELL", "hash": "34f6b6634bb47cecc86bafc74edd16c8d27081a8", "best_bid": "0", "best_ask": "0.001"}], "timestamp": "1769384051118", "event_type": "price_change"}}
{"_local_timestamp": "2026-01-25T23:34:12.460749+00:00", "data": {"market": "0x4ba51248c86c2c4b45b31431a020c66f35dbbec291d6f6723e1f13a3d2bdd727", "price_changes": [{"asset_id": "9024464780619530898779340878143017915004237209195351609322202225277146612352", "price": "0.999", "size": "295881.49", "side": "BUY", "hash": "f13f9068febb8740812b4f71907502fbbc143921", "best_bid": "0.999", "best_ask": "1"}, {"asset_id": "107721636743816708665815982918752496099535338464613054704480502895774215146333", "price": "0.001", "size": "295881.49", "side": "SELL", "hash": "7876b059775a81fad3ffbd07c41be75bbc0afcf4", "best_bid": "0", "best_ask": "0.001"}], "timestamp": "1769384052368", "event_type": "price_change"}}
{"_local_timestamp": "2026-01-25T23:34:13.589501+00:00", "data": {"market": "0x4ba51248c86c2c4b45b31431a020c66f35dbbec291d6f6723e1f13a3d2bdd727", "price_changes": [{"asset_id": "9024464780619530898779340878143017915004237209195351609322202225277146612352", "price": "0.999", "size": "296036.49", "side": "BUY", "hash": "97829f3082b617a2e2a659553d47607f12644833", "best_bid": "0.999", "best_ask": "1"}, {"asset_id": "107721636743816708665815982918752496099535338464613054704480502895774215146333", "price": "0.001", "size": "296036.49", "side": "SELL", "hash": "2104d2a67cf0789f9a2a342c818786f31f8fac06", "best_bid": "0", "best_ask": "0.001"}], "timestamp": "1769384053421", "event_type": "price_change"}}
{"_local_timestamp": "2026-01-25T23:34:25.457807+00:00", "data": {"market": "0x4ba51248c86c2c4b45b31431a020c66f35dbbec291d6f6723e1f13a3d2bdd727", "price_changes": [{"asset_id": "9024464780619530898779340878143017915004237209195351609322202225277146612352", "price": "0.999", "size": "282757.49", "side": "BUY", "hash": "b12c110bcba84a394f6462737450afc2ee393eeb", "best_bid": "0.999", "best_ask": "1"}, {"asset_id": "107721636743816708665815982918752496099535338464613054704480502895774215146333", "price": "0.001", "size": "282757.49", "side": "SELL", "hash": "00f1e4e7970fa8c40428a30fa879f0f9359bb366", "best_bid": "0", "best_ask": "0.001"}], "timestamp": "1769384065336", "event_type": "price_change"}}
{"_local_timestamp": "2026-01-25T23:34:26.303518+00:00", "data": {"market": "0x4ba51248c86c2c4b45b31431a020c66f35dbbec291d6f6723e1f13a3d2bdd727", "price_changes": [{"asset_id": "9024464780619530898779340878143017915004237209195351609322202225277146612352", "price": "0.999", "size": "283382.49", "side": "BUY", "hash": "4adaf89348a1f5bec9bc827cb04115c0aa06e355", "best_bid": "0.999", "best_ask": "1"}, {"asset_id": "107721636743816708665815982918752496099535338464613054704480502895774215146333", "price": "0.001", "size": "283382.49", "side": "SELL", "hash": "2f3618c8d408ead91ff6dc378704a318939568f5", "best_bid": "0", "best_ask": "0.001"}], "timestamp": "1769384066208", "event_type": "price_change"}}
{"_local_timestamp": "2026-01-25T23:34:26.665107+00:00", "data": {"market": "0x4ba51248c86c2c4b45b31431a020c66f35dbbec291d6f6723e1f13a3d2bdd727", "price_changes": [{"asset_id": "9024464780619530898779340878143017915004237209195351609322202225277146612352", "price": "0.999", "size": "284006.49", "side": "BUY", "hash": "0f9d203d25260d0648329ab288af113a0b5b066c", "best_bid": "0.999", "best_ask": "1"}, {"asset_id": "107721636743816708665815982918752496099535338464613054704480502895774215146333", "price": "0.001", "size": "284006.49", "side": "SELL", "hash": "c90840d0db17cf398003f1894fd436d7f31d672b", "best_bid": "0", "best_ask": "0.001"}], "timestamp": "1769384066578", "event_type": "price_change"}}
{"_local_timestamp": "2026-01-25T23:34:27.913573+00:00", "data": {"market": "0x4ba51248c86c2c4b45b31431a020c66f35dbbec291d6f6723e1f13a3d2bdd727", "price_changes": [{"asset_id": "9024464780619530898779340878143017915004237209195351609322202225277146612352", "price": "0.999", "size": "284161.49", "side": "BUY", "hash": "850710fc3c724fd1902e43fe45508997d275333f", "best_bid": "0.999", "best_ask": "1"}, {"asset_id": "107721636743816708665815982918752496099535338464613054704480502895774215146333", "price": "0.001", "size": "284161.49", "side": "SELL", "hash": "ab385022f87b230955dfa73f28e3942a93cce5ac", "best_bid": "0", "best_ask": "0.001"}], "timestamp": "1769384067735", "event_type": "price_change"}}
{"_local_timestamp": "2026-01-25T23:34:28.278043+00:00", "data": {"market": "0x4ba51248c86c2c4b45b31431a020c66f35dbbec291d6f6723e1f13a3d2bdd727", "price_changes": [{"asset_id": "9024464780619530898779340878143017915004237209195351609322202225277146612352", "price": "0.999", "size": "284315.49", "side": "BUY", "hash": "081b07bc212ae1afdcc57840046d138b0dc4daa2", "best_bid": "0.999", "best_ask": "1"}, {"asset_id": "107721636743816708665815982918752496099535338464613054704480502895774215146333", "price": "0.001", "size": "284315.49", "side": "SELL", "hash": "09d32a1f9566fee585dd36ca707cfd62fdf8a100", "best_bid": "0", "best_ask": "0.001"}], "timestamp": "1769384068176", "event_type": "price_change"}}
{"_local_timestamp": "2026-01-25T23:34:29.358681+00:00", "data": {"market": "0x4ba51248c86c2c4b45b31431a020c66f35dbbec291d6f6723e1f13a3d2bdd727", "price_changes": [{"asset_id": "9024464780619530898779340878143017915004237209195351609322202225277146612352", "price": "0.999", "size": "284468.49", "side": "BUY", "hash": "c46ac8aa62020827c0d1fbabbdf8840e8cf6d0c6", "best_bid": "0.999", "best_ask": "1"}, {"asset_id": "107721636743816708665815982918752496099535338464613054704480502895774215146333", "price": "0.001", "size": "284468.49", "side": "SELL", "hash": "e40668011cf52d50cdfce732ca3d48bf660fef39", "best_bid": "0", "best_ask": "0.001"}], "timestamp": "1769384069283", "event_type": "price_change"}}
{"_local_timestamp": "2026-01-25T23:34:29.766652+00:00", "data": {"market": "0x4ba51248c86c2c4b45b31431a020c66f35dbbec291d6f6723e1f13a3d2bdd727", "price_changes": [{"asset_id": "9024464780619530898779340878143017915004237209195351609322202225277146612352", "price": "0.999", "size": "284620.49", "side": "BUY", "hash": "e0946d903a7bd72684e02bcd8f2060e308218ad4", "best_bid": "0.999", "best_ask": "1"}, {"asset_id": "107721636743816708665815982918752496099535338464613054704480502895774215146333", "price": "0.001", "size": "284620.49", "side": "SELL", "hash": "72edfb4c5d1f12d962926657bc103dfdcd9414bb", "best_bid": "0", "best_ask": "0.001"}], "timestamp": "1769384069636", "event_type": "price_change"}}
{"_local_timestamp": "2026-01-25T23:34:30.410104+00:00", "data": {"market": "0x4ba51248c86c2c4b45b31431a020c66f35dbbec291d6f6723e1f13a3d2bdd727", "price_changes": [{"asset_id": "9024464780619530898779340878143017915004237209195351609322202225277146612352", "price": "0.999", "size": "284771.49", "side": "BUY", "hash": "8e03276c089601ee9c07766bdab092a28eae090f", "best_bid": "0.999", "best_ask": "1"}, {"asset_id": "107721636743816708665815982918752496099535338464613054704480502895774215146333", "price": "0.001", "size": "284771.49", "side": "SELL", "hash": "64a0ded3e25b741c30cfdc0b21f1ae3a054707ce", "best_bid": "0", "best_ask": "0.001"}], "timestamp": "1769384070222", "event_type": "price_change"}}
{"_local_timestamp": "2026-01-25T23:34:30.687463+00:00", "data": {"market": "0x4ba51248c86c2c4b45b31431a020c66f35dbbec291d6f6723e1f13a3d2bdd727", "price_changes": [{"asset_id": "9024464780619530898779340878143017915004237209195351609322202225277146612352", "price": "0.999", "size": "284808.49", "side": "BUY", "hash": "a223a371ae81285dade623759182b1e068d3c347", "best_bid": "0.999", "best_ask": "1"}, {"asset_id": "107721636743816708665815982918752496099535338464613054704480502895774215146333", "price": "0.001", "size": "284808.49", "side": "SELL", "hash": "8cc0b95aaebb0859615bfa277fc366b0215361ca", "best_bid": "0", "best_ask": "0.001"}], "timestamp": "1769384070569", "event_type": "price_change"}}
{"_local_timestamp": "2026-01-25T23:34:31.016145+00:00", "data": {"market": "0x4ba51248c86c2c4b45b31431a020c66f35dbbec291d6f6723e1f13a3d2bdd727", "price_changes": [{"asset_id": "9024464780619530898779340878143017915004237209195351609322202225277146612352", "price": "0.999", "size": "284844.49", "side": "BUY", "hash": "3c38a8e08faac54f09d5e9ee096612db78452268", "best_bid": "0.999", "best_ask": "1"}, {"asset_id": "107721636743816708665815982918752496099535338464613054704480502895774215146333", "price": "0.001", "size": "284844.49", "side": "SELL", "hash": "3da6e245e090ee45eb8ddd8b15b1a0193c5ebfe8", "best_bid": "0", "best_ask": "0.001"}], "timestamp": "1769384070920", "event_type": "price_change"}}
{"_local_timestamp": "2026-01-25T23:34:32.243446+00:00", "data": {"market": "0x4ba51248c86c2c4b45b31431a020c66f35dbbec291d6f6723e1f13a3d2bdd727", "price_changes": [{"asset_id": "9024464780619530898779340878143017915004237209195351609322202225277146612352", "price": "0.999", "size": "284879.49", "side": "BUY", "hash": "2112defe83cdaa2197d6cecc3284bf6822de89ec", "best_bid": "0.999", "best_ask": "1"}, {"asset_id": "107721636743816708665815982918752496099535338464613054704480502895774215146333", "price": "0.001", "size": "284879.49", "side": "SELL", "hash": "912fee6f76562d42de13772115721b3c9d544304", "best_bid": "0", "best_ask": "0.001"}], "timestamp": "1769384072103", "event_type": "price_change"}}
{"_local_timestamp": "2026-01-25T23:34:32.672728+00:00", "data": {"market": "0x4ba51248c86c2c4b45b31431a020c66f35dbbec291d6f6723e1f13a3d2bdd727", "price_changes": [{"asset_id": "9024464780619530898779340878143017915004237209195351609322202225277146612352", "price": "0.999", "size": "284913.49", "side": "BUY", "hash": "6a628359b614e4c4a014433d32d8e291bfc752b2", "best_bid": "0.999", "best_ask": "1"}, {"asset_id": "107721636743816708665815982918752496099535338464613054704480502895774215146333", "price": "0.001", "size": "284913.49", "side": "SELL", "hash": "fc2c9bf7f066289bbed0c65711e2962d7ba8cc94", "best_bid": "0", "best_ask": "0.001"}], "timestamp": "1769384072587", "event_type": "price_change"}}
{"_local_timestamp": "2026-01-25T23:34:33.442963+00:00", "data": {"market": "0x4ba51248c86c2c4b45b31431a020c66f35dbbec291d6f6723e1f13a3d2bdd727", "price_changes": [{"asset_id": "9024464780619530898779340878143017915004237209195351609322202225277146612352", "price": "0.999", "size": "284946.49", "side": "BUY", "hash": "faec6da944028f0661f99ce04e18b686cb379635", "best_bid": "0.999", "best_ask": "1"}, {"asset_id": "107721636743816708665815982918752496099535338464613054704480502895774215146333", "price": "0.001", "size": "284946.49", "side": "SELL", "hash": "c7db9f83aec37ced0df3a843b43344d3ab50c930", "best_bid": "0", "best_ask": "0.001"}], "timestamp": "1769384073353", "event_type": "price_change"}}
{"_local_timestamp": "2026-01-25T23:34:36.163001+00:00", "data": {"market": "0x4ba51248c86c2c4b45b31431a020c66f35dbbec291d6f6723e1f13a3d2bdd727", "price_changes": [{"asset_id": "9024464780619530898779340878143017915004237209195351609322202225277146612352", "price": "0.999", "size": "287446.49", "side": "BUY", "hash": "133bac033f02cd4c53e8fc42ee87bed506656f8d", "best_bid": "0.999", "best_ask": "1"}, {"asset_id": "107721636743816708665815982918752496099535338464613054704480502895774215146333", "price": "0.001", "size": "287446.49", "side": "SELL", "hash": "8705a8d723addd1edad3e1ebf852616a75af4819", "best_bid": "0", "best_ask": "0.001"}], "timestamp": "1769384076059", "event_type": "price_change"}}
{"_local_timestamp": "2026-01-25T23:34:38.516741+00:00", "data": {"market": "0x4ba51248c86c2c4b45b31431a020c66f35dbbec291d6f6723e1f13a3d2bdd727", "price_changes": [{"asset_id": "9024464780619530898779340878143017915004237209195351609322202225277146612352", "price": "0.999", "size": "287601.49", "side": "BUY", "hash": "32b984b899dee2d867f2d964d1d6d37aeae00af6", "best_bid": "0.999", "best_ask": "1"}, {"asset_id": "107721636743816708665815982918752496099535338464613054704480502895774215146333", "price": "0.001", "size": "287601.49", "side": "SELL", "hash": "b3db8f38da061e6e1e31e1d620f94560506801db", "best_bid": "0", "best_ask": "0.001"}], "timestamp": "1769384078433", "event_type": "price_change"}}
{"_local_timestamp": "2026-01-25T23:34:38.861756+00:00", "data": {"market": "0x4ba51248c86c2c4b45b31431a020c66f35dbbec291d6f6723e1f13a3d2bdd727", "price_changes": [{"asset_id": "9024464780619530898779340878143017915004237209195351609322202225277146612352", "price": "0.999", "size": "287755.49", "side": "BUY", "hash": "c4c397ac1af7a8c9ccc7aa3085ad329b7e4c45ed", "best_bid": "0.999", "best_ask": "1"}, {"asset_id": "107721636743816708665815982918752496099535338464613054704480502895774215146333", "price": "0.001", "size": "287755.49", "side": "SELL", "hash": "5ba34acd70cef1da1901622225db2d861ffcdea5", "best_bid": "0", "best_ask": "0.001"}], "timestamp": "1769384078794", "event_type": "price_change"}}
{"_local_timestamp": "2026-01-25T23:34:40.185874+00:00", "data": {"market": "0x4ba51248c86c2c4b45b31431a020c66f35dbbec291d6f6723e1f13a3d2bdd727", "price_changes": [{"asset_id": "9024464780619530898779340878143017915004237209195351609322202225277146612352", "price": "0.999", "size": "287908.49", "side": "BUY", "hash": "567edf54ed11c825a2c4ed05ef353d234fa0a38e", "best_bid": "0.999", "best_ask": "1"}, {"asset_id": "107721636743816708665815982918752496099535338464613054704480502895774215146333", "price": "0.001", "size": "287908.49", "side": "SELL", "hash": "bf3ba4bfea6b7457dd5155aeb46d3de4d979e084", "best_bid": "0", "best_ask": "0.001"}], "timestamp": "1769384080005", "event_type": "price_change"}}
{"_local_timestamp": "2026-01-25T23:34:40.665940+00:00", "data": {"market": "0x4ba51248c86c2c4b45b31431a020c66f35dbbec291d6f6723e1f13a3d2bdd727", "price_changes": [{"asset_id": "9024464780619530898779340878143017915004237209195351609322202225277146612352", "price": "0.999", "size": "288060.49", "side": "BUY", "hash": "ea473e022bf0b394e5f30872aca49e8af93667f9", "best_bid": "0.999", "best_ask": "1"}, {"asset_id": "107721636743816708665815982918752496099535338464613054704480502895774215146333", "price": "0.001", "size": "288060.49", "side": "SELL", "hash": "cc9d145fa4990ebba69667741c9b681b875b31ec", "best_bid": "0", "best_ask": "0.001"}], "timestamp": "1769384080491", "event_type": "price_change"}}
{"_local_timestamp": "2026-01-25T23:35:07.491925+00:00", "data": {"market": "0x4ba51248c86c2c4b45b31431a020c66f35dbbec291d6f6723e1f13a3d2bdd727", "price_changes": [{"asset_id": "9024464780619530898779340878143017915004237209195351609322202225277146612352", "price": "0.999", "size": "282757.49", "side": "BUY", "hash": "f0872152d0a61262f7267ab02dfb3249e5e675cf", "best_bid": "0.999", "best_ask": "1"}, {"asset_id": "107721636743816708665815982918752496099535338464613054704480502895774215146333", "price": "0.001", "size": "282757.49", "side": "SELL", "hash": "af476e1310d0fe6cbe532ba8ea9aeaa70afbb8ac", "best_bid": "0", "best_ask": "0.001"}], "timestamp": "1769384107391", "event_type": "price_change"}}
{"_local_timestamp": "2026-01-25T23:35:07.693487+00:00", "data": {"market": "0x4ba51248c86c2c4b45b31431a020c66f35dbbec291d6f6723e1f13a3d2bdd727", "price_changes": [{"asset_id": "9024464780619530898779340878143017915004237209195351609322202225277146612352", "price": "0.999", "size": "282796.49", "side": "BUY", "hash": "872982ea38af1789e3a0a7fd282653854d3172ed", "best_bid": "0.999", "best_ask": "1"}, {"asset_id": "107721636743816708665815982918752496099535338464613054704480502895774215146333", "price": "0.001", "size": "282796.49", "side": "SELL", "hash": "e5dbc335036be004deb6fbfb9dfbf68910faaa95", "best_bid": "0", "best_ask": "0.001"}], "timestamp": "1769384107604", "event_type": "price_change"}}
{"_local_timestamp": "2026-01-25T23:35:08.033712+00:00", "data": {"market": "0x4ba51248c86c2c4b45b31431a020c66f35dbbec291d6f6723e1f13a3d2bdd727", "price_changes": [{"asset_id": "9024464780619530898779340878143017915004237209195351609322202225277146612352", "price": "0.999", "size": "282834.49", "side": "BUY", "hash": "ece8ce2d58df1a0541953225c3c70741e64f82a9", "best_bid": "0.999", "best_ask": "1"}, {"asset_id": "107721636743816708665815982918752496099535338464613054704480502895774215146333", "price": "0.001", "size": "282834.49", "side": "SELL", "hash": "debf1ee1450452cc6ea5e1c003e94e294457778c", "best_bid": "0", "best_ask": "0.001"}], "timestamp": "1769384107947", "event_type": "price_change"}}
{"_local_timestamp": "2026-01-25T23:35:08.429741+00:00", "data": {"market": "0x4ba51248c86c2c4b45b31431a020c66f35dbbec291d6f6723e1f13a3d2bdd727", "price_changes": [{"asset_id": "9024464780619530898779340878143017915004237209195351609322202225277146612352", "price": "0.999", "size": "282871.49", "side": "BUY", "hash": "6844076b5be371ea0b3ee14c2e77e2fe34539a77", "best_bid": "0.999", "best_ask": "1"}, {"asset_id": "107721636743816708665815982918752496099535338464613054704480502895774215146333", "price": "0.001", "size": "282871.49", "side": "SELL", "hash": "1d1a71eec3d681af233af92a3f6df015a3f3325a", "best_bid": "0", "best_ask": "0.001"}], "timestamp": "1769384108357", "event_type": "price_change"}}
{"_local_timestamp": "2026-01-25T23:35:08.893880+00:00", "data": {"market": "0x4ba51248c86c2c4b45b31431a020c66f35dbbec291d6f6723e1f13a3d2bdd727", "price_changes": [{"asset_id": "9024464780619530898779340878143017915004237209195351609322202225277146612352", "price": "0.999", "size": "282907.49", "side": "BUY", "hash": "46acfbed23d5fcacb990b507ae434974de17be60", "best_bid": "0.999", "best_ask": "1"}, {"asset_id": "107721636743816708665815982918752496099535338464613054704480502895774215146333", "price": "0.001", "size": "282907.49", "side": "SELL", "hash": "9b558c26fe2f644af9ce0aff31f8aec405dd17d3", "best_bid": "0", "best_ask": "0.001"}], "timestamp": "1769384108815", "event_type": "price_change"}}
{"_local_timestamp": "2026-01-25T23:35:09.282829+00:00", "data": {"market": "0x4ba51248c86c2c4b45b31431a020c66f35dbbec291d6f6723e1f13a3d2bdd727", "price_changes": [{"asset_id": "9024464780619530898779340878143017915004237209195351609322202225277146612352", "price": "0.999", "size": "282942.49", "side": "BUY", "hash": "5bb412b803ea4f9086d222ba0737d6d2b1cfbec1", "best_bid": "0.999", "best_ask": "1"}, {"asset_id": "107721636743816708665815982918752496099535338464613054704480502895774215146333", "price": "0.001", "size": "282942.49", "side": "SELL", "hash": "bb23416a548bb82ab5dcaefe334892ef4436b9c4", "best_bid": "0", "best_ask": "0.001"}], "timestamp": "1769384109187", "event_type": "price_change"}}
