{"_local_timestamp": "2026-01-25T23:41:32.223063+00:00", "data": [{"market": "0x130682ed41c9b2e920cdfe845425479cd92ed4e90369f80efc1e04d20c859f56", "asset_id": "73660112717904217760558319917100442143496701359065982775107676101829039684726", "timestamp": "1769379732398", "hash": "fe226937027713dd04749046e9eb089c7b082f2d", "bids": [{"price": "0.01", "size": "259.9"}, {"price": "0.02", "size": "141.79"}, {"price": "0.03", "size": "21.3"}], "asks": [{"price": "0.99", "size": "259.9"}, {"price": "0.98", "size": "146.79"}, {"price": "0.97", "size": "15.83"}], "event_type": "book", "last_trade_price": ""}, {"market": "0xa9547114ec13a0d79294b457722af03673db6c22919db57d71c0bd9763a66f9b", "asset_id": "106522797123303104365723392403113645959962758043289441364219953207373796089237", "timestamp": "1769379732398", "hash": "0688ed5a21ef382476115706edbc15caf4d8446f", "bids": [{"price": "0.01", "size": "206.9"}, {"price": "0.02", "size": "115.79"}, {"price": "0.03", "size": "21.3"}], "asks": [{"price": "0.99", "size": "206.9"}, {"price": "0.98", "size": "119.79"}, {"price": "0.97", "size": "15.83"}], "event_type": "book", "last_trade_price": ""}, {"market": "0x5400d1660100b266933de034ac815a6092795b891e2fb1e48ae03fa74aea7e4d", "asset_id": "73270521846916403675468131907669392724758780933554941284465774895564228829095", "timestamp": "1769379732809", "hash": "c8541bdd37f46f542d9a4af2b089af1235c5f303", "bids": [{"price": "0.01", "size": "206.9"}, {"price": "0.02", "size": "119.79"}, {"price": "0.03", "size": "15.83"}], "asks": [{"price": "0.99", "size": "206.9"}, {"price": "0.98", "size": "102.79"}, {"price": "0.97", "size": "21.3"}], "event_type": "book", "last_trade_price": ""}, {"market": "0x0707ca07d932b55b1348ce11eb93ea666ef7e879d9312068cef3303cf1be1b23", "asset_id": "76283458187329109326952114752115619062286016301108449181329653038242681158311", "timestamp": "1769379732398", "hash": "8bbe0243640a8263ec99e47beefd8473a26023aa", "bids": [{"price": "0.01", "size": "259.9"}, {"price": "0.02", "size": "146.79"}, {"price": "0.03", "size": "15.83"}], "asks": [{"price": "0.99", "size": "259.9"}, {"price": "0.98", "size": "141.79"}, {"price": "0.97", "size": "21.3"}], "event_type": "book", "last_trade_price": ""}, {"market": "0x0707ca07d932b55b1348ce11eb93ea666ef7e879d9312068cef3303cf1be1b23", "asset_id": "108203044849043211254280232715712452319866371740878318027396709119677076134873", "timestamp": "1769379732398", "hash": "e88e248b56dc59e8e82ee59d12d5779366e494f7", "bids": [{"price": "0.01", "size": "259.9"}, {"price": "0.02", "size": "141.79"}, {"price": "0.03", "size": "21.3"}], "asks": [{"price": "0.99", "size": "259.9"}, {"price": "0.98", "size": "146.79"}, {"price": "0.97", "size": "15.83"}], "event_type": "book", "last_trade_price": ""}, {"market": "0xb1e93a340304c09585b69b9f8969855303e85c5257cc89d43bc6f126b2c751f8", "asset_id": "19757281467182725041593498104765300035408350431877778284528778020476659727687", "timestamp": "1769379325605", "hash": "d4fca3f896d2b02997c579d790f9f553111cb68d", "bids": [{"price": "0.01", "size": "585.33"}, {"price": "0.02", "size": "47.33"}, {"price": "0.19", "size": "300"}, {"price": "0.21", "size": "200"}, {"price": "0.23", "size": "125"}, {"price": "0.24", "size": "62"}, {"price": "0.25", "size": "75"}, {"price": "0.48", "size": "50"}], "asks": [{"price": "0.99", "size": "188.21"}, {"price": "0.98", "size": "20.77"}, {"price": "0.95", "size": "300"}, {"price": "0.94", "size": "325"}, {"price": "0.93", "size": "192.47"}, {"price": "0.92", "size": "6.27"}, {"price": "0.84", "size": "10"}, {"price": "0.83", "size": "50"}], "event_type": "book", "last_trade_price": ""}, {"market": "0x130682ed41c9b2e920cdfe845425479cd92ed4e90369f80efc1e04d20c859f56", "asset_id": "3899360843275595344514885325767355743609692843103164019719829508409662734012", "timestamp": "1769379732398", "hash": "b657f104513f8a44dcf215aa75866912d1429c36", "bids": [{"price": "0.01", "size": "259.9"}, {"price": "0.02", "size": "146.79"}, {"price": "0.03", "size": "15.83"}], "asks": [{"price": "0.99", "size": "259.9"}, {"price": "0.98", "size": "141.79"}, {"price": "0.97", "size": "21.3"}], "event_type": "book", "last_trade_price": ""}, {"market": "0xad2ad9d8ef8231f5c47982b20eeec60ffde1173abf3f7adce79f5dc28428cea5", "asset_id": "84243259092899127814333865662587695558130410560191511837589355412616682949224", "timestamp": "1769379731862", "hash": "43c0e1caed9d8d9a3a7111e3c700af8dc6794f0b", "bids": [{"price": "0.01", "size": "206.9"}, {"price": "0.02", "size": "115.79"}, {"price": "0.03", "size": "15.83"}], "asks": [{"price": "0.99", "size": "206.9"}, {"price": "0.98", "size": "102.79"}, {"price": "0.97", "size": "21.3"}], "event_type": "book", "last_trade_price": ""}, {"market": "0xad2ad9d8ef8231f5c47982b20eeec60ffde1173abf3f7adce79f5dc28428cea5", "asset_id": "72936672948847498570735365666271460732416638232539433457315227632428536175679", "timestamp": "1769379731862", "hash": "f889d9bd7a89073850fdb32b46f411de45e01911", "bids": [{"price": "0.01", "size": "206.9"}, {"price": "0.02", "size": "102.79"}, {"price": "0.03", "size": "21.3"}], "asks": [{"price": "0.99", "size": "206.9"}, {"price": "0.98", "size": "115.79"}, {"price": "0.97", "size": "15.83"}], "event_type": "book", "last_trade_price": ""}, {"market": "0x0ddea291848028387f831b895264c277979a8741402371b507db1fc810d79ade", "asset_id": "50941333551202676198592288268835037692416609656430008963763354928413818278291", "timestamp": "1769379732398", "hash": "05657a2d000b335828fdbb2265ae944c10d5b9df", "bids": [{"price": "0.01", "size": "206.9"}, {"price": "0.02", "size": "119.79"}, {"price": "0.03", "size": "15.83"}], "asks": [{"price": "0.99", "size": "206.9"}, {"price": "0.98", "size": "115.79"}, {"price": "0.97", "size": "21.3"}], "event_type": "book", "last_trade_price": ""}, {"market": "0xdbb78207a21b5b8ba28d16d8ff82c467879aff5e5d767dc2531cc25853551f9e", "asset_id": "93724390479611727522881715394978682043175144783639487098746944265021171444438", "timestamp": "1769381262074", "hash": "a13227705b050912e075246b78ded155959ff3d8", "bids": [{"price": "0.01", "size": "206.9"}, {"price": "0.02", "size": "102.79"}, {"price": "0.03", "size": "15.83"}], "asks": [{"price": "0.99", "size": "206.9"}, {"price": "0.98", "size": "102.79"}, {"price": "0.97", "size": "21.3"}], "event_type": "book", "last_trade_price": ""}, {"market": "0xdbb78207a21b5b8ba28d16d8ff82c467879aff5e5d767dc2531cc25853551f9e", "asset_id": "16533825671217898534084582829230766446419872939955529106916503593577745861275", "timestamp": "1769381262074", "hash": "0ef56e4f956f1fff5c75bc423eb8367276e2f98c", "bids": [{"price": "0.01", "size": "206.9"}, {"price": "0.02", "size": "102.79"}, {"price": "0.03", "size": "21.3"}], "asks": [{"price": "0.99", "size": "206.9"}, {"price": "0.98", "size": "102.79"}, {"price": "0.97", "size": "15.83"}], "event_type": "book", "last_trade_price": ""}, {"market": "0xa9547114ec13a0d79294b457722af03673db6c22919db57d71c0bd9763a66f9b", "asset_id": "98405825918064271381877882365739159010664728415930617708689125387524184851669", "timestamp": "1769379732398", "hash": "86de198bb9ccbbccea9db0765093eb0d7d94ce31", "bids": [{"price": "0.01", "size": "206.9"}, {"price": "0.02", "size": "119.79"}, {"price": "0.03", "size": "15.83"}], "asks": [{"price": "0.99", "size": "206.9"}, {"price": "0.98", "size": "115.79"}, {"price": "0.97", "size": "21.3"}], "event_type": "book", "last_trade_price": ""}, {"market": "0x5400d1660100b266933de034ac815a6092795b891e2fb1e48ae03fa74aea7e4d", "asset_id": "28706878824397007791015669273927767365596132443624535382106403318068979633860", "timestamp": "1769379732809", "hash": "68a4a9548578707ba0e54840ef825b9a10b0c6c2", "bids": [{"price": "0.01", "size": "206.9"}, {"price": "0.02", "size": "102.79"}, {"price": "0.03", "size": "21.3"}], "asks": [{"price": "0.99", "size": "206.9"}, {"price": "0.98", "size": "119.79"}, {"price": "0.97", "size": "15.83"}], "event_type": "book", "last_trade_price": ""}, {"market": "0x0ddea291848028387f831b895264c277979a8741402371b507db1fc810d79ade", "asset_id": "89343386807424702187116381304644928742648274092249644547951733792992327258895", "timestamp": "1769379732398", "hash": "e2b466abf7fa2d253bf6f2672b67032c9a00ddf8", "bids": [{"price": "0.01", "size": "206.9"}, {"price": "0.02", "size": "115.79"}, {"price": "0.03", "size": "21.3"}], "asks": [{"price": "0.99", "size": "206.9"}, {"price": "0.98", "size": "119.79"}, {"price": "0.97", "size": "15.83"}], "event_type": "book", "last_trade_price": ""}, {"market": "0xb1e93a340304c09585b69b9f8969855303e85c5257cc89d43bc6f126b2c751f8", "asset_id": "100859935131945913545820186500116477950975047930860024832779630610058321914240", "timestamp": "1769379325605", "hash": "e9700c9990203ebf1ff53330fa70cad60726cd4c", "bids": [{"price": "0.01", "size": "188.21"}, {"price": "0.02", "size": "20.77"}, {"price": "0.05", "size": "300"}, {"price": "0.06", "size": "325"}, {"price": "0.07", "size": "192.47"}, {"price": "0.08", "size": "6.27"}, {"price": "0.16", "size": "10"}, {"price": "0.17", "size": "50"}], "asks": [{"price": "0.99", "size": "585.33"}, {"price": "0.98", "size": "47.33"}, {"price": "0.81", "size": "300"}, {"price": "0.79", "size": "200"}, {"price": "0.77", "size": "125"}, {"price": "0.76", "size": "62"}, {"price": "0.75", "size": "75"}, {"price": "0.52", "size": "50"}], "event_type": "book", "last_trade_price": ""}]}
