{"_local_timestamp": "2026-01-25T23:34:27.346336+00:00", "data": [{"market": "0x0fcec2ce48f6f29041b6bab098207c8e1c724239efc508e624ba99b9169b38e2", "asset_id": "58522212137952065200388475181540096288428639016304713228312835884333163725761", "timestamp": "1769379727670", "hash": "d77131ad74ee9b07e18663c237085cafe9c4fd83", "bids": [{"price": "0.01", "size": "176.9"}, {"price": "0.02", "size": "103.79"}, {"price": "0.03", "size": "15.83"}], "asks": [{"price": "0.99", "size": "176.9"}, {"price": "0.98", "size": "100.79"}, {"price": "0.97", "size": "21.3"}], "event_type": "book", "last_trade_price": ""}, {"market": "0xdefc7dbcdd2b152f336cbac578062c59943cf4de32c249d8be22fc2e5f0516bb", "asset_id": "54073813123507964667654778677923702111510580424665911278734993117696104518622", "timestamp": "1769379727669", "hash": "498a14bdd3f6d964ec74b5007e3722ab25d972d2", "bids": [{"price": "0.01", "size": "150"}, {"price": "0.02", "size": "262.79"}, {"price": "0.03", "size": "15.83"}], "asks": [{"price": "0.99", "size": "176.9"}, {"price": "0.98", "size": "100.79"}, {"price": "0.97", "size": "21.3"}], "event_type": "book", "last_trade_price": ""}, {"market": "0x6a0373f0c6ade9942d87b96bf3670c34b68e6dfb23d465ed21cd62e6f3f96ffa", "asset_id": "112513239755129712345510651693301512657509700024705406306257644593584868193969", "timestamp": "1769379726996", "hash": "fc98f7b770e58056f9c0a36dd456b4d381cef317", "bids": [{"price": "0.01", "size": "176.9"}, {"price": "0.02", "size": "103.79"}, {"price": "0.03", "size": "15.83"}], "asks": [{"price": "0.99", "size": "176.9"}, {"price": "0.98", "size": "100.79"}, {"price": "0.97", "size": "21.3"}], "event_type": "book", "last_trade_price": ""}, {"market": "0xdefc7dbcdd2b152f336cbac578062c59943cf4de32c249d8be22fc2e5f0516bb", "asset_id": "22984944932453412766045774311544477952625711608107787178371811316348124518162", "timestamp": "1769379727669", "hash": "c0b4c1533a2198d766fdf8f4982c4ca3ac5db64d", "bids": [{"price": "0.01", "size": "176.9"}, {"price": "0.02", "size": "100.79"}, {"price": "0.03", "size": "21.3"}], "asks": [{"price": "0.99", "size": "150"}, {"price": "0.98", "size": "262.79"}, {"price": "0.97", "size": "15.83"}], "event_type": "book", "last_trade_price": ""}, {"market": "0x1bc93ecbbb402bd374edc9dc1c8462f6807688045b80771aa69f221686d84ab6", "asset_id": "85567089745603008786518945211635685601874561861456412803319160816443163568724", "timestamp": "1769379727670", "hash": "fbf6bebc63c7b32bc1be95112c086c1d621c7188", "bids": [{"price": "0.01", "size": "176.9"}, {"price": "0.02", "size": "100.79"}, {"price": "0.03", "size": "21.3"}], "asks": [{"price": "0.99", "size": "176.9"}, {"price": "0.98", "size": "262.79"}, {"price": "0.97", "size": "15.83"}], "event_type": "book", "last_trade_price": ""}, {"market": "0x1bc93ecbbb402bd374edc9dc1c8462f6807688045b80771aa69f221686d84ab6", "asset_id": "100566368043594650028404222864914102518473137409236929593953406876994454260977", "timestamp": "1769379727670", "hash": "64998230fbb55c10d49642105be651c3e98d5daf", "bids": [{"price": "0.01", "size": "176.9"}, {"price": "0.02", "size": "262.79"}, {"price": "0.03", "size": "15.83"}], "asks": [{"price": "0.99", "size": "176.9"}, {"price": "0.98", "size": "100.79"}, {"price": "0.97", "size": "21.3"}], "event_type": "book", "last_trade_price": ""}, {"market": "0x728c6fd703d03ed91d4f891135e092412bbd4f65d975f48c86fe5f90955816d2", "asset_id": "106404691525615332707714440408866804001262409771376967501048005898710195782533", "timestamp": "1769379726997", "hash": "a397a35a2ce919af46def8539210e6c0c95772b9", "bids": [{"price": "0.01", "size": "176.9"}, {"price": "0.02", "size": "103.79"}, {"price": "0.03", "size": "15.83"}], "asks": [{"price": "0.99", "size": "176.9"}, {"price": "0.98", "size": "100.79"}, {"price": "0.97", "size": "21.3"}], "event_type": "book", "last_trade_price": ""}, {"market": "0x6a0373f0c6ade9942d87b96bf3670c34b68e6dfb23d465ed21cd62e6f3f96ffa", "asset_id": "22868185010491029985947491290667615489363806652452604218281128069621277502887", "timestamp": "1769379726996", "hash": "2ad5976076a3507eb30e97ce1b2a593e4d52b32a", "bids": [{"price": "0.01", "size": "176.9"}, {"price": "0.02", "size": "100.79"}, {"price": "0.03", "size": "21.3"}], "asks": [{"price": "0.99", "size": "176.9"}, {"price": "0.98", "size": "103.79"}, {"price": "0.97", "size": "15.83"}], "event_type": "book", "last_trade_price": ""}, {"market": "0x52f2b2dc7927008f2116f96c0980a3a053565fab850d4263c18ae2043f37e680", "asset_id": "64531526060589255727986505011202229525650706190527576022030342058657815047926", "timestamp": "1769379727063", "hash": "dd0774d7e41b018aa0cc084714bee8bb34364237", "bids": [{"price": "0.01", "size": "170.19"}, {"price": "0.02", "size": "103.79"}, {"price": "0.03", "size": "18.07"}], "asks": [{"price": "0.99", "size": "176.9"}, {"price": "0.98", "size": "100.79"}, {"price": "0.97", "size": "21.3"}], "event_type": "book", "last_trade_price": ""}, {"market": "0x52f2b2dc7927008f2116f96c0980a3a053565fab850d4263c18ae2043f37e680", "asset_id": "48144947654383774182123015300965370300576000907723224877321874237160262667908", "timestamp": "1769379727063", "hash": "28a9caa4e4ec05fe67dfa1dec58debfd7c262d71", "bids": [{"price": "0.01", "size": "176.9"}, {"price": "0.02", "size": "100.79"}, {"price": "0.03", "size": "21.3"}], "asks": [{"price": "0.99", "size": "170.19"}, {"price": "0.98", "size": "103.79"}, {"price": "0.97", "size": "18.07"}], "event_type": "book", "last_trade_price": ""}, {"market": "0x9f64bb3ef4abec8d139f33d70bc6f284613c9a241abeb10439b3b4697ad3ec65", "asset_id": "42222279339870960916865288517960193324843172326222396593056198634539104324358", "timestamp": "1769380098881", "hash": "9b6c6b91690eb867d8b3267b26d69254b2c9b1b2", "bids": [{"price": "0.01", "size": "158.36"}, {"price": "0.02", "size": "22.5"}, {"price": "0.04", "size": "300"}, {"price": "0.05", "size": "325"}, {"price": "0.06", "size": "75"}, {"price": "0.07", "size": "180.47"}, {"price": "0.08", "size": "5.82"}, {"price": "0.14", "size": "10"}, {"price": "0.15", "size": "50"}], "asks": [{"price": "0.99", "size": "550"}, {"price": "0.98", "size": "47.38"}, {"price": "0.77", "size": "300"}, {"price": "0.74", "size": "200"}, {"price": "0.72", "size": "125"}, {"price": "0.71", "size": "62"}, {"price": "0.7", "size": "75"}, {"price": "0.47", "size": "50"}], "event_type": "book", "last_trade_price": ""}, {"market": "0x9f64bb3ef4abec8d139f33d70bc6f284613c9a241abeb10439b3b4697ad3ec65", "asset_id": "14175610403898934652226297780423519236973122848362150871159010217794236594807", "timestamp": "1769380098881", "hash": "6b974e38862fc42e9da118e70a9ea57946349c76", "bids": [{"price": "0.01", "size": "550"}, {"price": "0.02", "size": "47.38"}, {"price": "0.23", "size": "300"}, {"price": "0.26", "size": "200"}, {"price": "0.28", "size": "125"}, {"price": "0.29", "size": "62"}, {"price": "0.3", "size": "75"}, {"price": "0.53", "size": "50"}], "asks": [{"price": "0.99", "size": "158.36"}, {"price": "0.98", "size": "22.5"}, {"price": "0.96", "size": "300"}, {"price": "0.95", "size": "325"}, {"price": "0.94", "size": "75"}, {"price": "0.93", "size": "180.47"}, {"price": "0.92", "size": "5.82"}, {"price": "0.86", "size": "10"}, {"price": "0.85", "size": "50"}], "event_type": "book", "last_trade_price": ""}, {"market": "0xd07b0527a145ce145eb6ebce2590699a21a13436a2c9ecf5474cd3e4ff6939e0", "asset_id": "99948438640700381752864788642110674001468912989470869103562089789821220809718", "timestamp": "1769379727063", "hash": "3e6beeba4b58c768e51b7377e4ba5ab21659a0eb", "bids": [{"price": "0.01", "size": "176.9"}, {"price": "0.02", "size": "100.79"}, {"price": "0.03", "size": "21.3"}], "asks": [{"price": "0.99", "size": "170.19"}, {"price": "0.98", "size": "103.79"}, {"price": "0.97", "size": "18.07"}], "event_type": "book", "last_trade_price": ""}, {"market": "0x728c6fd703d03ed91d4f891135e092412bbd4f65d975f48c86fe5f90955816d2", "asset_id": "89386671073068229950017929511209749846188230168947709529796014965500028427038", "timestamp": "1769379726997", "hash": "fd09981a7e898083520b621cfa35d9a9f025f09a", "bids": [{"price": "0.01", "size": "176.9"}, {"price": "0.02", "size": "100.79"}, {"price": "0.03", "size": "21.3"}], "asks": [{"price": "0.99", "size": "176.9"}, {"price": "0.98", "size": "103.79"}, {"price": "0.97", "size": "15.83"}], "event_type": "book", "last_trade_price": ""}, {"market": "0xd07b0527a145ce145eb6ebce2590699a21a13436a2c9ecf5474cd3e4ff6939e0", "asset_id": "91081142830863616506640452690581888077254524036305167043334910440886930736003", "timestamp": "1769379727063", "hash": "2adcdadb79b95f94e16c66747ad1515b141e217b", "bids": [{"price": "0.01", "size": "170.19"}, {"price": "0.02", "size": "103.79"}, {"price": "0.03", "size": "18.07"}], "asks": [{"price": "0.99", "size": "176.9"}, {"price": "0.98", "size": "100.79"}, {"price": "0.97", "size": "21.3"}], "event_type": "book", "last_trade_price": ""}, {"market": "0x0fcec2ce48f6f29041b6bab098207c8e1c724239efc508e624ba99b9169b38e2", "asset_id": "83642291323911331304974074126776294478202695765027658358491353458472028984547", "timestamp": "1769379727670", "hash": "a192d8766977cb60e4205b29e15975a6f0ab908a", "bids": [{"price": "0.01", "size": "176.9"}, {"price": "0.02", "size": "100.79"}, {"price": "0.03", "size": "21.3"}], "asks": [{"price": "0.99", "size": "176.9"}, {"price": "0.98", "size": "103.79"}, {"price": "0.97", "size": "15.83"}], "event_type": "book", "last_trade_price": ""}]}
