{"_local_timestamp": "2026-01-25T23:41:32.185459+00:00", "data": [{"market": "0x2e974b1daa58871c9d5858e277b5edabdbe2172d94de91636acd2078ea9c24cb", "asset_id": "71255474204303992264353477748391170466648894075977906260892430089304893841515", "timestamp": "1769384438286", "hash": "27fdbd29628f5fe9c0a747324c4e82099f89c7ae", "bids": [{"price": "0.01", "size": "255.04"}, {"price": "0.02", "size": "87.48"}, {"price": "0.03", "size": "18.99"}, {"price": "0.04", "size": "29.99"}], "asks": [{"price": "0.99", "size": "246.28"}, {"price": "0.98", "size": "137.42"}, {"price": "0.97", "size": "9.8"}, {"price": "0.96", "size": "7.11"}, {"price": "0.95", "size": "5.47"}], "event_type": "book", "last_trade_price": ""}, {"market": "0xe217dfc9212e80f8e0b010f8909b8c7913632bb3efae84523da2996eaee3b65d", "asset_id": "4485682323001001674487749691174247915964787827501064370070819769826722790001", "timestamp": "1769384438286", "hash": "5c86399adc9f2da67966aa7f32fff9fb3f54ddf7", "bids": [{"price": "0.01", "size": "192.25"}, {"price": "0.02", "size": "112.35"}, {"price": "0.03", "size": "9.15"}, {"price": "0.04", "size": "7.39"}, {"price": "0.05", "size": "5.47"}], "asks": [{"price": "0.99", "size": "202.04"}, {"price": "0.98", "size": "117.48"}, {"price": "0.97", "size": "18.99"}, {"price": "0.96", "size": "29.99"}], "event_type": "book", "last_trade_price": ""}, {"market": "0xc572b7b9063b07c89a6c5297cbd135a0dacaca8b8cf7c8ad5a396eb7396c5450", "asset_id": "66324924791184900394193182069103308321640755546352702399962576909795712356329", "timestamp": "1769384436895", "hash": "7b8a1b8b1ddc326cf8793118b658d2c6d777da16", "bids": [{"price": "0.01", "size": "202.04"}, {"price": "0.02", "size": "111.48"}, {"price": "0.03", "size": "18.99"}, {"price": "0.04", "size": "29.99"}], "asks": [{"price": "0.99", "size": "193.03"}, {"price": "0.98", "size": "95.06"}, {"price": "0.97", "size": "8.96"}, {"price": "0.94", "size": "13.79"}], "event_type": "book", "last_trade_price": ""}, {"market": "0x1899c0fde5a25c17b7b860f052517f601ff918aa28e2ebdde8ec8ed423e40cc1", "asset_id": "10021353885521954394524343746473710087677473210831829008681787734073219451685", "timestamp": "1769379316607", "hash": "d548c2ce1b6f6de193e16cbce44370fe0ae3c13a", "bids": [{"price": "0.01", "size": "1385.16"}, {"price": "0.02", "size": "1207.01"}, {"price": "0.04", "size": "125"}, {"price": "0.05", "size": "16.16"}, {"price": "0.26", "size": "300"}, {"price": "0.3", "size": "200"}, {"price": "0.32", "size": "125"}, {"price": "0.35", "size": "75"}, {"price": "0.57", "size": "50"}], "asks": [{"price": "0.99", "size": "187.41"}, {"price": "0.98", "size": "15.23"}, {"price": "0.97", "size": "625"}, {"price": "0.96", "size": "75"}, {"price": "0.95", "size": "162"}, {"price": "0.94", "size": "15.82"}, {"price": "0.85", "size": "10"}, {"price": "0.84", "size": "50"}], "event_type": "book", "last_trade_price": ""}, {"market": "0x5e8e2cb0307a78fdc58674bc9036093a78d65ca87b47af627ee8d96d08ec701e", "asset_id": "80281573857984752237563765561408679258146066165221048651389124222454524340395", "timestamp": "1769384436992", "hash": "7b161ec13112f02bb2f2acc553354ef4a58310a7", "bids": [{"price": "0.01", "size": "192.25"}, {"price": "0.02", "size": "102.18"}, {"price": "0.03", "size": "9.15"}, {"price": "0.06", "size": "13.79"}], "asks": [{"price": "0.99", "size": "202.04"}, {"price": "0.98", "size": "260.48"}, {"price": "0.97", "size": "18.99"}, {"price": "0.96", "size": "29.99"}], "event_type": "book", "last_trade_price": ""}, {"market": "0x30b151adb90446f08ae0e08c7137de2add968af693d265d2428f40f66af1663c", "asset_id": "100718774457918237711490158343448292105945659037728332625627931387913729005755", "timestamp": "1769384436895", "hash": "252cb3dc82e65f7db862bea4f53f12bb54226a11", "bids": [{"price": "0.01", "size": "194"}, {"price": "0.02", "size": "25.56"}, {"price": "0.05", "size": "12.44"}], "asks": [{"price": "0.99", "size": "202.04"}, {"price": "0.98", "size": "38.98"}, {"price": "0.96", "size": "29.99"}], "event_type": "book", "last_trade_price": ""}, {"market": "0x5e8e2cb0307a78fdc58674bc9036093a78d65ca87b47af627ee8d96d08ec701e", "asset_id": "52541733716336036954701500308568804229249076198640922639330259788516663396470", "timestamp": "1769384436992", "hash": "a62fe06c124dcc606360d8ca0722378b0e81642b", "bids": [{"price": "0.01", "size": "202.04"}, {"price": "0.02", "size": "260.48"}, {"price": "0.03", "size": "18.99"}, {"price": "0.04", "size": "29.99"}], "asks": [{"price": "0.99", "size": "192.25"}, {"price": "0.98", "size": "102.18"}, {"price": "0.97", "size": "9.15"}, {"price": "0.94", "size": "13.79"}], "event_type": "book", "last_trade_price": ""}, {"market": "0xc572b7b9063b07c89a6c5297cbd135a0dacaca8b8cf7c8ad5a396eb7396c5450", "asset_id": "78044678285188017537811224724838572839966542170954984295526542266275065813237", "timestamp": "1769384436895", "hash": "5ddd1ba16d034d99bd214edd6c706b5ecd9cb0ea", "bids": [{"price": "0.01", "size": "193.03"}, {"price": "0.02", "size": "95.06"}, {"price": "0.03", "size": "8.96"}, {"price": "0.06", "size": "13.79"}], "asks": [{"price": "0.99", "size": "202.04"}, {"price": "0.98", "size": "111.48"}, {"price": "0.97", "size": "18.99"}, {"price": "0.96", "size": "29.99"}], "event_type": "book", "last_trade_price": ""}, {"market": "0x177fb57747121b0eeee7b699986ab4d55edb6e015cbcbc46686e7cec94a2ca45", "asset_id": "104569176345982745676174304355961548999396785481043624982699106003650899605715", "timestamp": "1769384436992", "hash": "d94bcaf55c6b47c62714097339c306d32010c089", "bids": [{"price": "0.01", "size": "202.04"}, {"price": "0.02", "size": "111.48"}, {"price": "0.03", "size": "18.99"}, {"price": "0.04", "size": "29.99"}], "asks": [{"price": "0.99", "size": "193.03"}, {"price": "0.98", "size": "102.06"}, {"price": "0.97", "size": "8.96"}, {"price": "0.94", "size": "13.79"}], "event_type": "book", "last_trade_price": ""}, {"market": "0x8dfb79349dace87de09b4944701379915727b23004999a38a5c49015dcf2ce63", "asset_id": "26791718086611049337180741449483857689861473898580700886528107795659466561515", "timestamp": "1769384436992", "hash": "6d1765ef758f64ee96c8af48315c3dabb2b90e02", "bids": [{"price": "0.01", "size": "246.03"}, {"price": "0.02", "size": "128.06"}, {"price": "0.03", "size": "8.96"}, {"price": "0.06", "size": "13.79"}], "asks": [{"price": "0.99", "size": "255.04"}, {"price": "0.98", "size": "87.48"}, {"price": "0.97", "size": "18.99"}, {"price": "0.96", "size": "29.99"}], "event_type": "book", "last_trade_price": ""}, {"market": "0x30b151adb90446f08ae0e08c7137de2add968af693d265d2428f40f66af1663c", "asset_id": "36173490340252755050895606196440773116382134709228056185362924490649829802246", "timestamp": "1769384436895", "hash": "dd4e27f5560a69aae0f007de2c8098d756bbdc33", "bids": [{"price": "0.01", "size": "202.04"}, {"price": "0.02", "size": "38.98"}, {"price": "0.04", "size": "29.99"}], "asks": [{"price": "0.99", "size": "194"}, {"price": "0.98", "size": "25.56"}, {"price": "0.95", "size": "12.44"}], "event_type": "book", "last_trade_price": ""}, {"market": "0xe217dfc9212e80f8e0b010f8909b8c7913632bb3efae84523da2996eaee3b65d", "asset_id": "81175123903882825876402515001200649378313759476566120557310334400189569589575", "timestamp": "1769384438286", "hash": "b2fd0df54f9b1ea4f65f5cf49cd253783f2be3d7", "bids": [{"price": "0.01", "size": "202.04"}, {"price": "0.02", "size": "117.48"}, {"price": "0.03", "size": "18.99"}, {"price": "0.04", "size": "29.99"}], "asks": [{"price": "0.99", "size": "192.25"}, {"price": "0.98", "size": "112.35"}, {"price": "0.97", "size": "9.15"}, {"price": "0.96", "size": "7.39"}, {"price": "0.95", "size": "5.47"}], "event_type": "book", "last_trade_price": ""}, {"market": "0x2e974b1daa58871c9d5858e277b5edabdbe2172d94de91636acd2078ea9c24cb", "asset_id": "19256515651533113986943956741409079399845715974992099864167983799867708105665", "timestamp": "1769384438286", "hash": "553b865f3f7f2a4c28c359f0eefee77405d8c13e", "bids": [{"price": "0.01", "size": "246.28"}, {"price": "0.02", "size": "137.42"}, {"price": "0.03", "size": "9.8"}, {"price": "0.04", "size": "7.11"}, {"price": "0.05", "size": "5.47"}], "asks": [{"price": "0.99", "size": "255.04"}, {"price": "0.98", "size": "87.48"}, {"price": "0.97", "size": "18.99"}, {"price": "0.96", "size": "29.99"}], "event_type": "book", "last_trade_price": ""}, {"market": "0x1899c0fde5a25c17b7b860f052517f601ff918aa28e2ebdde8ec8ed423e40cc1", "asset_id": "69572352533787877929119063178693108472037080626198505502189995638062761127308", "timestamp": "1769379316607", "hash": "4f8c6e4b4a327cee03ac2397efa1ce8fb5cf738b", "bids": [{"price": "0.01", "size": "187.41"}, {"price": "0.02", "size": "15.23"}, {"price": "0.03", "size": "625"}, {"price": "0.04", "size": "75"}, {"price": "0.05", "size": "162"}, {"price": "0.06", "size": "15.82"}, {"price": "0.15", "size": "10"}, {"price": "0.16", "size": "50"}], "asks": [{"price": "0.99", "size": "1385.16"}, {"price": "0.98", "size": "1207.01"}, {"price": "0.96", "size": "125"}, {"price": "0.95", "size": "16.16"}, {"price": "0.74", "size": "300"}, {"price": "0.7", "size": "200"}, {"price": "0.68", "size": "125"}, {"price": "0.65", "size": "75"}, {"price": "0.43", "size": "50"}], "event_type": "book", "last_trade_price": ""}, {"market": "0x8dfb79349dace87de09b4944701379915727b23004999a38a5c49015dcf2ce63", "asset_id": "77860007254596650903501327020768810272222754552923934410420290637425249329622", "timestamp": "1769384436992", "hash": "49dc3e8a12fe754aa9bf35f105a19f1d308a0488", "bids": [{"price": "0.01", "size": "255.04"}, {"price": "0.02", "size": "87.48"}, {"price": "0.03", "size": "18.99"}, {"price": "0.04", "size": "29.99"}], "asks": [{"price": "0.99", "size": "246.03"}, {"price": "0.98", "size": "128.06"}, {"price": "0.97", "size": "8.96"}, {"price": "0.94", "size": "13.79"}], "event_type": "book", "last_trade_price": ""}, {"market": "0x177fb57747121b0eeee7b699986ab4d55edb6e015cbcbc46686e7cec94a2ca45", "asset_id": "44932511103407153320592542757652461151972330110497196559490817538706178939384", "timestamp": "1769384436992", "hash": "d3dcda912f930b079e4ca392b14e1550ce08c000", "bids": [{"price": "0.01", "size": "193.03"}, {"price": "0.02", "size": "102.06"}, {"price": "0.03", "size": "8.96"}, {"price": "0.06", "size": "13.79"}], "asks": [{"price": "0.99", "size": "202.04"}, {"price": "0.98", "size": "111.48"}, {"price": "0.97", "size": "18.99"}, {"price": "0.96", "size": "29.99"}], "event_type": "book", "last_trade_price": ""}]}
