{"_local_timestamp": "2026-01-25T23:41:32.358648+00:00", "data": [{"market": "0xb626549ae7a8036373df771ac954de44b73c89c873a72e2979414823f9bce522", "asset_id": "85549117172953211832744962618064584576076661526580550468764967906505705282147", "timestamp": "1769379359691", "hash": "ff98e086052820eda8b34e5858647498e00f0897", "bids": [{"price": "0.01", "size": "186.83"}, {"price": "0.02", "size": "14.74"}, {"price": "0.04", "size": "500"}, {"price": "0.05", "size": "200"}, {"price": "0.06", "size": "100"}, {"price": "0.07", "size": "14.56"}, {"price": "0.24", "size": "50"}], "asks": [{"price": "0.99", "size": "186.03"}, {"price": "0.98", "size": "46.98"}, {"price": "0.89", "size": "300"}, {"price": "0.88", "size": "200"}, {"price": "0.87", "size": "125"}, {"price": "0.86", "size": "137"}, {"price": "0.69", "size": "10"}, {"price": "0.68", "size": "30"}], "event_type": "book", "last_trade_price": "0.320"}, {"market": "0xbafb91f413a00a1baf52f53882be02a209a83431d58e4ad02f8085527d49a36f", "asset_id": "66167640259686186798126386613211623841620698626025144134043781171010671349762", "timestamp": "1769384438215", "hash": "52fea0dec9a8ec8943005487b0edb33499e75165", "bids": [{"price": "0.01", "size": "202.04"}, {"price": "0.02", "size": "117.48"}, {"price": "0.03", "size": "18.99"}, {"price": "0.04", "size": "29.99"}], "asks": [{"price": "0.99", "size": "203.97"}, {"price": "0.98", "size": "97.03"}, {"price": "0.97", "size": "20.65"}, {"price": "0.96", "size": "5.47"}], "event_type": "book", "last_trade_price": ""}, {"market": "0xbafb91f413a00a1baf52f53882be02a209a83431d58e4ad02f8085527d49a36f", "asset_id": "54207126562344211539601313371670415742332390424740193425130980770867371550656", "timestamp": "1769384438215", "hash": "93305f3705ec10222276451f99f09e18217ee17b", "bids": [{"price": "0.01", "size": "203.97"}, {"price": "0.02", "size": "97.03"}, {"price": "0.03", "size": "20.65"}, {"price": "0.04", "size": "5.47"}], "asks": [{"price": "0.99", "size": "202.04"}, {"price": "0.98", "size": "117.48"}, {"price": "0.97", "size": "18.99"}, {"price": "0.96", "size": "29.99"}], "event_type": "book", "last_trade_price": ""}, {"market": "0xe999a6afc59379d3ef7289c9aa0a3773f3d6c39cf0b03b064cd914461c63cbf2", "asset_id": "59657358153773333162567185170957473344706870114036258477440995352076259982860", "timestamp": "1769384438215", "hash": "a1751a03496ef11241ad8b81b4041bcc30d499c0", "bids": [{"price": "0.01", "size": "203.26"}, {"price": "0.02", "size": "103.03"}, {"price": "0.03", "size": "20.89"}, {"price": "0.04", "size": "5.47"}], "asks": [{"price": "0.99", "size": "202.04"}, {"price": "0.98", "size": "111.48"}, {"price": "0.97", "size": "18.99"}, {"price": "0.96", "size": "29.99"}], "event_type": "book", "last_trade_price": ""}, {"market": "0xb626549ae7a8036373df771ac954de44b73c89c873a72e2979414823f9bce522", "asset_id": "46467863936858419468346217825931853962205875623312098468297143706345437620819", "timestamp": "1769379359691", "hash": "b6768876c63c03fc28cc6f1df12c196d0bd6e36c", "bids": [{"price": "0.01", "size": "186.03"}, {"price": "0.02", "size": "46.98"}, {"price": "0.11", "size": "300"}, {"price": "0.12", "size": "200"}, {"price": "0.13", "size": "125"}, {"price": "0.14", "size": "137"}, {"price": "0.31", "size": "10"}, {"price": "0.32", "size": "30"}], "asks": [{"price": "0.99", "size": "186.83"}, {"price": "0.98", "size": "14.74"}, {"price": "0.96", "size": "500"}, {"price": "0.95", "size": "200"}, {"price": "0.94", "size": "100"}, {"price": "0.93", "size": "14.56"}, {"price": "0.76", "size": "50"}], "event_type": "book", "last_trade_price": "0.320"}, {"market": "0x717f3a1785a55f5bbaddf310060584cad2f17a26bf74eeba914cdbb8ae355e1e", "asset_id": "104088756974692642032091665551525795631344131675382276569412664067005955375326", "timestamp": "1769384438215", "hash": "8d63e4a553d8a0f88520de0ccf7d0064cb253212", "bids": [{"price": "0.01", "size": "256.26"}, {"price": "0.02", "size": "123.03"}, {"price": "0.03", "size": "20.89"}, {"price": "0.04", "size": "5.47"}], "asks": [{"price": "0.99", "size": "255.04"}, {"price": "0.98", "size": "144.48"}, {"price": "0.97", "size": "18.99"}, {"price": "0.96", "size": "29.99"}], "event_type": "book", "last_trade_price": ""}, {"market": "0x537ddbf2e407064bd820f28b87a49b9c181a8621eda510782d84c2470b016cd2", "asset_id": "38942064125977024131823973913740157899823760836807970878832581072988853342346", "timestamp": "1769384438214", "hash": "469db980dfbc11b316baeb4ed12c064c5c1fad29", "bids": [{"price": "0.01", "size": "203.72"}, {"price": "0.02", "size": "104.03"}, {"price": "0.03", "size": "20.73"}, {"price": "0.04", "size": "5.47"}], "asks": [{"price": "0.99", "size": "202.04"}, {"price": "0.98", "size": "111.48"}, {"price": "0.97", "size": "18.99"}, {"price": "0.96", "size": "29.99"}], "event_type": "book", "last_trade_price": ""}, {"market": "0x7123eff2e648599be78cb1e322ebcbf8ad4667ec9e8d9c64d6530e34386e3bbf", "asset_id": "101536950166807510023577921810887956847802873829897163239884268062277104907475", "timestamp": "1769384438215", "hash": "2602f494cdcca4c96a78d7e0b6a1bcd27b94b441", "bids": [{"price": "0.01", "size": "256.41"}, {"price": "0.02", "size": "130.03"}, {"price": "0.03", "size": "20.84"}, {"price": "0.04", "size": "5.47"}], "asks": [{"price": "0.99", "size": "255.04"}, {"price": "0.98", "size": "144.48"}, {"price": "0.97", "size": "18.99"}, {"price": "0.96", "size": "29.99"}], "event_type": "book", "last_trade_price": ""}, {"market": "0xcbe26dac5d8ea8d7643f8b01bbf24a9f4caa824fc34839e3a2af77f83a4310ee", "asset_id": "80120840888832805216723819356904181501448301561766234391241904548089235650968", "timestamp": "1769384438215", "hash": "d12ee1e43167dee36c659c0ee153c058cca4909a", "bids": [{"price": "0.01", "size": "202.04"}, {"price": "0.02", "size": "260.48"}, {"price": "0.03", "size": "18.99"}, {"price": "0.04", "size": "29.99"}], "asks": [{"price": "0.99", "size": "203.26"}, {"price": "0.98", "size": "114.03"}, {"price": "0.97", "size": "20.89"}, {"price": "0.96", "size": "5.47"}], "event_type": "book", "last_trade_price": ""}, {"market": "0x717f3a1785a55f5bbaddf310060584cad2f17a26bf74eeba914cdbb8ae355e1e", "asset_id": "26108569753018008234471828957983295113511999084185971218782038848426852045613", "timestamp": "1769384438215", "hash": "be9004a98a1c4a85b4afffcfc5ab632a4cbddcbd", "bids": [{"price": "0.01", "size": "255.04"}, {"price": "0.02", "size": "144.48"}, {"price": "0.03", "size": "18.99"}, {"price": "0.04", "size": "29.99"}], "asks": [{"price": "0.99", "size": "256.26"}, {"price": "0.98", "size": "123.03"}, {"price": "0.97", "size": "20.89"}, {"price": "0.96", "size": "5.47"}], "event_type": "book", "last_trade_price": ""}, {"market": "0xe999a6afc59379d3ef7289c9aa0a3773f3d6c39cf0b03b064cd914461c63cbf2", "asset_id": "96688462818236934338305335256900431297726874963808925651959894479489821865160", "timestamp": "1769384438215", "hash": "5d312a3b858617bf4f3c706acc658658845bbb18", "bids": [{"price": "0.01", "size": "202.04"}, {"price": "0.02", "size": "111.48"}, {"price": "0.03", "size": "18.99"}, {"price": "0.04", "size": "29.99"}], "asks": [{"price": "0.99", "size": "203.26"}, {"price": "0.98", "size": "103.03"}, {"price": "0.97", "size": "20.89"}, {"price": "0.96", "size": "5.47"}], "event_type": "book", "last_trade_price": ""}, {"market": "0x537ddbf2e407064bd820f28b87a49b9c181a8621eda510782d84c2470b016cd2", "asset_id": "55623942719986028231692778125450351946098201151132092414582976066689107563014", "timestamp": "1769384438214", "hash": "10a75a602f74e7bd676d9a785a40d5fdbb467e56", "bids": [{"price": "0.01", "size": "202.04"}, {"price": "0.02", "size": "111.48"}, {"price": "0.03", "size": "18.99"}, {"price": "0.04", "size": "29.99"}], "asks": [{"price": "0.99", "size": "203.72"}, {"price": "0.98", "size": "104.03"}, {"price": "0.97", "size": "20.73"}, {"price": "0.96", "size": "5.47"}], "event_type": "book", "last_trade_price": ""}, {"market": "0x60ff3546a359e230ae29faf273e47eab451e690daa0ca46cc7271515857c1ab1", "asset_id": "11094779214421599853808775564262881602431098901633146147312770304479242434546", "timestamp": "1769384438215", "hash": "a7dfe3aac9ea6f710d081b6fe99d4a98753b2d26", "bids": [{"price": "0.01", "size": "202.04"}, {"price": "0.02", "size": "260.48"}, {"price": "0.03", "size": "18.99"}, {"price": "0.04", "size": "29.99"}], "asks": [{"price": "0.99", "size": "203.26"}, {"price": "0.98", "size": "103.03"}, {"price": "0.97", "size": "20.89"}, {"price": "0.96", "size": "5.47"}], "event_type": "book", "last_trade_price": ""}, {"market": "0x60ff3546a359e230ae29faf273e47eab451e690daa0ca46cc7271515857c1ab1", "asset_id": "24584982300878001539928709365210716161468024624689478796045917110369304466673", "timestamp": "1769384438215", "hash": "0f46dca212a28427d5d895517fc1a63befbef68a", "bids": [{"price": "0.01", "size": "203.26"}, {"price": "0.02", "size": "103.03"}, {"price": "0.03", "size": "20.89"}, {"price": "0.04", "size": "5.47"}], "asks": [{"price": "0.99", "size": "202.04"}, {"price": "0.98", "size": "260.48"}, {"price": "0.97", "size": "18.99"}, {"price": "0.96", "size": "29.99"}], "event_type": "book", "last_trade_price": ""}, {"market": "0xcbe26dac5d8ea8d7643f8b01bbf24a9f4caa824fc34839e3a2af77f83a4310ee", "asset_id": "55122906176359653094995934527954687454287405058308208447243704357472428153951", "timestamp": "1769384438215", "hash": "bc52b0ccdac87b4015380b07e95e23236f5def8d", "bids": [{"price": "0.01", "size": "203.26"}, {"price": "0.02", "size": "114.03"}, {"price": "0.03", "size": "20.89"}, {"price": "0.04", "size": "5.47"}], "asks": [{"price": "0.99", "size": "202.04"}, {"price": "0.98", "size": "260.48"}, {"price": "0.97", "size": "18.99"}, {"price": "0.96", "size": "29.99"}], "event_type": "book", "last_trade_price": ""}, {"market": "0x7123eff2e648599be78cb1e322ebcbf8ad4667ec9e8d9c64d6530e34386e3bbf", "asset_id": "32562343541408406699661373275217468188526054342665751391496009915480960484520", "timestamp": "1769384438215", "hash": "4ae7ba8cd7af4e9fdc03a747202b022939ad11ac", "bids": [{"price": "0.01", "size": "255.04"}, {"price": "0.02", "size": "144.48"}, {"price": "0.03", "size": "18.99"}, {"price": "0.04", "size": "29.99"}], "asks": [{"price": "0.99", "size": "256.41"}, {"price": "0.98", "size": "130.03"}, {"price": "0.97", "size": "20.84"}, {"price": "0.96", "size": "5.47"}], "event_type": "book", "last_trade_price": ""}]}
