{"_local_timestamp": "2026-01-25T23:41:29.940146+00:00", "data": [{"market": "0x0cd6afce8135515d50fe87c27f8db77ace5cf0f6b3c2021107e36fc017b4be64", "asset_id": "30961534907854369437343698039657425747561403227790664901013784395821736420693", "timestamp": "1769384461414", "hash": "8d06c06f72b6181ced2921669d9486d03f14c8f8", "bids": [{"price": "0.01", "size": "193.28"}, {"price": "0.02", "size": "98.94"}, {"price": "0.03", "size": "22.94"}, {"price": "0.04", "size": "5.47"}], "asks": [{"price": "0.99", "size": "202.04"}, {"price": "0.98", "size": "117.48"}, {"price": "0.97", "size": "18.99"}, {"price": "0.96", "size": "29.99"}], "event_type": "book", "last_trade_price": ""}, {"market": "0xce4aa640ba8444c6dc0ebdf960711c22ba3d643b9d25f8ba979b30224b112315", "asset_id": "51403139674128123227963931160304481504882829191436564230900942339775324430155", "timestamp": "1769384461303", "hash": "f2106db0379b287eb7d8e3b48387079762676e88", "bids": [{"price": "0.01", "size": "255.04"}, {"price": "0.02", "size": "102.48"}, {"price": "0.03", "size": "18.99"}, {"price": "0.04", "size": "29.99"}], "asks": [{"price": "0.99", "size": "247.31"}, {"price": "0.98", "size": "86.03"}, {"price": "0.97", "size": "9.79"}, {"price": "0.95", "size": "23.99"}, {"price": "0.94", "size": "12.51"}], "event_type": "book", "last_trade_price": ""}, {"market": "0xd860e2edf4fb3d85cb4140458cb758b78cce67acbaafd64a66d1b4fe2b808fb8", "asset_id": "96614431596047650387733345203259446822775451331085714649688767539829198762701", "timestamp": "1769384419327", "hash": "39dc5b908b6d479d5532e534697b771b7af6884f", "bids": [{"price": "0.01", "size": "194.55"}, {"price": "0.02", "size": "307.05"}, {"price": "0.03", "size": "408.73"}, {"price": "0.04", "size": "167"}, {"price": "0.05", "size": "9.03"}, {"price": "0.07", "size": "55.47"}], "asks": [{"price": "0.99", "size": "185.01"}, {"price": "0.98", "size": "47.49"}, {"price": "0.85", "size": "300"}, {"price": "0.83", "size": "200"}, {"price": "0.82", "size": "125"}, {"price": "0.8", "size": "75"}, {"price": "0.79", "size": "62"}, {"price": "0.5", "size": "10"}, {"price": "0.49", "size": "50"}], "event_type": "book", "last_trade_price": ""}, {"market": "0x75ed221cc778c0da854f83fd211a857309801b204affebefe930e30c278f6bf9", "asset_id": "46613065356760678216348703364558124201751681000273554887031040651276110421393", "timestamp": "1769384464718", "hash": "dcffa8dfd9753ecee6dcbb72ff02af571078539d", "bids": [{"price": "0.01", "size": "202.04"}, {"price": "0.02", "size": "117.48"}, {"price": "0.03", "size": "18.99"}, {"price": "0.04", "size": "29.99"}], "asks": [{"price": "0.99", "size": "194.41"}, {"price": "0.98", "size": "58.03"}, {"price": "0.97", "size": "23.84"}, {"price": "0.96", "size": "5.47"}], "event_type": "book", "last_trade_price": ""}, {"market": "0x80b60138fc681483f222c861673ecb69533d4f5dffc0c77c3f6fc81a8f8f9650", "asset_id": "27202039574620513648104320185408203804996660233006193455547332702115032577835", "timestamp": "1769384461414", "hash": "bef79ce50034f3ddf243976f4e9d3879df68bb65", "bids": [{"price": "0.01", "size": "247.41"}, {"price": "0.02", "size": "86.03"}, {"price": "0.03", "size": "23.84"}, {"price": "0.04", "size": "5.47"}], "asks": [{"price": "0.99", "size": "255.04"}, {"price": "0.98", "size": "102.48"}, {"price": "0.97", "size": "18.99"}, {"price": "0.96", "size": "29.99"}], "event_type": "book", "last_trade_price": ""}, {"market": "0xd311a3c64bc57f5c7a244650f62e66496ad724108b999ff40c5d803135a00dc6", "asset_id": "10986807104484151854430914315170467509593975351366104771857431359186680899665", "timestamp": "1769384464718", "hash": "264bb4a400d8c450e4e645892173317e180111cd", "bids": [{"price": "0.01", "size": "202.04"}, {"price": "0.02", "size": "117.48"}, {"price": "0.03", "size": "18.99"}, {"price": "0.04", "size": "29.99"}], "asks": [{"price": "0.99", "size": "194.31"}, {"price": "0.98", "size": "58.03"}, {"price": "0.97", "size": "23.87"}, {"price": "0.96", "size": "5.47"}], "event_type": "book", "last_trade_price": ""}, {"market": "0x167add482b806cb3eadea2d261f5ccf40978e90e02def113cd330081701d4a45", "asset_id": "17603181187002827690667192532042322003057764570350188637231587007554569482862", "timestamp": "1769384464718", "hash": "f81fa150c903f3ca093cf5b1ad18ee75494275f9", "bids": [{"price": "0.01", "size": "202.04"}, {"price": "0.02", "size": "117.48"}, {"price": "0.03", "size": "18.99"}, {"price": "0.04", "size": "29.99"}], "asks": [{"price": "0.99", "size": "194.39"}, {"price": "0.98", "size": "96.69"}, {"price": "0.97", "size": "24.07"}, {"price": "0.96", "size": "5.47"}], "event_type": "book", "last_trade_price": ""}, {"market": "0xb011a68858016d42a8ac50676c79fd3be5f430eb5c593844bb9cf2efc12a70e7", "asset_id": "73333568179184037459409447491306596347441483467372602632030842452974465970236", "timestamp": "1769384461414", "hash": "8ef00a04c9a6ce2e12c952b2d86925acc488447d", "bids": [{"price": "0.01", "size": "194.79"}, {"price": "0.02", "size": "97.03"}, {"price": "0.03", "size": "23.71"}, {"price": "0.04", "size": "5.47"}], "asks": [{"price": "0.99", "size": "202.04"}, {"price": "0.98", "size": "117.48"}, {"price": "0.97", "size": "18.99"}, {"price": "0.96", "size": "29.99"}], "event_type": "book", "last_trade_price": ""}, {"market": "0xce4aa640ba8444c6dc0ebdf960711c22ba3d643b9d25f8ba979b30224b112315", "asset_id": "46482911826883004149674157734503750531218325652123176079475527466906122361950", "timestamp": "1769384461303", "hash": "66d35a913f63ef94900be93b2f55d05acfff46f5", "bids": [{"price": "0.01", "size": "247.31"}, {"price": "0.02", "size": "86.03"}, {"price": "0.03", "size": "9.79"}, {"price": "0.05", "size": "23.99"}, {"price": "0.06", "size": "12.51"}], "asks": [{"price": "0.99", "size": "255.04"}, {"price": "0.98", "size": "102.48"}, {"price": "0.97", "size": "18.99"}, {"price": "0.96", "size": "29.99"}], "event_type": "book", "last_trade_price": ""}, {"market": "0x167add482b806cb3eadea2d261f5ccf40978e90e02def113cd330081701d4a45", "asset_id": "16864046463228358465481610149374486174397550817949991186497441540833078272394", "timestamp": "1769384464718", "hash": "574de24c177d6b8f230516ebdfaf7ed2a5b5191d", "bids": [{"price": "0.01", "size": "194.39"}, {"price": "0.02", "size": "96.69"}, {"price": "0.03", "size": "24.07"}, {"price": "0.04", "size": "5.47"}], "asks": [{"price": "0.99", "size": "202.04"}, {"price": "0.98", "size": "117.48"}, {"price": "0.97", "size": "18.99"}, {"price": "0.96", "size": "29.99"}], "event_type": "book", "last_trade_price": ""}, {"market": "0xb011a68858016d42a8ac50676c79fd3be5f430eb5c593844bb9cf2efc12a70e7", "asset_id": "18486843472498367129788664361019936083696490196584119573886598059484988695708", "timestamp": "1769384461414", "hash": "0464c0517587f22985cb10771f00d40e679abcde", "bids": [{"price": "0.01", "size": "202.04"}, {"price": "0.02", "size": "117.48"}, {"price": "0.03", "size": "18.99"}, {"price": "0.04", "size": "29.99"}], "asks": [{"price": "0.99", "size": "194.79"}, {"price": "0.98", "size": "97.03"}, {"price": "0.97", "size": "23.71"}, {"price": "0.96", "size": "5.47"}], "event_type": "book", "last_trade_price": ""}, {"market": "0x0cd6afce8135515d50fe87c27f8db77ace5cf0f6b3c2021107e36fc017b4be64", "asset_id": "70013322241311064724738270061301926227466138491849942731259774554764294841650", "timestamp": "1769384461414", "hash": "1335ec992475522121efe1dbc3f1f6de680c1c62", "bids": [{"price": "0.01", "size": "202.04"}, {"price": "0.02", "size": "117.48"}, {"price": "0.03", "size": "18.99"}, {"price": "0.04", "size": "29.99"}], "asks": [{"price": "0.99", "size": "193.28"}, {"price": "0.98", "size": "98.94"}, {"price": "0.97", "size": "22.94"}, {"price": "0.96", "size": "5.47"}], "event_type": "book", "last_trade_price": ""}, {"market": "0x75ed221cc778c0da854f83fd211a857309801b204affebefe930e30c278f6bf9", "asset_id": "14916029291351091290956445176764900256538582804498206355339098292069421969451", "timestamp": "1769384464718", "hash": "ef7aa1658748044411a1dafbd549e8658688e1c7", "bids": [{"price": "0.01", "size": "194.41"}, {"price": "0.02", "size": "58.03"}, {"price": "0.03", "size": "23.84"}, {"price": "0.04", "size": "5.47"}], "asks": [{"price": "0.99", "size": "202.04"}, {"price": "0.98", "size": "117.48"}, {"price": "0.97", "size": "18.99"}, {"price": "0.96", "size": "29.99"}], "event_type": "book", "last_trade_price": ""}, {"market": "0xd311a3c64bc57f5c7a244650f62e66496ad724108b999ff40c5d803135a00dc6", "asset_id": "6585348708776747172997501650983765752507043608998602670050718100373149268661", "timestamp": "1769384464718", "hash": "bfa29b8d166584dada63d7b4e455b9c42ff9956e", "bids": [{"price": "0.01", "size": "194.31"}, {"price": "0.02", "size": "58.03"}, {"price": "0.03", "size": "23.87"}, {"price": "0.04", "size": "5.47"}], "asks": [{"price": "0.99", "size": "202.04"}, {"price": "0.98", "size": "117.48"}, {"price": "0.97", "size": "18.99"}, {"price": "0.96", "size": "29.99"}], "event_type": "book", "last_trade_price": ""}, {"market": "0xd860e2edf4fb3d85cb4140458cb758b78cce67acbaafd64a66d1b4fe2b808fb8", "asset_id": "57381068604841512506391495645220628055784209735095184844617797502280987992030", "timestamp": "1769384419327", "hash": "35d0621e69d192c8a7a269becda39c8eb3c59511", "bids": [{"price": "0.01", "size": "185.01"}, {"price": "0.02", "size": "47.49"}, {"price": "0.15", "size": "300"}, {"price": "0.17", "size": "200"}, {"price": "0.18", "size": "125"}, {"price": "0.2", "size": "75"}, {"price": "0.21", "size": "62"}, {"price": "0.5", "size": "10"}, {"price": "0.51", "size": "50"}], "asks": [{"price": "0.99", "size": "194.55"}, {"price": "0.98", "size": "307.05"}, {"price": "0.97", "size": "408.73"}, {"price": "0.96", "size": "167"}, {"price": "0.95", "size": "9.03"}, {"price": "0.93", "size": "55.47"}], "event_type": "book", "last_trade_price": ""}, {"market": "0x80b60138fc681483f222c861673ecb69533d4f5dffc0c77c3f6fc81a8f8f9650", "asset_id": "48478301444834096893044440739528277108741373659140511909472629997704349348462", "timestamp": "1769384461414", "hash": "872637cffed435dd902d84711d12a98fd9d8330f", "bids": [{"price": "0.01", "size": "255.04"}, {"price": "0.02", "size": "102.48"}, {"price": "0.03", "size": "18.99"}, {"price": "0.04", "size": "29.99"}], "asks": [{"price": "0.99", "size": "247.41"}, {"price": "0.98", "size": "86.03"}, {"price": "0.97", "size": "23.84"}, {"price": "0.96", "size": "5.47"}], "event_type": "book", "last_trade_price": ""}]}
{"_local_timestamp": "2026-01-25T23:42:06.747141+00:00", "data": {"market": "0xce4aa640ba8444c6dc0ebdf960711c22ba3d643b9d25f8ba979b30224b112315", "price_changes": [{"asset_id": "46482911826883004149674157734503750531218325652123176079475527466906122361950", "price": "0.05", "size": "0", "side": "BUY", "hash": "99b02a3c4abadccdd8aa33c7d97fa60522b076ca", "best_bid": "0.06", "best_ask": "0.96"}, {"asset_id": "51403139674128123227963931160304481504882829191436564230900942339775324430155", "price": "0.95", "size": "0", "side": "SELL", "hash": "a60e95a679cd5134eb1fc7c402a9578bcd8da71c", "best_bid": "0.04", "best_ask": "0.94"}], "timestamp": "1769384526669", "event_type": "price_change"}}
