{"_local_timestamp": "2026-01-25T23:34:25.170751+00:00", "data": [{"market": "0xf44368f45e057c844a64e84ba289ac90fd4857065a588131d15c48b35142b0ac", "asset_id": "115117034862019004280027217551896985492130032228864449211257860370374211745078", "timestamp": "1769383979372", "hash": "84647bc7200b03cbaa177141e055d1f57ce528a1", "bids": [{"price": "0.01", "size": "159.9"}, {"price": "0.02", "size": "36.54"}, {"price": "0.03", "size": "5.47"}], "asks": [{"price": "0.99", "size": "151.81"}, {"price": "0.98", "size": "40.59"}, {"price": "0.96", "size": "29.99"}], "event_type": "book", "last_trade_price": ""}, {"market": "0x1c6137417408fa6c879ac55bd94edf7b00951c0677acdeeb814d606ffa79a377", "asset_id": "33662096136080341361979374680362298288200105843887514408815727480119513087772", "timestamp": "1769380128129", "hash": "e09d8101302a99aefb158f871ff67cbc204bef21", "bids": [{"price": "0.01", "size": "98.03"}, {"price": "0.02", "size": "46.45"}, {"price": "0.16", "size": "10"}, {"price": "0.17", "size": "50"}], "asks": [{"price": "0.99", "size": "100"}, {"price": "0.98", "size": "40"}, {"price": "0.5", "size": "10"}, {"price": "0.44", "size": "50"}], "event_type": "book", "last_trade_price": ""}, {"market": "0x1c17414bf9d5a382aa92b7d873a20e1b8a3fed1fb6199ee2fe2876ca958345a6", "asset_id": "103727137186637951441576012570833690426744091255533150206307943306071387367982", "timestamp": "1769383979372", "hash": "9e48058f08c5dd2c5087bf6e060879a4c31aa780", "bids": [{"price": "0.01", "size": "115.01"}, {"price": "0.02", "size": "32.49"}, {"price": "0.03", "size": "39.99"}], "asks": [{"price": "0.99", "size": "106.9"}, {"price": "0.98", "size": "36.54"}, {"price": "0.97", "size": "5.47"}], "event_type": "book", "last_trade_price": ""}, {"market": "0xd60613a62e2bbf9a71aa25b65537a076bf5463b1927b0d031891aa018b5c9619", "asset_id": "53396732012908772113304126811947665195903208822126869011163894304833812432209", "timestamp": "1769383889928", "hash": "9307ddde31a53fa94393a8e5618b7b2ba8edd6a0", "bids": [{"price": "0.01", "size": "106.9"}, {"price": "0.02", "size": "36.54"}, {"price": "0.03", "size": "5.47"}], "asks": [{"price": "0.99", "size": "99.43"}, {"price": "0.98", "size": "40.28"}, {"price": "0.97", "size": "39.99"}], "event_type": "book", "last_trade_price": ""}, {"market": "0x62faf6c6b8167180b1ae7db182a68b55b33cea674e4fbb8e6117911525ed2435", "asset_id": "54554803549637589075875938885672007490659996810453332545279657455466118465406", "timestamp": "1769383979372", "hash": "e8a07177ecce9723b89fef2689a29ee5e97eab96", "bids": [{"price": "0.01", "size": "102.04"}, {"price": "0.02", "size": "38.98"}, {"price": "0.03", "size": "5.47"}], "asks": [{"price": "0.99", "size": "103.78"}, {"price": "0.98", "size": "38.1"}, {"price": "0.96", "size": "29.99"}], "event_type": "book", "last_trade_price": ""}, {"market": "0x1c6137417408fa6c879ac55bd94edf7b00951c0677acdeeb814d606ffa79a377", "asset_id": "107424293956768789679001590791388183467821652274943333009649220800254647520058", "timestamp": "1769380128129", "hash": "d592f4beb0ea8a958ab1afbdbd4e8fe4f58c5a9f", "bids": [{"price": "0.01", "size": "100"}, {"price": "0.02", "size": "40"}, {"price": "0.5", "size": "10"}, {"price": "0.56", "size": "50"}], "asks": [{"price": "0.99", "size": "98.03"}, {"price": "0.98", "size": "46.45"}, {"price": "0.84", "size": "10"}, {"price": "0.83", "size": "50"}], "event_type": "book", "last_trade_price": ""}, {"market": "0x6a0342c5b078a6d127b40cb5ff8dbf831fe194f993b327d42a50642e7ead3ac2", "asset_id": "50695564314133942868518146324817995884745146587553007290931243218757541018483", "timestamp": "1769383979372", "hash": "ec5829665c3f9a1144cd42faba538330aa6a9888", "bids": [{"price": "0.01", "size": "159.9"}, {"price": "0.02", "size": "36.54"}, {"price": "0.03", "size": "5.47"}], "asks": [{"price": "0.99", "size": "155.04"}, {"price": "0.98", "size": "38.97"}, {"price": "0.96", "size": "29.99"}], "event_type": "book", "last_trade_price": ""}, {"market": "0x45c37e08d102276e498f8b817944f3f09e6add067a2636cf9542fe4d79bfbac9", "asset_id": "17178714514138899477762437233386506481466332648677102654384837288281084010240", "timestamp": "1769383979372", "hash": "710d2eb882b39071a80cabc479d58d860a29cb70", "bids": [{"price": "0.01", "size": "106.9"}, {"price": "0.02", "size": "36.54"}, {"price": "0.03", "size": "5.47"}], "asks": [{"price": "0.99", "size": "115.01"}, {"price": "0.98", "size": "32.49"}, {"price": "0.97", "size": "39.99"}], "event_type": "book", "last_trade_price": ""}, {"market": "0x45c37e08d102276e498f8b817944f3f09e6add067a2636cf9542fe4d79bfbac9", "asset_id": "1752942525548542287503079760539995163554130375097418172656019667456288593705", "timestamp": "1769383979372", "hash": "174c70de51331171dfe42a6cad678baf0e227e44", "bids": [{"price": "0.01", "size": "115.01"}, {"price": "0.02", "size": "32.49"}, {"price": "0.03", "size": "39.99"}], "asks": [{"price": "0.99", "size": "106.9"}, {"price": "0.98", "size": "36.54"}, {"price": "0.97", "size": "5.47"}], "event_type": "book", "last_trade_price": ""}, {"market": "0xd878f9e46a1db89a5ead8fccd8916d6b8bd9516d6fb5ea8c06415de6703296e9", "asset_id": "10297800600501315412764163700951116687943277453344818270510182442779367177396", "timestamp": "1769383979372", "hash": "dec11ec358d3449cc2f41533b0a3b71f7bcd8456", "bids": [{"price": "0.01", "size": "98.2"}, {"price": "0.02", "size": "40.89"}, {"price": "0.04", "size": "29.99"}], "asks": [{"price": "0.99", "size": "106.9"}, {"price": "0.98", "size": "36.54"}, {"price": "0.97", "size": "5.47"}], "event_type": "book", "last_trade_price": ""}, {"market": "0x62faf6c6b8167180b1ae7db182a68b55b33cea674e4fbb8e6117911525ed2435", "asset_id": "36931730776468971688993447674149413699404864411435025514365538887709636149996", "timestamp": "1769383979372", "hash": "c42d81af359a9030e8490aef5776b78ea68ba5a4", "bids": [{"price": "0.01", "size": "103.78"}, {"price": "0.02", "size": "38.1"}, {"price": "0.04", "size": "29.99"}], "asks": [{"price": "0.99", "size": "102.04"}, {"price": "0.98", "size": "38.98"}, {"price": "0.97", "size": "5.47"}], "event_type": "book", "last_trade_price": ""}, {"market": "0xf44368f45e057c844a64e84ba289ac90fd4857065a588131d15c48b35142b0ac", "asset_id": "9076554839040554259153381302911402323701160994618270509333651529190677398765", "timestamp": "1769383979372", "hash": "3e1ccf6954acae34a8b4356949d26f9c613766ab", "bids": [{"price": "0.01", "size": "151.81"}, {"price": "0.02", "size": "40.59"}, {"price": "0.04", "size": "29.99"}], "asks": [{"price": "0.99", "size": "159.9"}, {"price": "0.98", "size": "36.54"}, {"price": "0.97", "size": "5.47"}], "event_type": "book", "last_trade_price": ""}, {"market": "0xd60613a62e2bbf9a71aa25b65537a076bf5463b1927b0d031891aa018b5c9619", "asset_id": "83679499326325087790744713165026805683069434684187831457745006279288463137249", "timestamp": "1769383889928", "hash": "81e5c2b8d8568e8729d910e7320ac1f3e7bf3b6b", "bids": [{"price": "0.01", "size": "99.43"}, {"price": "0.02", "size": "40.28"}, {"price": "0.03", "size": "39.99"}], "asks": [{"price": "0.99", "size": "106.9"}, {"price": "0.98", "size": "36.54"}, {"price": "0.97", "size": "5.47"}], "event_type": "book", "last_trade_price": ""}, {"market": "0xd878f9e46a1db89a5ead8fccd8916d6b8bd9516d6fb5ea8c06415de6703296e9", "asset_id": "108737754856062014646946799708153441235692390390199043985091953860799874457913", "timestamp": "1769383979372", "hash": "dd142dd0e8f5eb7af95f55be735e800b1ec0bb85", "bids": [{"price": "0.01", "size": "106.9"}, {"price": "0.02", "size": "36.54"}, {"price": "0.03", "size": "5.47"}], "asks": [{"price": "0.99", "size": "98.2"}, {"price": "0.98", "size": "40.89"}, {"price": "0.96", "size": "29.99"}], "event_type": "book", "last_trade_price": ""}, {"market": "0x6a0342c5b078a6d127b40cb5ff8dbf831fe194f993b327d42a50642e7ead3ac2", "asset_id": "16580960030001393012196057167768913252917264507917673967036213914800727593881", "timestamp": "1769383979372", "hash": "fc6f87860c8ea715a0ead80f26d8cc7ad9e07b51", "bids": [{"price": "0.01", "size": "155.04"}, {"price": "0.02", "size": "38.97"}, {"price": "0.04", "size": "29.99"}], "asks": [{"price": "0.99", "size": "159.9"}, {"price": "0.98", "size": "36.54"}, {"price": "0.97", "size": "5.47"}], "event_type": "book", "last_trade_price": ""}, {"market": "0x1c17414bf9d5a382aa92b7d873a20e1b8a3fed1fb6199ee2fe2876ca958345a6", "asset_id": "33841159706339646581546376141542494940000030408260322507382615934223433274045", "timestamp": "1769383979372", "hash": "6c19d82fec650fa6e07a0a6bc922ea26cc51884f", "bids": [{"price": "0.01", "size": "106.9"}, {"price": "0.02", "size": "36.54"}, {"price": "0.03", "size": "5.47"}], "asks": [{"price": "0.99", "size": "115.01"}, {"price": "0.98", "size": "32.49"}, {"price": "0.97", "size": "39.99"}], "event_type": "book", "last_trade_price": ""}]}
{"_local_timestamp": "2026-01-25T23:34:36.002567+00:00", "data": {"market": "0x1c17414bf9d5a382aa92b7d873a20e1b8a3fed1fb6199ee2fe2876ca958345a6", "price_changes": [{"asset_id": "33841159706339646581546376141542494940000030408260322507382615934223433274045", "price": "0.04", "size": "29.99", "side": "BUY", "hash": "7fde7307b4f92c0b46d55dd54af490237f94b5e0", "best_bid": "0.04", "best_ask": "0.97"}, {"asset_id": "103727137186637951441576012570833690426744091255533150206307943306071387367982", "price": "0.96", "size": "29.99", "side": "SELL", "hash": "e2a6fd1c1edc98756e9c153376c63aaa7b1dd855", "best_bid": "0.03", "best_ask": "0.96"}], "timestamp": "1769384075783", "event_type": "price_change"}}
{"_local_timestamp": "2026-01-25T23:34:36.004291+00:00", "data": {"market": "0xd878f9e46a1db89a5ead8fccd8916d6b8bd9516d6fb5ea8c06415de6703296e9", "price_changes": [{"asset_id": "108737754856062014646946799708153441235692390390199043985091953860799874457913", "price": "0.04", "size": "29.99", "side": "BUY", "hash": "06f13064fb54b503d2efbc03c0ddeb839d55cf76", "best_bid": "0.04", "best_ask": "0.96"}, {"asset_id": "10297800600501315412764163700951116687943277453344818270510182442779367177396", "price": "0.96", "size": "29.99", "side": "SELL", "hash": "7d304a7c8afe2a8ec00ac1ea22144a8d78dbfccd", "best_bid": "0.04", "best_ask": "0.96"}], "timestamp": "1769384075783", "event_type": "price_change"}}
{"_local_timestamp": "2026-01-25T23:34:36.005465+00:00", "data": {"market": "0x62faf6c6b8167180b1ae7db182a68b55b33cea674e4fbb8e6117911525ed2435", "price_changes": [{"asset_id": "54554803549637589075875938885672007490659996810453332545279657455466118465406", "price": "0.04", "size": "29.99", "side": "BUY", "hash": "a37e11ba4f923a7b2a5aaca051a789fa9bfcafcb", "best_bid": "0.04", "best_ask": "0.96"}, {"asset_id": "36931730776468971688993447674149413699404864411435025514365538887709636149996", "price": "0.96", "size": "29.99", "side": "SELL", "hash": "1d52a87ffea0d879fcba4abe3e3a026c6f7a24c8", "best_bid": "0.04", "best_ask": "0.96"}], "timestamp": "1769384075783", "event_type": "price_change"}}
{"_local_timestamp": "2026-01-25T23:34:36.098939+00:00", "data": {"market": "0x6a0342c5b078a6d127b40cb5ff8dbf831fe194f993b327d42a50642e7ead3ac2", "price_changes": [{"asset_id": "50695564314133942868518146324817995884745146587553007290931243218757541018483", "price": "0.04", "size": "29.99", "side": "BUY", "hash": "c3a5e0374e828ad0e625db028de4abeec97438e8", "best_bid": "0.04", "best_ask": "0.96"}, {"asset_id": "16580960030001393012196057167768913252917264507917673967036213914800727593881", "price": "0.96", "size": "29.99", "side": "SELL", "hash": "a276fd45343e6bae9c21487b1c1cec414b56fa0c", "best_bid": "0.04", "best_ask": "0.96"}], "timestamp": "1769384075882", "event_type": "price_change"}}
{"_local_timestamp": "2026-01-25T23:34:36.099850+00:00", "data": {"market": "0x45c37e08d102276e498f8b817944f3f09e6add067a2636cf9542fe4d79bfbac9", "price_changes": [{"asset_id": "17178714514138899477762437233386506481466332648677102654384837288281084010240", "price": "0.04", "size": "29.99", "side": "BUY", "hash": "4e37c852a155915237cb032c4c761d2786b960d5", "best_bid": "0.04", "best_ask": "0.97"}, {"asset_id": "1752942525548542287503079760539995163554130375097418172656019667456288593705", "price": "0.96", "size": "29.99", "side": "SELL", "hash": "8fe9f469c137e379930d19bf12181764df710859", "best_bid": "0.03", "best_ask": "0.96"}], "timestamp": "1769384075882", "event_type": "price_change"}}
{"_local_timestamp": "2026-01-25T23:34:36.100584+00:00", "data": {"market": "0xf44368f45e057c844a64e84ba289ac90fd4857065a588131d15c48b35142b0ac", "price_changes": [{"asset_id": "115117034862019004280027217551896985492130032228864449211257860370374211745078", "price": "0.04", "size": "29.99", "side": "BUY", "hash": "a2de57bcd18ba7ea171a51c2df94aca8e6a2135e", "best_bid": "0.04", "best_ask": "0.96"}, {"asset_id": "9076554839040554259153381302911402323701160994618270509333651529190677398765", "price": "0.96", "size": "29.99", "side": "SELL", "hash": "cf16e931b76941f2aeef505b0835a931dcb4e3c4", "best_bid": "0.04", "best_ask": "0.96"}], "timestamp": "1769384075882", "event_type": "price_change"}}
{"_local_timestamp": "2026-01-25T23:34:39.049441+00:00", "data": {"market": "0x62faf6c6b8167180b1ae7db182a68b55b33cea674e4fbb8e6117911525ed2435", "price_changes": [{"asset_id": "54554803549637589075875938885672007490659996810453332545279657455466118465406", "price": "0.03", "size": "0", "side": "BUY", "hash": "78367441bbd7f2f34afb56e7c1f802097679dfd1", "best_bid": "0.04", "best_ask": "0.96"}, {"asset_id": "36931730776468971688993447674149413699404864411435025514365538887709636149996", "price": "0.97", "size": "0", "side": "SELL", "hash": "e525a4928f6cd2a9efffdb3cdcd5818fc55daec9", "best_bid": "0.04", "best_ask": "0.96"}], "timestamp": "1769384078967", "event_type": "price_change"}}
{"_local_timestamp": "2026-01-25T23:34:39.049993+00:00", "data": {"market": "0xf44368f45e057c844a64e84ba289ac90fd4857065a588131d15c48b35142b0ac", "price_changes": [{"asset_id": "115117034862019004280027217551896985492130032228864449211257860370374211745078", "price": "0.03", "size": "0", "side": "BUY", "hash": "314693695619e32b237420e8f22d8fb9a06a1ae8", "best_bid": "0.04", "best_ask": "0.96"}, {"asset_id": "9076554839040554259153381302911402323701160994618270509333651529190677398765", "price": "0.97", "size": "0", "side": "SELL", "hash": "10aa443a0173d052fe3077b408db2629ff80a2aa", "best_bid": "0.04", "best_ask": "0.96"}], "timestamp": "1769384078967", "event_type": "price_change"}}
{"_local_timestamp": "2026-01-25T23:34:39.050355+00:00", "data": {"market": "0x1c17414bf9d5a382aa92b7d873a20e1b8a3fed1fb6199ee2fe2876ca958345a6", "price_changes": [{"asset_id": "33841159706339646581546376141542494940000030408260322507382615934223433274045", "price": "0.03", "size": "0", "side": "BUY", "hash": "76a985c0014f8f2466a98e4d1124fc420b0e75d9", "best_bid": "0.04", "best_ask": "0.97"}, {"asset_id": "103727137186637951441576012570833690426744091255533150206307943306071387367982", "price": "0.97", "size": "0", "side": "SELL", "hash": "8c9f8cd30ec76225bc34bb368fc266c5f24d63c4", "best_bid": "0.03", "best_ask": "0.96"}], "timestamp": "1769384078967", "event_type": "price_change"}}
{"_local_timestamp": "2026-01-25T23:34:39.059504+00:00", "data": {"market": "0x45c37e08d102276e498f8b817944f3f09e6add067a2636cf9542fe4d79bfbac9", "price_changes": [{"asset_id": "17178714514138899477762437233386506481466332648677102654384837288281084010240", "price": "0.03", "size": "0", "side": "BUY", "hash": "f903cbe06e4b660aa835c626da0130a854a58769", "best_bid": "0.04", "best_ask": "0.97"}, {"asset_id": "1752942525548542287503079760539995163554130375097418172656019667456288593705", "price": "0.97", "size": "0", "side": "SELL", "hash": "872f3d9bf8b1dfa18dc6aeb609c5e79883d4722d", "best_bid": "0.03", "best_ask": "0.96"}], "timestamp": "1769384078967", "event_type": "price_change"}}
{"_local_timestamp": "2026-01-25T23:34:39.060004+00:00", "data": {"market": "0x6a0342c5b078a6d127b40cb5ff8dbf831fe194f993b327d42a50642e7ead3ac2", "price_changes": [{"asset_id": "50695564314133942868518146324817995884745146587553007290931243218757541018483", "price": "0.03", "size": "0", "side": "BUY", "hash": "90d3c7c71937b62aedf5cf13fd6e326cb8017764", "best_bid": "0.04", "best_ask": "0.96"}, {"asset_id": "16580960030001393012196057167768913252917264507917673967036213914800727593881", "price": "0.97", "size": "0", "side": "SELL", "hash": "46a24022df53622b952dd5206fc88d8bfb182837", "best_bid": "0.04", "best_ask": "0.96"}], "timestamp": "1769384078967", "event_type": "price_change"}}
{"_local_timestamp": "2026-01-25T23:34:39.060527+00:00", "data": {"market": "0xd878f9e46a1db89a5ead8fccd8916d6b8bd9516d6fb5ea8c06415de6703296e9", "price_changes": [{"asset_id": "108737754856062014646946799708153441235692390390199043985091953860799874457913", "price": "0.03", "size": "0", "side": "BUY", "hash": "8acb017692af629011146a6b0daa2af0f13da8ed", "best_bid": "0.04", "best_ask": "0.96"}, {"asset_id": "10297800600501315412764163700951116687943277453344818270510182442779367177396", "price": "0.97", "size": "0", "side": "SELL", "hash": "2ae01651e21547c81e8af09d77ba6cb0bb001bfb", "best_bid": "0.04", "best_ask": "0.96"}], "timestamp": "1769384078967", "event_type": "price_change"}}
{"_local_timestamp": "2026-01-25T23:34:39.469440+00:00", "data": {"market": "0x6a0342c5b078a6d127b40cb5ff8dbf831fe194f993b327d42a50642e7ead3ac2", "price_changes": [{"asset_id": "50695564314133942868518146324817995884745146587553007290931243218757541018483", "price": "0.05", "size": "5.47", "side": "BUY", "hash": "abbf1b32ae6a01b2397fc7794ed332b6d346d49c", "best_bid": "0.05", "best_ask": "0.96"}, {"asset_id": "16580960030001393012196057167768913252917264507917673967036213914800727593881", "price": "0.95", "size": "5.47", "side": "SELL", "hash": "f817829718974dfb8cd323d28c00e3f7be176fe2", "best_bid": "0.04", "best_ask": "0.95"}], "timestamp": "1769384079376", "event_type": "price_change"}}
{"_local_timestamp": "2026-01-25T23:34:39.469834+00:00", "data": {"market": "0x1c17414bf9d5a382aa92b7d873a20e1b8a3fed1fb6199ee2fe2876ca958345a6", "price_changes": [{"asset_id": "33841159706339646581546376141542494940000030408260322507382615934223433274045", "price": "0.05", "size": "5.47", "side": "BUY", "hash": "7f5a47ec8076d528c123522d67322d55059d800d", "best_bid": "0.05", "best_ask": "0.97"}, {"asset_id": "103727137186637951441576012570833690426744091255533150206307943306071387367982", "price": "0.95", "size": "5.47", "side": "SELL", "hash": "39f4c732a66f46e97e939c4a452cc94d88230cc2", "best_bid": "0.03", "best_ask": "0.95"}], "timestamp": "1769384079376", "event_type": "price_change"}}
{"_local_timestamp": "2026-01-25T23:34:39.470415+00:00", "data": {"market": "0x62faf6c6b8167180b1ae7db182a68b55b33cea674e4fbb8e6117911525ed2435", "price_changes": [{"asset_id": "54554803549637589075875938885672007490659996810453332545279657455466118465406", "price": "0.05", "size": "5.47", "side": "BUY", "hash": "6b415a8f8c736e0549b9af7d4f7df9fb3896e1e6", "best_bid": "0.05", "best_ask": "0.96"}, {"asset_id": "36931730776468971688993447674149413699404864411435025514365538887709636149996", "price": "0.95", "size": "5.47", "side": "SELL", "hash": "b9b04da945f89e9f616e9b6c249548bd0f129020", "best_bid": "0.04", "best_ask": "0.95"}], "timestamp": "1769384079377", "event_type": "price_change"}}
{"_local_timestamp": "2026-01-25T23:34:39.470886+00:00", "data": {"market": "0xd878f9e46a1db89a5ead8fccd8916d6b8bd9516d6fb5ea8c06415de6703296e9", "price_changes": [{"asset_id": "108737754856062014646946799708153441235692390390199043985091953860799874457913", "price": "0.05", "size": "5.47", "side": "BUY", "hash": "047fea08c6436471a4afc5ed48b1a9099cb728f4", "best_bid": "0.05", "best_ask": "0.96"}, {"asset_id": "10297800600501315412764163700951116687943277453344818270510182442779367177396", "price": "0.95", "size": "5.47", "side": "SELL", "hash": "db218b99bb527373581914a7a11e31e3eb1b19d3", "best_bid": "0.04", "best_ask": "0.95"}], "timestamp": "1769384079376", "event_type": "price_change"}}
{"_local_timestamp": "2026-01-25T23:34:39.471302+00:00", "data": {"market": "0x45c37e08d102276e498f8b817944f3f09e6add067a2636cf9542fe4d79bfbac9", "price_changes": [{"asset_id": "17178714514138899477762437233386506481466332648677102654384837288281084010240", "price": "0.05", "size": "5.47", "side": "BUY", "hash": "70471a4564b202a6b2114d574d30438b30180212", "best_bid": "0.05", "best_ask": "0.97"}, {"asset_id": "1752942525548542287503079760539995163554130375097418172656019667456288593705", "price": "0.95", "size": "5.47", "side": "SELL", "hash": "cc414d735efe70d59e7275a1aae58621188b8f4b", "best_bid": "0.03", "best_ask": "0.95"}], "timestamp": "1769384079377", "event_type": "price_change"}}
{"_local_timestamp": "2026-01-25T23:34:39.471643+00:00", "data": {"market": "0xf44368f45e057c844a64e84ba289ac90fd4857065a588131d15c48b35142b0ac", "price_changes": [{"asset_id": "115117034862019004280027217551896985492130032228864449211257860370374211745078", "price": "0.05", "size": "5.47", "side": "BUY", "hash": "bb4a81eacd27235549062ceec7e607b58df4d884", "best_bid": "0.05", "best_ask": "0.96"}, {"asset_id": "9076554839040554259153381302911402323701160994618270509333651529190677398765", "price": "0.95", "size": "5.47", "side": "SELL", "hash": "299d01a4fffea4e2456d50f7a4caf7f2772d6a41", "best_bid": "0.04", "best_ask": "0.95"}], "timestamp": "1769384079377", "event_type": "price_change"}}
{"_local_timestamp": "2026-01-25T23:35:27.964163+00:00", "data": {"market": "0xd878f9e46a1db89a5ead8fccd8916d6b8bd9516d6fb5ea8c06415de6703296e9", "price_changes": [{"asset_id": "108737754856062014646946799708153441235692390390199043985091953860799874457913", "price": "0.01", "size": "98.79", "side": "BUY", "hash": "3f219e8bbe7c328d1d80ed10b1edbb086c2f19bd", "best_bid": "0.05", "best_ask": "0.96"}, {"asset_id": "10297800600501315412764163700951116687943277453344818270510182442779367177396", "price": "0.99", "size": "98.79", "side": "SELL", "hash": "ea614ee01acc444471fd1d4c604202f0d2e750bd", "best_bid": "0.04", "best_ask": "0.95"}], "timestamp": "1769384127891", "event_type": "price_change"}}
{"_local_timestamp": "2026-01-25T23:35:27.965177+00:00", "data": {"market": "0x62faf6c6b8167180b1ae7db182a68b55b33cea674e4fbb8e6117911525ed2435", "price_changes": [{"asset_id": "54554803549637589075875938885672007490659996810453332545279657455466118465406", "price": "0.01", "size": "86.91", "side": "BUY", "hash": "b2c76c9ef1f1f84ecc8a8567e89eaf779061b5fc", "best_bid": "0.05", "best_ask": "0.96"}, {"asset_id": "36931730776468971688993447674149413699404864411435025514365538887709636149996", "price": "0.99", "size": "86.91", "side": "SELL", "hash": "68912b994b1c6ea48ea2986b3b08c4a358988903", "best_bid": "0.04", "best_ask": "0.95"}], "timestamp": "1769384127891", "event_type": "price_change"}}
{"_local_timestamp": "2026-01-25T23:35:27.966775+00:00", "data": {"market": "0xd878f9e46a1db89a5ead8fccd8916d6b8bd9516d6fb5ea8c06415de6703296e9", "price_changes": [{"asset_id": "108737754856062014646946799708153441235692390390199043985091953860799874457913", "price": "0.02", "size": "21.5", "side": "BUY", "hash": "3f219e8bbe7c328d1d80ed10b1edbb086c2f19bd", "best_bid": "0.05", "best_ask": "0.96"}, {"asset_id": "10297800600501315412764163700951116687943277453344818270510182442779367177396", "price": "0.98", "size": "21.5", "side": "SELL", "hash": "ea614ee01acc444471fd1d4c604202f0d2e750bd", "best_bid": "0.04", "best_ask": "0.95"}], "timestamp": "1769384127891", "event_type": "price_change"}}
{"_local_timestamp": "2026-01-25T23:35:27.967190+00:00", "data": {"market": "0x62faf6c6b8167180b1ae7db182a68b55b33cea674e4fbb8e6117911525ed2435", "price_changes": [{"asset_id": "54554803549637589075875938885672007490659996810453332545279657455466118465406", "price": "0.02", "size": "18.52", "side": "BUY", "hash": "b2c76c9ef1f1f84ecc8a8567e89eaf779061b5fc", "best_bid": "0.05", "best_ask": "0.96"}, {"asset_id": "36931730776468971688993447674149413699404864411435025514365538887709636149996", "price": "0.98", "size": "18.52", "side": "SELL", "hash": "68912b994b1c6ea48ea2986b3b08c4a358988903", "best_bid": "0.04", "best_ask": "0.95"}], "timestamp": "1769384127891", "event_type": "price_change"}}
{"_local_timestamp": "2026-01-25T23:35:28.631361+00:00", "data": {"market": "0xd878f9e46a1db89a5ead8fccd8916d6b8bd9516d6fb5ea8c06415de6703296e9", "price_changes": [{"asset_id": "108737754856062014646946799708153441235692390390199043985091953860799874457913", "price": "0.05", "size": "13.11", "side": "BUY", "hash": "bf491ae21eb87d33200a691ff026d247ece387ce", "best_bid": "0.05", "best_ask": "0.96"}, {"asset_id": "10297800600501315412764163700951116687943277453344818270510182442779367177396", "price": "0.95", "size": "13.11", "side": "SELL", "hash": "43da430d471a67796c9e89c420418a80ae02b20d", "best_bid": "0.04", "best_ask": "0.95"}], "timestamp": "1769384128557", "event_type": "price_change"}}
{"_local_timestamp": "2026-01-25T23:35:28.631783+00:00", "data": {"market": "0x62faf6c6b8167180b1ae7db182a68b55b33cea674e4fbb8e6117911525ed2435", "price_changes": [{"asset_id": "54554803549637589075875938885672007490659996810453332545279657455466118465406", "price": "0.05", "size": "11.48", "side": "BUY", "hash": "11890ce3ada674d74ba3b8e305df05afce616e9e", "best_bid": "0.05", "best_ask": "0.96"}, {"asset_id": "36931730776468971688993447674149413699404864411435025514365538887709636149996", "price": "0.95", "size": "11.48", "side": "SELL", "hash": "097c7563424b83465212b7d1856e51cabee571ac", "best_bid": "0.04", "best_ask": "0.95"}], "timestamp": "1769384128557", "event_type": "price_change"}}
{"_local_timestamp": "2026-01-25T23:35:28.632108+00:00", "data": {"market": "0x62faf6c6b8167180b1ae7db182a68b55b33cea674e4fbb8e6117911525ed2435", "price_changes": [{"asset_id": "54554803549637589075875938885672007490659996810453332545279657455466118465406", "price": "0.01", "size": "98.81", "side": "BUY", "hash": "88319967724a6e0945d944333168e80c0d3699b6", "best_bid": "0.05", "best_ask": "0.96"}, {"asset_id": "36931730776468971688993447674149413699404864411435025514365538887709636149996", "price": "0.99", "size": "98.81", "side": "SELL", "hash": "db71d2a0c9fa9c90666a4736e2bec66802234dc5", "best_bid": "0.04", "best_ask": "0.95"}], "timestamp": "1769384128558", "event_type": "price_change"}}
{"_local_timestamp": "2026-01-25T23:35:28.632420+00:00", "data": {"market": "0x62faf6c6b8167180b1ae7db182a68b55b33cea674e4fbb8e6117911525ed2435", "price_changes": [{"asset_id": "54554803549637589075875938885672007490659996810453332545279657455466118465406", "price": "0.02", "size": "25.56", "side": "BUY", "hash": "a5ac74e0be1ce13adc7814d12f909f133ab94e51", "best_bid": "0.05", "best_ask": "0.96"}, {"asset_id": "36931730776468971688993447674149413699404864411435025514365538887709636149996", "price": "0.98", "size": "25.56", "side": "SELL", "hash": "13528b5a7b7565cea38e13e0c0104c4d1d5adba1", "best_bid": "0.04", "best_ask": "0.95"}], "timestamp": "1769384128559", "event_type": "price_change"}}
{"_local_timestamp": "2026-01-25T23:35:29.002681+00:00", "data": {"market": "0x6a0342c5b078a6d127b40cb5ff8dbf831fe194f993b327d42a50642e7ead3ac2", "price_changes": [{"asset_id": "50695564314133942868518146324817995884745146587553007290931243218757541018483", "price": "0.01", "size": "147.79", "side": "BUY", "hash": "cd37dce158106b8af78ab0d12922f667305efb37", "best_bid": "0.05", "best_ask": "0.96"}, {"asset_id": "16580960030001393012196057167768913252917264507917673967036213914800727593881", "price": "0.99", "size": "147.79", "side": "SELL", "hash": "ef4a6eafcb5b37c003c1691f3bfb8beb273c0664", "best_bid": "0.04", "best_ask": "0.95"}], "timestamp": "1769384128932", "event_type": "price_change"}}
{"_local_timestamp": "2026-01-25T23:35:29.003185+00:00", "data": {"market": "0x6a0342c5b078a6d127b40cb5ff8dbf831fe194f993b327d42a50642e7ead3ac2", "price_changes": [{"asset_id": "50695564314133942868518146324817995884745146587553007290931243218757541018483", "price": "0.02", "size": "23.75", "side": "BUY", "hash": "cd37dce158106b8af78ab0d12922f667305efb37", "best_bid": "0.05", "best_ask": "0.96"}, {"asset_id": "16580960030001393012196057167768913252917264507917673967036213914800727593881", "price": "0.98", "size": "23.75", "side": "SELL", "hash": "ef4a6eafcb5b37c003c1691f3bfb8beb273c0664", "best_bid": "0.04", "best_ask": "0.95"}], "timestamp": "1769384128932", "event_type": "price_change"}}
{"_local_timestamp": "2026-01-25T23:35:29.003579+00:00", "data": {"market": "0xf44368f45e057c844a64e84ba289ac90fd4857065a588131d15c48b35142b0ac", "price_changes": [{"asset_id": "115117034862019004280027217551896985492130032228864449211257860370374211745078", "price": "0.01", "size": "145.11", "side": "BUY", "hash": "4e347a4296936559d2820b1da48abf3f125a061a", "best_bid": "0.05", "best_ask": "0.96"}, {"asset_id": "9076554839040554259153381302911402323701160994618270509333651529190677398765", "price": "0.99", "size": "145.11", "side": "SELL", "hash": "17d45817a0668e08c104811cc817d0848c0e7baf", "best_bid": "0.04", "best_ask": "0.95"}], "timestamp": "1769384128932", "event_type": "price_change"}}
{"_local_timestamp": "2026-01-25T23:35:29.003983+00:00", "data": {"market": "0xf44368f45e057c844a64e84ba289ac90fd4857065a588131d15c48b35142b0ac", "price_changes": [{"asset_id": "115117034862019004280027217551896985492130032228864449211257860370374211745078", "price": "0.02", "size": "0", "side": "BUY", "hash": "4e347a4296936559d2820b1da48abf3f125a061a", "best_bid": "0.05", "best_ask": "0.96"}, {"asset_id": "9076554839040554259153381302911402323701160994618270509333651529190677398765", "price": "0.98", "size": "0", "side": "SELL", "hash": "17d45817a0668e08c104811cc817d0848c0e7baf", "best_bid": "0.04", "best_ask": "0.95"}], "timestamp": "1769384128932", "event_type": "price_change"}}
{"_local_timestamp": "2026-01-25T23:35:29.840500+00:00", "data": {"market": "0xf44368f45e057c844a64e84ba289ac90fd4857065a588131d15c48b35142b0ac", "price_changes": [{"asset_id": "115117034862019004280027217551896985492130032228864449211257860370374211745078", "price": "0.01", "size": "151.81", "side": "BUY", "hash": "10d8b1675f924ac4d0c4e1ac5e2ce701a7fbf65b", "best_bid": "0.05", "best_ask": "0.96"}, {"asset_id": "9076554839040554259153381302911402323701160994618270509333651529190677398765", "price": "0.99", "size": "151.81", "side": "SELL", "hash": "f29c55558d3ab2dfe04dd6b66f563dc62741aa2d", "best_bid": "0.04", "best_ask": "0.95"}], "timestamp": "1769384129769", "event_type": "price_change"}}
{"_local_timestamp": "2026-01-25T23:35:29.841396+00:00", "data": {"market": "0x6a0342c5b078a6d127b40cb5ff8dbf831fe194f993b327d42a50642e7ead3ac2", "price_changes": [{"asset_id": "50695564314133942868518146324817995884745146587553007290931243218757541018483", "price": "0.01", "size": "152.91", "side": "BUY", "hash": "f742d4c34b29fc81a6f82ff45b7bbd23e8620e09", "best_bid": "0.05", "best_ask": "0.96"}, {"asset_id": "16580960030001393012196057167768913252917264507917673967036213914800727593881", "price": "0.99", "size": "152.91", "side": "SELL", "hash": "d432cd7d930b6e0856771d2c7f13b50afd1f0468", "best_bid": "0.04", "best_ask": "0.95"}], "timestamp": "1769384129769", "event_type": "price_change"}}
{"_local_timestamp": "2026-01-25T23:35:29.841759+00:00", "data": {"market": "0xf44368f45e057c844a64e84ba289ac90fd4857065a588131d15c48b35142b0ac", "price_changes": [{"asset_id": "115117034862019004280027217551896985492130032228864449211257860370374211745078", "price": "0.02", "size": "25.56", "side": "BUY", "hash": "4b5565bfbb8809535b623be5d57d7dc542f51e0f", "best_bid": "0.05", "best_ask": "0.96"}, {"asset_id": "9076554839040554259153381302911402323701160994618270509333651529190677398765", "price": "0.98", "size": "25.56", "side": "SELL", "hash": "1eccc31a1f044cbb36048b07581730a749446b98", "best_bid": "0.04", "best_ask": "0.95"}], "timestamp": "1769384129770", "event_type": "price_change"}}
{"_local_timestamp": "2026-01-25T23:35:29.842117+00:00", "data": {"market": "0x6a0342c5b078a6d127b40cb5ff8dbf831fe194f993b327d42a50642e7ead3ac2", "price_changes": [{"asset_id": "50695564314133942868518146324817995884745146587553007290931243218757541018483", "price": "0.03", "size": "10.86", "side": "BUY", "hash": "b05f3eb839d4c42dad32378dace3ba56ca8e00a3", "best_bid": "0.05", "best_ask": "0.96"}, {"asset_id": "16580960030001393012196057167768913252917264507917673967036213914800727593881", "price": "0.97", "size": "10.86", "side": "SELL", "hash": "be03880f81a7b44cd79c45d6c001db7f5cd54a1f", "best_bid": "0.04", "best_ask": "0.95"}], "timestamp": "1769384129770", "event_type": "price_change"}}
{"_local_timestamp": "2026-01-25T23:35:29.842476+00:00", "data": {"market": "0xf44368f45e057c844a64e84ba289ac90fd4857065a588131d15c48b35142b0ac", "price_changes": [{"asset_id": "115117034862019004280027217551896985492130032228864449211257860370374211745078", "price": "0.05", "size": "11.48", "side": "BUY", "hash": "08d03c7b542488840e28785342ce101041ba6cfb", "best_bid": "0.05", "best_ask": "0.96"}, {"asset_id": "9076554839040554259153381302911402323701160994618270509333651529190677398765", "price": "0.95", "size": "11.48", "side": "SELL", "hash": "e2c41f5e8e5a9f0596d3217f0d7f3979f64abbd8", "best_bid": "0.04", "best_ask": "0.95"}], "timestamp": "1769384129771", "event_type": "price_change"}}
{"_local_timestamp": "2026-01-25T23:35:30.034366+00:00", "data": {"market": "0x1c17414bf9d5a382aa92b7d873a20e1b8a3fed1fb6199ee2fe2876ca958345a6", "price_changes": [{"asset_id": "103727137186637951441576012570833690426744091255533150206307943306071387367982", "price": "0.01", "size": "102.04", "side": "BUY", "hash": "f83d87b6118f174a1fd41e478ca0005c1ce60de4", "best_bid": "0.03", "best_ask": "0.95"}, {"asset_id": "33841159706339646581546376141542494940000030408260322507382615934223433274045", "price": "0.99", "size": "102.04", "side": "SELL", "hash": "5079e9e9ee81c72e9eced41b19469c8a3974a160", "best_bid": "0.05", "best_ask": "0.97"}], "timestamp": "1769384129966", "event_type": "price_change"}}
{"_local_timestamp": "2026-01-25T23:35:30.034908+00:00", "data": {"market": "0x1c17414bf9d5a382aa92b7d873a20e1b8a3fed1fb6199ee2fe2876ca958345a6", "price_changes": [{"asset_id": "103727137186637951441576012570833690426744091255533150206307943306071387367982", "price": "0.02", "size": "19.7", "side": "BUY", "hash": "f83d87b6118f174a1fd41e478ca0005c1ce60de4", "best_bid": "0.03", "best_ask": "0.95"}, {"asset_id": "33841159706339646581546376141542494940000030408260322507382615934223433274045", "price": "0.98", "size": "19.7", "side": "SELL", "hash": "5079e9e9ee81c72e9eced41b19469c8a3974a160", "best_bid": "0.05", "best_ask": "0.97"}], "timestamp": "1769384129966", "event_type": "price_change"}}
{"_local_timestamp": "2026-01-25T23:35:30.276398+00:00", "data": {"market": "0x1c17414bf9d5a382aa92b7d873a20e1b8a3fed1fb6199ee2fe2876ca958345a6", "price_changes": [{"asset_id": "103727137186637951441576012570833690426744091255533150206307943306071387367982", "price": "0.04", "size": "6.62", "side": "BUY", "hash": "780a0c737865fcd1e7b1dd3a787a027f46744863", "best_bid": "0.04", "best_ask": "0.95"}, {"asset_id": "33841159706339646581546376141542494940000030408260322507382615934223433274045", "price": "0.96", "size": "6.62", "side": "SELL", "hash": "6e6b1c780a6b2a2c0eee57de33faf4622f488c2e", "best_bid": "0.05", "best_ask": "0.96"}], "timestamp": "1769384130203", "event_type": "price_change"}}
{"_local_timestamp": "2026-01-25T23:35:30.276846+00:00", "data": {"market": "0x1c17414bf9d5a382aa92b7d873a20e1b8a3fed1fb6199ee2fe2876ca958345a6", "price_changes": [{"asset_id": "103727137186637951441576012570833690426744091255533150206307943306071387367982", "price": "0.02", "size": "25.72", "side": "BUY", "hash": "e445fb83959669b7eaf8116743650e0c53d563ae", "best_bid": "0.04", "best_ask": "0.95"}, {"asset_id": "33841159706339646581546376141542494940000030408260322507382615934223433274045", "price": "0.98", "size": "25.72", "side": "SELL", "hash": "598e979ea78179a9deeb38e379f75428366ca9f9", "best_bid": "0.05", "best_ask": "0.96"}], "timestamp": "1769384130204", "event_type": "price_change"}}
{"_local_timestamp": "2026-01-25T23:35:30.476586+00:00", "data": {"market": "0x1c17414bf9d5a382aa92b7d873a20e1b8a3fed1fb6199ee2fe2876ca958345a6", "price_changes": [{"asset_id": "33841159706339646581546376141542494940000030408260322507382615934223433274045", "price": "0.01", "size": "95", "side": "BUY", "hash": "be3480feec54b4c3d27de86c16a90afa8f167a79", "best_bid": "0.05", "best_ask": "0.96"}, {"asset_id": "103727137186637951441576012570833690426744091255533150206307943306071387367982", "price": "0.99", "size": "95", "side": "SELL", "hash": "fb9c34e24f8bfadbf657bc0aa37dc6b1b31819a0", "best_bid": "0.04", "best_ask": "0.95"}], "timestamp": "1769384130394", "event_type": "price_change"}}
{"_local_timestamp": "2026-01-25T23:35:30.477119+00:00", "data": {"market": "0x1c17414bf9d5a382aa92b7d873a20e1b8a3fed1fb6199ee2fe2876ca958345a6", "price_changes": [{"asset_id": "33841159706339646581546376141542494940000030408260322507382615934223433274045", "price": "0.02", "size": "21.51", "side": "BUY", "hash": "be3480feec54b4c3d27de86c16a90afa8f167a79", "best_bid": "0.05", "best_ask": "0.96"}, {"asset_id": "103727137186637951441576012570833690426744091255533150206307943306071387367982", "price": "0.98", "size": "21.51", "side": "SELL", "hash": "fb9c34e24f8bfadbf657bc0aa37dc6b1b31819a0", "best_bid": "0.04", "best_ask": "0.95"}], "timestamp": "1769384130394", "event_type": "price_change"}}
{"_local_timestamp": "2026-01-25T23:35:30.720820+00:00", "data": {"market": "0x1c17414bf9d5a382aa92b7d873a20e1b8a3fed1fb6199ee2fe2876ca958345a6", "price_changes": [{"asset_id": "33841159706339646581546376141542494940000030408260322507382615934223433274045", "price": "0.05", "size": "13.86", "side": "BUY", "hash": "dfb4ae52eb64084327249c0c0c22fd6e94387402", "best_bid": "0.05", "best_ask": "0.96"}, {"asset_id": "103727137186637951441576012570833690426744091255533150206307943306071387367982", "price": "0.95", "size": "13.86", "side": "SELL", "hash": "09b7bb69fd4f60fff9696991bc064c90889059ac", "best_bid": "0.04", "best_ask": "0.95"}], "timestamp": "1769384130648", "event_type": "price_change"}}
{"_local_timestamp": "2026-01-25T23:35:31.003708+00:00", "data": {"market": "0xd60613a62e2bbf9a71aa25b65537a076bf5463b1927b0d031891aa018b5c9619", "price_changes": [{"asset_id": "83679499326325087790744713165026805683069434684187831457745006279288463137249", "price": "0.02", "size": "23.13", "side": "BUY", "hash": "d7c08f57df7cc244734346b096bb42bbb369d050", "best_bid": "0.03", "best_ask": "0.97"}, {"asset_id": "53396732012908772113304126811947665195903208822126869011163894304833812432209", "price": "0.98", "size": "23.13", "side": "SELL", "hash": "8860a2cae1ec512feb0428be515e8225f82810dc", "best_bid": "0.03", "best_ask": "0.97"}], "timestamp": "1769384130923", "event_type": "price_change"}}
{"_local_timestamp": "2026-01-25T23:35:31.004176+00:00", "data": {"market": "0x45c37e08d102276e498f8b817944f3f09e6add067a2636cf9542fe4d79bfbac9", "price_changes": [{"asset_id": "17178714514138899477762437233386506481466332648677102654384837288281084010240", "price": "0.01", "size": "98.81", "side": "BUY", "hash": "2bda4b8c911a99feb0e250dcab85e3781a7aa9d3", "best_bid": "0.05", "best_ask": "0.97"}, {"asset_id": "1752942525548542287503079760539995163554130375097418172656019667456288593705", "price": "0.99", "size": "98.81", "side": "SELL", "hash": "176318941a4e9de9e5857a8b08b5b3dd32e648ee", "best_bid": "0.03", "best_ask": "0.95"}], "timestamp": "1769384130923", "event_type": "price_change"}}
{"_local_timestamp": "2026-01-25T23:35:31.004538+00:00", "data": {"market": "0x45c37e08d102276e498f8b817944f3f09e6add067a2636cf9542fe4d79bfbac9", "price_changes": [{"asset_id": "17178714514138899477762437233386506481466332648677102654384837288281084010240", "price": "0.02", "size": "21.51", "side": "BUY", "hash": "2bda4b8c911a99feb0e250dcab85e3781a7aa9d3", "best_bid": "0.05", "best_ask": "0.97"}, {"asset_id": "1752942525548542287503079760539995163554130375097418172656019667456288593705", "price": "0.98", "size": "21.51", "side": "SELL", "hash": "176318941a4e9de9e5857a8b08b5b3dd32e648ee", "best_bid": "0.03", "best_ask": "0.95"}], "timestamp": "1769384130923", "event_type": "price_change"}}
{"_local_timestamp": "2026-01-25T23:35:31.264878+00:00", "data": {"market": "0x45c37e08d102276e498f8b817944f3f09e6add067a2636cf9542fe4d79bfbac9", "price_changes": [{"asset_id": "17178714514138899477762437233386506481466332648677102654384837288281084010240", "price": "0.05", "size": "13.1", "side": "BUY", "hash": "084011caf6371708f47512bf49554f6bdca1fc1e", "best_bid": "0.05", "best_ask": "0.97"}, {"asset_id": "1752942525548542287503079760539995163554130375097418172656019667456288593705", "price": "0.95", "size": "13.1", "side": "SELL", "hash": "0f980300522d6605e7cc80a319f2888e82ab13cf", "best_bid": "0.03", "best_ask": "0.95"}], "timestamp": "1769384131195", "event_type": "price_change"}}
{"_local_timestamp": "2026-01-25T23:35:31.265563+00:00", "data": {"market": "0xd60613a62e2bbf9a71aa25b65537a076bf5463b1927b0d031891aa018b5c9619", "price_changes": [{"asset_id": "83679499326325087790744713165026805683069434684187831457745006279288463137249", "price": "0.01", "size": "107.8", "side": "BUY", "hash": "27b4758a9c745af4359763c1da2162e99b769c47", "best_bid": "0.03", "best_ask": "0.97"}, {"asset_id": "53396732012908772113304126811947665195903208822126869011163894304833812432209", "price": "0.99", "size": "107.8", "side": "SELL", "hash": "b44f984b45e756b09824bf9fea747a6dbd745c70", "best_bid": "0.03", "best_ask": "0.97"}], "timestamp": "1769384131195", "event_type": "price_change"}}
{"_local_timestamp": "2026-01-25T23:35:31.266022+00:00", "data": {"market": "0xd60613a62e2bbf9a71aa25b65537a076bf5463b1927b0d031891aa018b5c9619", "price_changes": [{"asset_id": "83679499326325087790744713165026805683069434684187831457745006279288463137249", "price": "0.04", "size": "6.48", "side": "BUY", "hash": "1f7b64c360632dddc525d37e274acd32ed6aa4fb", "best_bid": "0.04", "best_ask": "0.97"}, {"asset_id": "53396732012908772113304126811947665195903208822126869011163894304833812432209", "price": "0.96", "size": "6.48", "side": "SELL", "hash": "9bdfe7735c068d089d732bb9e98e756cf64b59f3", "best_bid": "0.03", "best_ask": "0.96"}], "timestamp": "1769384131196", "event_type": "price_change"}}
{"_local_timestamp": "2026-01-25T23:35:31.728479+00:00", "data": {"market": "0x45c37e08d102276e498f8b817944f3f09e6add067a2636cf9542fe4d79bfbac9", "price_changes": [{"asset_id": "1752942525548542287503079760539995163554130375097418172656019667456288593705", "price": "0.01", "size": "102.04", "side": "BUY", "hash": "95ca4d43d106f1d66259a70cefdd72b6440ea15d", "best_bid": "0.03", "best_ask": "0.95"}, {"asset_id": "17178714514138899477762437233386506481466332648677102654384837288281084010240", "price": "0.99", "size": "102.04", "side": "SELL", "hash": "90e0bdcb747f241d2057b0ab07f867a7d3617618", "best_bid": "0.05", "best_ask": "0.97"}], "timestamp": "1769384131652", "event_type": "price_change"}}
{"_local_timestamp": "2026-01-25T23:35:31.728982+00:00", "data": {"market": "0x45c37e08d102276e498f8b817944f3f09e6add067a2636cf9542fe4d79bfbac9", "price_changes": [{"asset_id": "1752942525548542287503079760539995163554130375097418172656019667456288593705", "price": "0.02", "size": "19.7", "side": "BUY", "hash": "95ca4d43d106f1d66259a70cefdd72b6440ea15d", "best_bid": "0.03", "best_ask": "0.95"}, {"asset_id": "17178714514138899477762437233386506481466332648677102654384837288281084010240", "price": "0.98", "size": "19.7", "side": "SELL", "hash": "90e0bdcb747f241d2057b0ab07f867a7d3617618", "best_bid": "0.05", "best_ask": "0.97"}], "timestamp": "1769384131652", "event_type": "price_change"}}
{"_local_timestamp": "2026-01-25T23:35:32.374167+00:00", "data": {"market": "0x45c37e08d102276e498f8b817944f3f09e6add067a2636cf9542fe4d79bfbac9", "price_changes": [{"asset_id": "1752942525548542287503079760539995163554130375097418172656019667456288593705", "price": "0.04", "size": "6.62", "side": "BUY", "hash": "a602df2d6c0c49d48952f657e4e897e11e179d6a", "best_bid": "0.04", "best_ask": "0.95"}, {"asset_id": "17178714514138899477762437233386506481466332648677102654384837288281084010240", "price": "0.96", "size": "6.62", "side": "SELL", "hash": "a79941aaeb5bb74a1a985a245fbe0c34e789cb19", "best_bid": "0.05", "best_ask": "0.96"}], "timestamp": "1769384132308", "event_type": "price_change"}}
{"_local_timestamp": "2026-01-25T23:35:32.374687+00:00", "data": {"market": "0x45c37e08d102276e498f8b817944f3f09e6add067a2636cf9542fe4d79bfbac9", "price_changes": [{"asset_id": "1752942525548542287503079760539995163554130375097418172656019667456288593705", "price": "0.02", "size": "25.72", "side": "BUY", "hash": "980586afa5119aad60b299c78904ad0b13ff35db", "best_bid": "0.04", "best_ask": "0.95"}, {"asset_id": "17178714514138899477762437233386506481466332648677102654384837288281084010240", "price": "0.98", "size": "25.72", "side": "SELL", "hash": "572e9f208fba3c483269f0919af597a58bd909ac", "best_bid": "0.05", "best_ask": "0.96"}], "timestamp": "1769384132309", "event_type": "price_change"}}
