{"_local_timestamp": "2026-01-25T23:34:25.170751+00:00", "data": [{"market": "0xf44368f45e057c844a64e84ba289ac90fd4857065a588131d15c48b35142b0ac", "asset_id": "115117034862019004280027217551896985492130032228864449211257860370374211745078", "timestamp": "1769383979372", "hash": "84647bc7200b03cbaa177141e055d1f57ce528a1", "bids": [{"price": "0.01", "size": "159.9"}, {"price": "0.02", "size": "36.54"}, {"price": "0.03", "size": "5.47"}], "asks": [{"price": "0.99", "size": "151.81"}, {"price": "0.98", "size": "40.59"}, {"price": "0.96", "size": "29.99"}], "event_type": "book", "last_trade_price": ""}, {"market": "0x1c6137417408fa6c879ac55bd94edf7b00951c0677acdeeb814d606ffa79a377", "asset_id": "33662096136080341361979374680362298288200105843887514408815727480119513087772", "timestamp": "1769380128129", "hash": "e09d8101302a99aefb158f871ff67cbc204bef21", "bids": [{"price": "0.01", "size": "98.03"}, {"price": "0.02", "size": "46.45"}, {"price": "0.16", "size": "10"}, {"price": "0.17", "size": "50"}], "asks": [{"price": "0.99", "size": "100"}, {"price": "0.98", "size": "40"}, {"price": "0.5", "size": "10"}, {"price": "0.44", "size": "50"}], "event_type": "book", "last_trade_price": ""}, {"market": "0x1c17414bf9d5a382aa92b7d873a20e1b8a3fed1fb6199ee2fe2876ca958345a6", "asset_id": "103727137186637951441576012570833690426744091255533150206307943306071387367982", "timestamp": "1769383979372", "hash": "9e48058f08c5dd2c5087bf6e060879a4c31aa780", "bids": [{"price": "0.01", "size": "115.01"}, {"price": "0.02", "size": "32.49"}, {"price": "0.03", "size": "39.99"}], "asks": [{"price": "0.99", "size": "106.9"}, {"price": "0.98", "size": "36.54"}, {"price": "0.97", "size": "5.47"}], "event_type": "book", "last_trade_price": ""}, {"market": "0xd60613a62e2bbf9a71aa25b65537a076bf5463b1927b0d031891aa018b5c9619", "asset_id": "53396732012908772113304126811947665195903208822126869011163894304833812432209", "timestamp": "1769383889928", "hash": "9307ddde31a53fa94393a8e5618b7b2ba8edd6a0", "bids": [{"price": "0.01", "size": "106.9"}, {"price": "0.02", "size": "36.54"}, {"price": "0.03", "size": "5.47"}], "asks": [{"price": "0.99", "size": "99.43"}, {"price": "0.98", "size": "40.28"}, {"price": "0.97", "size": "39.99"}], "event_type": "book", "last_trade_price": ""}, {"market": "0x62faf6c6b8167180b1ae7db182a68b55b33cea674e4fbb8e6117911525ed2435", "asset_id": "54554803549637589075875938885672007490659996810453332545279657455466118465406", "timestamp": "1769383979372", "hash": "e8a07177ecce9723b89fef2689a29ee5e97eab96", "bids": [{"price": "0.01", "size": "102.04"}, {"price": "0.02", "size": "38.98"}, {"price": "0.03", "size": "5.47"}], "asks": [{"price": "0.99", "size": "103.78"}, {"price": "0.98", "size": "38.1"}, {"price": "0.96", "size": "29.99"}], "event_type": "book", "last_trade_price": ""}, {"market": "0x1c6137417408fa6c879ac55bd94edf7b00951c0677acdeeb814d606ffa79a377", "asset_id": "107424293956768789679001590791388183467821652274943333009649220800254647520058", "timestamp": "1769380128129", "hash": "d592f4beb0ea8a958ab1afbdbd4e8fe4f58c5a9f", "bids": [{"price": "0.01", "size": "100"}, {"price": "0.02", "size": "40"}, {"price": "0.5", "size": "10"}, {"price": "0.56", "size": "50"}], "asks": [{"price": "0.99", "size": "98.03"}, {"price": "0.98", "size": "46.45"}, {"price": "0.84", "size": "10"}, {"price": "0.83", "size": "50"}], "event_type": "book", "last_trade_price": ""}, {"market": "0x6a0342c5b078a6d127b40cb5ff8dbf831fe194f993b327d42a50642e7ead3ac2", "asset_id": "50695564314133942868518146324817995884745146587553007290931243218757541018483", "timestamp": "1769383979372", "hash": "ec5829665c3f9a1144cd42faba538330aa6a9888", "bids": [{"price": "0.01", "size": "159.9"}, {"price": "0.02", "size": "36.54"}, {"price": "0.03", "size": "5.47"}], "asks": [{"price": "0.99", "size": "155.04"}, {"price": "0.98", "size": "38.97"}, {"price": "0.96", "size": "29.99"}], "event_type": "book", "last_trade_price": ""}, {"market": "0x45c37e08d102276e498f8b817944f3f09e6add067a2636cf9542fe4d79bfbac9", "asset_id": "17178714514138899477762437233386506481466332648677102654384837288281084010240", "timestamp": "1769383979372", "hash": "710d2eb882b39071a80cabc479d58d860a29cb70", "bids": [{"price": "0.01", "size": "106.9"}, {"price": "0.02", "size": "36.54"}, {"price": "0.03", "size": "5.47"}], "asks": [{"price": "0.99", "size": "115.01"}, {"price": "0.98", "size": "32.49"}, {"price": "0.97", "size": "39.99"}], "event_type": "book", "last_trade_price": ""}, {"market": "0x45c37e08d102276e498f8b817944f3f09e6add067a2636cf9542fe4d79bfbac9", "asset_id": "1752942525548542287503079760539995163554130375097418172656019667456288593705", "timestamp": "1769383979372", "hash": "174c70de51331171dfe42a6cad678baf0e227e44", "bids": [{"price": "0.01", "size": "115.01"}, {"price": "0.02", "size": "32.49"}, {"price": "0.03", "size": "39.99"}], "asks": [{"price": "0.99", "size": "106.9"}, {"price": "0.98", "size": "36.54"}, {"price": "0.97", "size": "5.47"}], "event_type": "book", "last_trade_price": ""}, {"market": "0xd878f9e46a1db89a5ead8fccd8916d6b8bd9516d6fb5ea8c06415de6703296e9", "asset_id": "10297800600501315412764163700951116687943277453344818270510182442779367177396", "timestamp": "1769383979372", "hash": "dec11ec358d3449cc2f41533b0a3b71f7bcd8456", "bids": [{"price": "0.01", "size": "98.2"}, {"price": "0.02", "size": "40.89"}, {"price": "0.04", "size": "29.99"}], "asks": [{"price": "0.99", "size": "106.9"}, {"price": "0.98", "size": "36.54"}, {"price": "0.97", "size": "5.47"}], "event_type": "book", "last_trade_price": ""}, {"market": "0x62faf6c6b8167180b1ae7db182a68b55b33cea674e4fbb8e6117911525ed2435", "asset_id": "36931730776468971688993447674149413699404864411435025514365538887709636149996", "timestamp": "1769383979372", "hash": "c42d81af359a9030e8490aef5776b78ea68ba5a4", "bids": [{"price": "0.01", "size": "103.78"}, {"price": "0.02", "size": "38.1"}, {"price": "0.04", "size": "29.99"}], "asks": [{"price": "0.99", "size": "102.04"}, {"price": "0.98", "size": "38.98"}, {"price": "0.97", "size": "5.47"}], "event_type": "book", "last_trade_price": ""}, {"market": "0xf44368f45e057c844a64e84ba289ac90fd4857065a588131d15c48b35142b0ac", "asset_id": "9076554839040554259153381302911402323701160994618270509333651529190677398765", "timestamp": "1769383979372", "hash": "3e1ccf6954acae34a8b4356949d26f9c613766ab", "bids": [{"price": "0.01", "size": "151.81"}, {"price": "0.02", "size": "40.59"}, {"price": "0.04", "size": "29.99"}], "asks": [{"price": "0.99", "size": "159.9"}, {"price": "0.98", "size": "36.54"}, {"price": "0.97", "size": "5.47"}], "event_type": "book", "last_trade_price": ""}, {"market": "0xd60613a62e2bbf9a71aa25b65537a076bf5463b1927b0d031891aa018b5c9619", "asset_id": "83679499326325087790744713165026805683069434684187831457745006279288463137249", "timestamp": "1769383889928", "hash": "81e5c2b8d8568e8729d910e7320ac1f3e7bf3b6b", "bids": [{"price": "0.01", "size": "99.43"}, {"price": "0.02", "size": "40.28"}, {"price": "0.03", "size": "39.99"}], "asks": [{"price": "0.99", "size": "106.9"}, {"price": "0.98", "size": "36.54"}, {"price": "0.97", "size": "5.47"}], "event_type": "book", "last_trade_price": ""}, {"market": "0xd878f9e46a1db89a5ead8fccd8916d6b8bd9516d6fb5ea8c06415de6703296e9", "asset_id": "108737754856062014646946799708153441235692390390199043985091953860799874457913", "timestamp": "1769383979372", "hash": "dd142dd0e8f5eb7af95f55be735e800b1ec0bb85", "bids": [{"price": "0.01", "size": "106.9"}, {"price": "0.02", "size": "36.54"}, {"price": "0.03", "size": "5.47"}], "asks": [{"price": "0.99", "size": "98.2"}, {"price": "0.98", "size": "40.89"}, {"price": "0.96", "size": "29.99"}], "event_type": "book", "last_trade_price": ""}, {"market": "0x6a0342c5b078a6d127b40cb5ff8dbf831fe194f993b327d42a50642e7ead3ac2", "asset_id": "16580960030001393012196057167768913252917264507917673967036213914800727593881", "timestamp": "1769383979372", "hash": "fc6f87860c8ea715a0ead80f26d8cc7ad9e07b51", "bids": [{"price": "0.01", "size": "155.04"}, {"price": "0.02", "size": "38.97"}, {"price": "0.04", "size": "29.99"}], "asks": [{"price": "0.99", "size": "159.9"}, {"price": "0.98", "size": "36.54"}, {"price": "0.97", "size": "5.47"}], "event_type": "book", "last_trade_price": ""}, {"market": "0x1c17414bf9d5a382aa92b7d873a20e1b8a3fed1fb6199ee2fe2876ca958345a6", "asset_id": "33841159706339646581546376141542494940000030408260322507382615934223433274045", "timestamp": "1769383979372", "hash": "6c19d82fec650fa6e07a0a6bc922ea26cc51884f", "bids": [{"price": "0.01", "size": "106.9"}, {"price": "0.02", "size": "36.54"}, {"price": "0.03", "size": "5.47"}], "asks": [{"price": "0.99", "size": "115.01"}, {"price": "0.98", "size": "32.49"}, {"price": "0.97", "size": "39.99"}], "event_type": "book", "last_trade_price": ""}]}
