{"_local_timestamp": "2026-01-25T23:34:27.168235+00:00", "data": [{"market": "0xddb771d350d183cff002cb6da4bdc1e7c0e49c230f51f5164c3133ad32b8402f", "asset_id": "41697459057434481876886815706053104586504823723555755433278564748179720810860", "timestamp": "1769379724859", "hash": "dd1a028c22d5fd14df78dc504f09594fdf486272", "bids": [{"price": "0.01", "size": "176.9"}, {"price": "0.02", "size": "100.79"}, {"price": "0.03", "size": "21.3"}], "asks": [{"price": "0.99", "size": "170.19"}, {"price": "0.98", "size": "104.79"}, {"price": "0.97", "size": "18.07"}], "event_type": "book", "last_trade_price": ""}, {"market": "0x0f6392f01fbc91bb54c7808efda39b41533bdb9a5e53d76e1f5fe8efcd4e915c", "asset_id": "80135097828133738927807750873523588457084040337817718976715139517222921360758", "timestamp": "1769379725967", "hash": "ce71e6821fa70cc5f76ec016875a6d5eac6bea00", "bids": [{"price": "0.01", "size": "185.01"}, {"price": "0.02", "size": "32.49"}], "asks": [{"price": "0.99", "size": "176.9"}, {"price": "0.98", "size": "96.79"}, {"price": "0.97", "size": "21.3"}], "event_type": "book", "last_trade_price": ""}, {"market": "0x0f6392f01fbc91bb54c7808efda39b41533bdb9a5e53d76e1f5fe8efcd4e915c", "asset_id": "82173631650536443764447852337213455853824658607265182171937956615577624455360", "timestamp": "1769379725967", "hash": "ea26c1eb14db5cb783f20963ee44faacb7362653", "bids": [{"price": "0.01", "size": "176.9"}, {"price": "0.02", "size": "96.79"}, {"price": "0.03", "size": "21.3"}], "asks": [{"price": "0.99", "size": "185.01"}, {"price": "0.98", "size": "32.49"}], "event_type": "book", "last_trade_price": ""}, {"market": "0x9bb53ea317656ac954e0602246eb32b43390d8d577c2a7cf7622ff666873818e", "asset_id": "40294496874970061212199194441557610187258986560203419383767413340137344948566", "timestamp": "1769379725344", "hash": "ffd0979259a2c1581a2f99b640146a5ae098b5d0", "bids": [{"price": "0.01", "size": "185.01"}, {"price": "0.02", "size": "32.49"}], "asks": [{"price": "0.99", "size": "176.9"}, {"price": "0.98", "size": "100.79"}, {"price": "0.97", "size": "21.3"}], "event_type": "book", "last_trade_price": ""}, {"market": "0x1f0f31fd993ba70452334af98d87f6316dd2cbfe2d226c4b271e124f3953d4fe", "asset_id": "51986709138630379355173687060459685436185807261203417484612028546415504752599", "timestamp": "1769379280895", "hash": "bc1a5aa8021bb4872333e0cf4d397498e73ce28b", "bids": [{"price": "0.01", "size": "158.21"}, {"price": "0.02", "size": "51.36"}, {"price": "0.12", "size": "300"}, {"price": "0.14", "size": "200"}, {"price": "0.15", "size": "187"}, {"price": "0.16", "size": "75"}, {"price": "0.17", "size": "50"}], "asks": [{"price": "0.99", "size": "555.73"}, {"price": "0.98", "size": "47.13"}, {"price": "0.83", "size": "300"}, {"price": "0.81", "size": "200"}, {"price": "0.79", "size": "125"}, {"price": "0.78", "size": "137"}, {"price": "0.64", "size": "10"}, {"price": "0.63", "size": "50"}], "event_type": "book", "last_trade_price": ""}, {"market": "0x242f818240a8d1391a85281f444fdef652702628249883cb7df87179a3d8913b", "asset_id": "113697088348141736344014011432744985299251986960466902569898171984595527643514", "timestamp": "1769379725968", "hash": "d2bcbf73be05898dd99f98a45f629bcb3008fe1b", "bids": [{"price": "0.01", "size": "176.9"}, {"price": "0.02", "size": "100.79"}, {"price": "0.03", "size": "21.3"}], "asks": [{"price": "0.99", "size": "176.9"}, {"price": "0.98", "size": "104.79"}, {"price": "0.97", "size": "15.83"}], "event_type": "book", "last_trade_price": ""}, {"market": "0xa4bb1f75996d11b64561256487f1e2c26ab4f2d899bfaf08c68e516aed03bb71", "asset_id": "58001921050155211918885502379156072812754633060641024898844544352210619511721", "timestamp": "1769379724860", "hash": "23b4d9afed64996e2970dfef91edca2e26b720da", "bids": [{"price": "0.01", "size": "176.9"}, {"price": "0.02", "size": "100.79"}, {"price": "0.03", "size": "21.3"}], "asks": [{"price": "0.99", "size": "176.9"}, {"price": "0.98", "size": "103.79"}, {"price": "0.97", "size": "15.83"}], "event_type": "book", "last_trade_price": ""}, {"market": "0x1f0f31fd993ba70452334af98d87f6316dd2cbfe2d226c4b271e124f3953d4fe", "asset_id": "39346026739560829320362699295926510846268501140078929585801623663816430466462", "timestamp": "1769379280895", "hash": "a557ad6df88be5f8c31d63902cce35750594e169", "bids": [{"price": "0.01", "size": "555.73"}, {"price": "0.02", "size": "47.13"}, {"price": "0.17", "size": "300"}, {"price": "0.19", "size": "200"}, {"price": "0.21", "size": "125"}, {"price": "0.22", "size": "137"}, {"price": "0.36", "size": "10"}, {"price": "0.37", "size": "50"}], "asks": [{"price": "0.99", "size": "158.21"}, {"price": "0.98", "size": "51.36"}, {"price": "0.88", "size": "300"}, {"price": "0.86", "size": "200"}, {"price": "0.85", "size": "187"}, {"price": "0.84", "size": "75"}, {"price": "0.83", "size": "50"}], "event_type": "book", "last_trade_price": ""}, {"market": "0xa4bb1f75996d11b64561256487f1e2c26ab4f2d899bfaf08c68e516aed03bb71", "asset_id": "31020185995937601825809079412913912941553717366851936653963778503508771930357", "timestamp": "1769379724860", "hash": "f8dc000f88e40760849a41789abe9be8e4f639c6", "bids": [{"price": "0.01", "size": "176.9"}, {"price": "0.02", "size": "103.79"}, {"price": "0.03", "size": "15.83"}], "asks": [{"price": "0.99", "size": "176.9"}, {"price": "0.98", "size": "100.79"}, {"price": "0.97", "size": "21.3"}], "event_type": "book", "last_trade_price": ""}, {"market": "0xddb771d350d183cff002cb6da4bdc1e7c0e49c230f51f5164c3133ad32b8402f", "asset_id": "26249330047293064600000018900816765737217799550054645083718757483096422475067", "timestamp": "1769379724859", "hash": "cfaffb8adece0fec6f976c90617d94476c7fc3b0", "bids": [{"price": "0.01", "size": "170.19"}, {"price": "0.02", "size": "104.79"}, {"price": "0.03", "size": "18.07"}], "asks": [{"price": "0.99", "size": "176.9"}, {"price": "0.98", "size": "100.79"}, {"price": "0.97", "size": "21.3"}], "event_type": "book", "last_trade_price": ""}, {"market": "0x9bb53ea317656ac954e0602246eb32b43390d8d577c2a7cf7622ff666873818e", "asset_id": "59791114062815169184006848197667598006488375743320494282382031130072202748670", "timestamp": "1769379725344", "hash": "d8425cb23a8052a4865e50bcca2723f8ff5f5d0b", "bids": [{"price": "0.01", "size": "176.9"}, {"price": "0.02", "size": "100.79"}, {"price": "0.03", "size": "21.3"}], "asks": [{"price": "0.99", "size": "185.01"}, {"price": "0.98", "size": "32.49"}], "event_type": "book", "last_trade_price": ""}, {"market": "0xdcaa4799ba6595fbbb511a131e34063a0f47f6871d1e909c8bdfb6ea1ba7efd5", "asset_id": "13057902173174363064410415351774648620977945358012325957333248566041530159450", "timestamp": "1769379724860", "hash": "65007ad885d8528e5180e6b58dcfc037c648eabb", "bids": [{"price": "0.01", "size": "176.9"}, {"price": "0.02", "size": "103.79"}, {"price": "0.03", "size": "15.83"}], "asks": [{"price": "0.99", "size": "176.9"}, {"price": "0.98", "size": "100.79"}, {"price": "0.97", "size": "21.3"}], "event_type": "book", "last_trade_price": ""}, {"market": "0x03517c478d99d7c1cf1ff39c266a7c4ab33530c9e8e10abc5b527e2ad2a87223", "asset_id": "65460646123915684657825544500171683445664436936176516915185972672953661826612", "timestamp": "1769379728703", "hash": "f676430de279b3d32705547b539969e6b90f1e2b", "bids": [{"price": "0.01", "size": "168.81"}, {"price": "0.02", "size": "96.94"}, {"price": "0.03", "size": "21.09"}, {"price": "0.04", "size": "5.47"}], "asks": [{"price": "0.99", "size": "176.9"}, {"price": "0.98", "size": "104.79"}, {"price": "0.97", "size": "15.83"}], "event_type": "book", "last_trade_price": ""}, {"market": "0x03517c478d99d7c1cf1ff39c266a7c4ab33530c9e8e10abc5b527e2ad2a87223", "asset_id": "78671542720041779895692833091957809778695539645883336284541857735229724891681", "timestamp": "1769379728703", "hash": "0bc1bf0405c9d46a235b912c91f88f4ce83ec3e5", "bids": [{"price": "0.01", "size": "176.9"}, {"price": "0.02", "size": "104.79"}, {"price": "0.03", "size": "15.83"}], "asks": [{"price": "0.99", "size": "168.81"}, {"price": "0.98", "size": "96.94"}, {"price": "0.97", "size": "21.09"}, {"price": "0.96", "size": "5.47"}], "event_type": "book", "last_trade_price": ""}, {"market": "0xdcaa4799ba6595fbbb511a131e34063a0f47f6871d1e909c8bdfb6ea1ba7efd5", "asset_id": "79137451137621349291166342631652638383078306459792223122659658920800341391173", "timestamp": "1769379724860", "hash": "77ea3f6095960f093c49a3628787b8340833d6d5", "bids": [{"price": "0.01", "size": "176.9"}, {"price": "0.02", "size": "100.79"}, {"price": "0.03", "size": "21.3"}], "asks": [{"price": "0.99", "size": "176.9"}, {"price": "0.98", "size": "103.79"}, {"price": "0.97", "size": "15.83"}], "event_type": "book", "last_trade_price": ""}, {"market": "0x242f818240a8d1391a85281f444fdef652702628249883cb7df87179a3d8913b", "asset_id": "57990274183097855763839472201152830722867751248810199054359608040820014599423", "timestamp": "1769379725968", "hash": "b9037597074f2aa0d7eb2022b50cb9485a7a20bc", "bids": [{"price": "0.01", "size": "176.9"}, {"price": "0.02", "size": "104.79"}, {"price": "0.03", "size": "15.83"}], "asks": [{"price": "0.99", "size": "176.9"}, {"price": "0.98", "size": "100.79"}, {"price": "0.97", "size": "21.3"}], "event_type": "book", "last_trade_price": ""}]}
