{"_local_timestamp": "2026-01-25T23:41:29.940146+00:00", "data": [{"market": "0x0cd6afce8135515d50fe87c27f8db77ace5cf0f6b3c2021107e36fc017b4be64", "asset_id": "30961534907854369437343698039657425747561403227790664901013784395821736420693", "timestamp": "1769384461414", "hash": "8d06c06f72b6181ced2921669d9486d03f14c8f8", "bids": [{"price": "0.01", "size": "193.28"}, {"price": "0.02", "size": "98.94"}, {"price": "0.03", "size": "22.94"}, {"price": "0.04", "size": "5.47"}], "asks": [{"price": "0.99", "size": "202.04"}, {"price": "0.98", "size": "117.48"}, {"price": "0.97", "size": "18.99"}, {"price": "0.96", "size": "29.99"}], "event_type": "book", "last_trade_price": ""}, {"market": "0xce4aa640ba8444c6dc0ebdf960711c22ba3d643b9d25f8ba979b30224b112315", "asset_id": "51403139674128123227963931160304481504882829191436564230900942339775324430155", "timestamp": "1769384461303", "hash": "f2106db0379b287eb7d8e3b48387079762676e88", "bids": [{"price": "0.01", "size": "255.04"}, {"price": "0.02", "size": "102.48"}, {"price": "0.03", "size": "18.99"}, {"price": "0.04", "size": "29.99"}], "asks": [{"price": "0.99", "size": "247.31"}, {"price": "0.98", "size": "86.03"}, {"price": "0.97", "size": "9.79"}, {"price": "0.95", "size": "23.99"}, {"price": "0.94", "size": "12.51"}], "event_type": "book", "last_trade_price": ""}, {"market": "0xd860e2edf4fb3d85cb4140458cb758b78cce67acbaafd64a66d1b4fe2b808fb8", "asset_id": "96614431596047650387733345203259446822775451331085714649688767539829198762701", "timestamp": "1769384419327", "hash": "39dc5b908b6d479d5532e534697b771b7af6884f", "bids": [{"price": "0.01", "size": "194.55"}, {"price": "0.02", "size": "307.05"}, {"price": "0.03", "size": "408.73"}, {"price": "0.04", "size": "167"}, {"price": "0.05", "size": "9.03"}, {"price": "0.07", "size": "55.47"}], "asks": [{"price": "0.99", "size": "185.01"}, {"price": "0.98", "size": "47.49"}, {"price": "0.85", "size": "300"}, {"price": "0.83", "size": "200"}, {"price": "0.82", "size": "125"}, {"price": "0.8", "size": "75"}, {"price": "0.79", "size": "62"}, {"price": "0.5", "size": "10"}, {"price": "0.49", "size": "50"}], "event_type": "book", "last_trade_price": ""}, {"market": "0x75ed221cc778c0da854f83fd211a857309801b204affebefe930e30c278f6bf9", "asset_id": "46613065356760678216348703364558124201751681000273554887031040651276110421393", "timestamp": "1769384464718", "hash": "dcffa8dfd9753ecee6dcbb72ff02af571078539d", "bids": [{"price": "0.01", "size": "202.04"}, {"price": "0.02", "size": "117.48"}, {"price": "0.03", "size": "18.99"}, {"price": "0.04", "size": "29.99"}], "asks": [{"price": "0.99", "size": "194.41"}, {"price": "0.98", "size": "58.03"}, {"price": "0.97", "size": "23.84"}, {"price": "0.96", "size": "5.47"}], "event_type": "book", "last_trade_price": ""}, {"market": "0x80b60138fc681483f222c861673ecb69533d4f5dffc0c77c3f6fc81a8f8f9650", "asset_id": "27202039574620513648104320185408203804996660233006193455547332702115032577835", "timestamp": "1769384461414", "hash": "bef79ce50034f3ddf243976f4e9d3879df68bb65", "bids": [{"price": "0.01", "size": "247.41"}, {"price": "0.02", "size": "86.03"}, {"price": "0.03", "size": "23.84"}, {"price": "0.04", "size": "5.47"}], "asks": [{"price": "0.99", "size": "255.04"}, {"price": "0.98", "size": "102.48"}, {"price": "0.97", "size": "18.99"}, {"price": "0.96", "size": "29.99"}], "event_type": "book", "last_trade_price": ""}, {"market": "0xd311a3c64bc57f5c7a244650f62e66496ad724108b999ff40c5d803135a00dc6", "asset_id": "10986807104484151854430914315170467509593975351366104771857431359186680899665", "timestamp": "1769384464718", "hash": "264bb4a400d8c450e4e645892173317e180111cd", "bids": [{"price": "0.01", "size": "202.04"}, {"price": "0.02", "size": "117.48"}, {"price": "0.03", "size": "18.99"}, {"price": "0.04", "size": "29.99"}], "asks": [{"price": "0.99", "size": "194.31"}, {"price": "0.98", "size": "58.03"}, {"price": "0.97", "size": "23.87"}, {"price": "0.96", "size": "5.47"}], "event_type": "book", "last_trade_price": ""}, {"market": "0x167add482b806cb3eadea2d261f5ccf40978e90e02def113cd330081701d4a45", "asset_id": "17603181187002827690667192532042322003057764570350188637231587007554569482862", "timestamp": "1769384464718", "hash": "f81fa150c903f3ca093cf5b1ad18ee75494275f9", "bids": [{"price": "0.01", "size": "202.04"}, {"price": "0.02", "size": "117.48"}, {"price": "0.03", "size": "18.99"}, {"price": "0.04", "size": "29.99"}], "asks": [{"price": "0.99", "size": "194.39"}, {"price": "0.98", "size": "96.69"}, {"price": "0.97", "size": "24.07"}, {"price": "0.96", "size": "5.47"}], "event_type": "book", "last_trade_price": ""}, {"market": "0xb011a68858016d42a8ac50676c79fd3be5f430eb5c593844bb9cf2efc12a70e7", "asset_id": "73333568179184037459409447491306596347441483467372602632030842452974465970236", "timestamp": "1769384461414", "hash": "8ef00a04c9a6ce2e12c952b2d86925acc488447d", "bids": [{"price": "0.01", "size": "194.79"}, {"price": "0.02", "size": "97.03"}, {"price": "0.03", "size": "23.71"}, {"price": "0.04", "size": "5.47"}], "asks": [{"price": "0.99", "size": "202.04"}, {"price": "0.98", "size": "117.48"}, {"price": "0.97", "size": "18.99"}, {"price": "0.96", "size": "29.99"}], "event_type": "book", "last_trade_price": ""}, {"market": "0xce4aa640ba8444c6dc0ebdf960711c22ba3d643b9d25f8ba979b30224b112315", "asset_id": "46482911826883004149674157734503750531218325652123176079475527466906122361950", "timestamp": "1769384461303", "hash": "66d35a913f63ef94900be93b2f55d05acfff46f5", "bids": [{"price": "0.01", "size": "247.31"}, {"price": "0.02", "size": "86.03"}, {"price": "0.03", "size": "9.79"}, {"price": "0.05", "size": "23.99"}, {"price": "0.06", "size": "12.51"}], "asks": [{"price": "0.99", "size": "255.04"}, {"price": "0.98", "size": "102.48"}, {"price": "0.97", "size": "18.99"}, {"price": "0.96", "size": "29.99"}], "event_type": "book", "last_trade_price": ""}, {"market": "0x167add482b806cb3eadea2d261f5ccf40978e90e02def113cd330081701d4a45", "asset_id": "16864046463228358465481610149374486174397550817949991186497441540833078272394", "timestamp": "1769384464718", "hash": "574de24c177d6b8f230516ebdfaf7ed2a5b5191d", "bids": [{"price": "0.01", "size": "194.39"}, {"price": "0.02", "size": "96.69"}, {"price": "0.03", "size": "24.07"}, {"price": "0.04", "size": "5.47"}], "asks": [{"price": "0.99", "size": "202.04"}, {"price": "0.98", "size": "117.48"}, {"price": "0.97", "size": "18.99"}, {"price": "0.96", "size": "29.99"}], "event_type": "book", "last_trade_price": ""}, {"market": "0xb011a68858016d42a8ac50676c79fd3be5f430eb5c593844bb9cf2efc12a70e7", "asset_id": "18486843472498367129788664361019936083696490196584119573886598059484988695708", "timestamp": "1769384461414", "hash": "0464c0517587f22985cb10771f00d40e679abcde", "bids": [{"price": "0.01", "size": "202.04"}, {"price": "0.02", "size": "117.48"}, {"price": "0.03", "size": "18.99"}, {"price": "0.04", "size": "29.99"}], "asks": [{"price": "0.99", "size": "194.79"}, {"price": "0.98", "size": "97.03"}, {"price": "0.97", "size": "23.71"}, {"price": "0.96", "size": "5.47"}], "event_type": "book", "last_trade_price": ""}, {"market": "0x0cd6afce8135515d50fe87c27f8db77ace5cf0f6b3c2021107e36fc017b4be64", "asset_id": "70013322241311064724738270061301926227466138491849942731259774554764294841650", "timestamp": "1769384461414", "hash": "1335ec992475522121efe1dbc3f1f6de680c1c62", "bids": [{"price": "0.01", "size": "202.04"}, {"price": "0.02", "size": "117.48"}, {"price": "0.03", "size": "18.99"}, {"price": "0.04", "size": "29.99"}], "asks": [{"price": "0.99", "size": "193.28"}, {"price": "0.98", "size": "98.94"}, {"price": "0.97", "size": "22.94"}, {"price": "0.96", "size": "5.47"}], "event_type": "book", "last_trade_price": ""}, {"market": "0x75ed221cc778c0da854f83fd211a857309801b204affebefe930e30c278f6bf9", "asset_id": "14916029291351091290956445176764900256538582804498206355339098292069421969451", "timestamp": "1769384464718", "hash": "ef7aa1658748044411a1dafbd549e8658688e1c7", "bids": [{"price": "0.01", "size": "194.41"}, {"price": "0.02", "size": "58.03"}, {"price": "0.03", "size": "23.84"}, {"price": "0.04", "size": "5.47"}], "asks": [{"price": "0.99", "size": "202.04"}, {"price": "0.98", "size": "117.48"}, {"price": "0.97", "size": "18.99"}, {"price": "0.96", "size": "29.99"}], "event_type": "book", "last_trade_price": ""}, {"market": "0xd311a3c64bc57f5c7a244650f62e66496ad724108b999ff40c5d803135a00dc6", "asset_id": "6585348708776747172997501650983765752507043608998602670050718100373149268661", "timestamp": "1769384464718", "hash": "bfa29b8d166584dada63d7b4e455b9c42ff9956e", "bids": [{"price": "0.01", "size": "194.31"}, {"price": "0.02", "size": "58.03"}, {"price": "0.03", "size": "23.87"}, {"price": "0.04", "size": "5.47"}], "asks": [{"price": "0.99", "size": "202.04"}, {"price": "0.98", "size": "117.48"}, {"price": "0.97", "size": "18.99"}, {"price": "0.96", "size": "29.99"}], "event_type": "book", "last_trade_price": ""}, {"market": "0xd860e2edf4fb3d85cb4140458cb758b78cce67acbaafd64a66d1b4fe2b808fb8", "asset_id": "57381068604841512506391495645220628055784209735095184844617797502280987992030", "timestamp": "1769384419327", "hash": "35d0621e69d192c8a7a269becda39c8eb3c59511", "bids": [{"price": "0.01", "size": "185.01"}, {"price": "0.02", "size": "47.49"}, {"price": "0.15", "size": "300"}, {"price": "0.17", "size": "200"}, {"price": "0.18", "size": "125"}, {"price": "0.2", "size": "75"}, {"price": "0.21", "size": "62"}, {"price": "0.5", "size": "10"}, {"price": "0.51", "size": "50"}], "asks": [{"price": "0.99", "size": "194.55"}, {"price": "0.98", "size": "307.05"}, {"price": "0.97", "size": "408.73"}, {"price": "0.96", "size": "167"}, {"price": "0.95", "size": "9.03"}, {"price": "0.93", "size": "55.47"}], "event_type": "book", "last_trade_price": ""}, {"market": "0x80b60138fc681483f222c861673ecb69533d4f5dffc0c77c3f6fc81a8f8f9650", "asset_id": "48478301444834096893044440739528277108741373659140511909472629997704349348462", "timestamp": "1769384461414", "hash": "872637cffed435dd902d84711d12a98fd9d8330f", "bids": [{"price": "0.01", "size": "255.04"}, {"price": "0.02", "size": "102.48"}, {"price": "0.03", "size": "18.99"}, {"price": "0.04", "size": "29.99"}], "asks": [{"price": "0.99", "size": "247.41"}, {"price": "0.98", "size": "86.03"}, {"price": "0.97", "size": "23.84"}, {"price": "0.96", "size": "5.47"}], "event_type": "book", "last_trade_price": ""}]}
{"_local_timestamp": "2026-01-25T23:42:06.747141+00:00", "data": {"market": "0xce4aa640ba8444c6dc0ebdf960711c22ba3d643b9d25f8ba979b30224b112315", "price_changes": [{"asset_id": "46482911826883004149674157734503750531218325652123176079475527466906122361950", "price": "0.05", "size": "0", "side": "BUY", "hash": "99b02a3c4abadccdd8aa33c7d97fa60522b076ca", "best_bid": "0.06", "best_ask": "0.96"}, {"asset_id": "51403139674128123227963931160304481504882829191436564230900942339775324430155", "price": "0.95", "size": "0", "side": "SELL", "hash": "a60e95a679cd5134eb1fc7c402a9578bcd8da71c", "best_bid": "0.04", "best_ask": "0.94"}], "timestamp": "1769384526669", "event_type": "price_change"}}
{"_local_timestamp": "2026-01-25T23:44:06.791870+00:00", "data": {"market": "0xce4aa640ba8444c6dc0ebdf960711c22ba3d643b9d25f8ba979b30224b112315", "price_changes": [{"asset_id": "46482911826883004149674157734503750531218325652123176079475527466906122361950", "price": "0.06", "size": "5.47", "side": "BUY", "hash": "cab4bc3caee4021e9702a83bcd764ccc60c6f6c1", "best_bid": "0.06", "best_ask": "0.96"}, {"asset_id": "51403139674128123227963931160304481504882829191436564230900942339775324430155", "price": "0.94", "size": "5.47", "side": "SELL", "hash": "f1fe5bf2b7744edd3913fd9bca28cd0afabd0edb", "best_bid": "0.04", "best_ask": "0.94"}], "timestamp": "1769384646644", "event_type": "price_change"}}
{"_local_timestamp": "2026-01-25T23:44:08.317736+00:00", "data": {"market": "0xce4aa640ba8444c6dc0ebdf960711c22ba3d643b9d25f8ba979b30224b112315", "price_changes": [{"asset_id": "46482911826883004149674157734503750531218325652123176079475527466906122361950", "price": "0.06", "size": "0", "side": "BUY", "hash": "a0ca1e6209ec4ebe2d60ae9495428287d14f9b47", "best_bid": "0.03", "best_ask": "0.96"}, {"asset_id": "51403139674128123227963931160304481504882829191436564230900942339775324430155", "price": "0.94", "size": "0", "side": "SELL", "hash": "8a4c67f6810b7a366f1dbd1beee447901f4d8f8b", "best_bid": "0.04", "best_ask": "0.97"}], "timestamp": "1769384648106", "event_type": "price_change"}}
{"_local_timestamp": "2026-01-25T23:44:08.384950+00:00", "data": {"market": "0xce4aa640ba8444c6dc0ebdf960711c22ba3d643b9d25f8ba979b30224b112315", "price_changes": [{"asset_id": "46482911826883004149674157734503750531218325652123176079475527466906122361950", "price": "0.04", "size": "5.47", "side": "BUY", "hash": "9adec4cb026a4d37e735c56cc7ed53d1f175e72b", "best_bid": "0.04", "best_ask": "0.96"}, {"asset_id": "51403139674128123227963931160304481504882829191436564230900942339775324430155", "price": "0.96", "size": "5.47", "side": "SELL", "hash": "7314dab1df4f67396636c1220b199f9b8090c7ab", "best_bid": "0.04", "best_ask": "0.96"}], "timestamp": "1769384648154", "event_type": "price_change"}}
{"_local_timestamp": "2026-01-25T23:44:51.530629+00:00", "data": {"market": "0x80b60138fc681483f222c861673ecb69533d4f5dffc0c77c3f6fc81a8f8f9650", "price_changes": [{"asset_id": "27202039574620513648104320185408203804996660233006193455547332702115032577835", "price": "0.03", "size": "9.79", "side": "BUY", "hash": "73d5900ba8c50db597910358bb815689417cbd15", "best_bid": "0.04", "best_ask": "0.96"}, {"asset_id": "48478301444834096893044440739528277108741373659140511909472629997704349348462", "price": "0.97", "size": "9.79", "side": "SELL", "hash": "e4aead05d7d1f35484d86179bcf3b3d1e8f47098", "best_bid": "0.04", "best_ask": "0.96"}], "timestamp": "1769384691402", "event_type": "price_change"}}
{"_local_timestamp": "2026-01-25T23:44:51.532691+00:00", "data": {"market": "0xb011a68858016d42a8ac50676c79fd3be5f430eb5c593844bb9cf2efc12a70e7", "price_changes": [{"asset_id": "73333568179184037459409447491306596347441483467372602632030842452974465970236", "price": "0.03", "size": "9.79", "side": "BUY", "hash": "744124c2c4fb3de92b91f10dd5a74d561cbe699d", "best_bid": "0.04", "best_ask": "0.96"}, {"asset_id": "18486843472498367129788664361019936083696490196584119573886598059484988695708", "price": "0.97", "size": "9.79", "side": "SELL", "hash": "73d37bfbd100d9bf01a5417f9ea4b11315b9df89", "best_bid": "0.04", "best_ask": "0.96"}], "timestamp": "1769384691402", "event_type": "price_change"}}
{"_local_timestamp": "2026-01-25T23:44:51.533057+00:00", "data": {"market": "0x0cd6afce8135515d50fe87c27f8db77ace5cf0f6b3c2021107e36fc017b4be64", "price_changes": [{"asset_id": "30961534907854369437343698039657425747561403227790664901013784395821736420693", "price": "0.03", "size": "9.8", "side": "BUY", "hash": "4bcfd3acdb7881d70c0511bd8ff7710c47261daa", "best_bid": "0.04", "best_ask": "0.96"}, {"asset_id": "70013322241311064724738270061301926227466138491849942731259774554764294841650", "price": "0.97", "size": "9.8", "side": "SELL", "hash": "c56493383cc83f5ed96a7cb4ffaba10d323a99c5", "best_bid": "0.04", "best_ask": "0.96"}], "timestamp": "1769384691402", "event_type": "price_change"}}
{"_local_timestamp": "2026-01-25T23:44:51.956307+00:00", "data": {"market": "0x75ed221cc778c0da854f83fd211a857309801b204affebefe930e30c278f6bf9", "price_changes": [{"asset_id": "14916029291351091290956445176764900256538582804498206355339098292069421969451", "price": "0.03", "size": "9.79", "side": "BUY", "hash": "ca5f7f5d6500750b3562c45947fda9785acf1cf4", "best_bid": "0.04", "best_ask": "0.96"}, {"asset_id": "46613065356760678216348703364558124201751681000273554887031040651276110421393", "price": "0.97", "size": "9.79", "side": "SELL", "hash": "2e7e5f646eb9b337521ccd5f6c59585996d26b98", "best_bid": "0.04", "best_ask": "0.96"}], "timestamp": "1769384691835", "event_type": "price_change"}}
{"_local_timestamp": "2026-01-25T23:44:52.346943+00:00", "data": {"market": "0x167add482b806cb3eadea2d261f5ccf40978e90e02def113cd330081701d4a45", "price_changes": [{"asset_id": "16864046463228358465481610149374486174397550817949991186497441540833078272394", "price": "0.03", "size": "9.96", "side": "BUY", "hash": "af1e2ec507fa1f279760f3e8a76c0b689cd0cc35", "best_bid": "0.04", "best_ask": "0.96"}, {"asset_id": "17603181187002827690667192532042322003057764570350188637231587007554569482862", "price": "0.97", "size": "9.96", "side": "SELL", "hash": "4addf85db9daaf66740377b63d4e6d99e60c5975", "best_bid": "0.04", "best_ask": "0.96"}], "timestamp": "1769384692252", "event_type": "price_change"}}
{"_local_timestamp": "2026-01-25T23:44:52.347345+00:00", "data": {"market": "0xd311a3c64bc57f5c7a244650f62e66496ad724108b999ff40c5d803135a00dc6", "price_changes": [{"asset_id": "6585348708776747172997501650983765752507043608998602670050718100373149268661", "price": "0.03", "size": "9.79", "side": "BUY", "hash": "95ce153ad14ba721f23265e2ef2b44d19a07f63a", "best_bid": "0.04", "best_ask": "0.96"}, {"asset_id": "10986807104484151854430914315170467509593975351366104771857431359186680899665", "price": "0.97", "size": "9.79", "side": "SELL", "hash": "3b6ed5395da4b66e67855cb97e80eab9ead1b36f", "best_bid": "0.04", "best_ask": "0.96"}], "timestamp": "1769384692252", "event_type": "price_change"}}
{"_local_timestamp": "2026-01-25T23:44:52.540949+00:00", "data": {"market": "0x75ed221cc778c0da854f83fd211a857309801b204affebefe930e30c278f6bf9", "price_changes": [{"asset_id": "14916029291351091290956445176764900256538582804498206355339098292069421969451", "price": "0.03", "size": "20.79", "side": "BUY", "hash": "d47313c1aa8178337468fe6d3f59cff7ab567d18", "best_bid": "0.04", "best_ask": "0.96"}, {"asset_id": "46613065356760678216348703364558124201751681000273554887031040651276110421393", "price": "0.97", "size": "20.79", "side": "SELL", "hash": "1ba55002df2cd43466ee9fa0741b7deece14b330", "best_bid": "0.04", "best_ask": "0.96"}], "timestamp": "1769384692446", "event_type": "price_change"}}
{"_local_timestamp": "2026-01-25T23:44:52.547610+00:00", "data": {"market": "0x75ed221cc778c0da854f83fd211a857309801b204affebefe930e30c278f6bf9", "price_changes": [{"asset_id": "14916029291351091290956445176764900256538582804498206355339098292069421969451", "price": "0.01", "size": "203.54", "side": "BUY", "hash": "8abc94f7fce9f89a41a9b10d6c2fa8a2e21227ed", "best_bid": "0.04", "best_ask": "0.96"}, {"asset_id": "46613065356760678216348703364558124201751681000273554887031040651276110421393", "price": "0.99", "size": "203.54", "side": "SELL", "hash": "98f2de2ce0fc6cdf3f7f7a7614e0b443ae339789", "best_bid": "0.04", "best_ask": "0.96"}], "timestamp": "1769384692447", "event_type": "price_change"}}
{"_local_timestamp": "2026-01-25T23:44:53.981301+00:00", "data": {"market": "0xd311a3c64bc57f5c7a244650f62e66496ad724108b999ff40c5d803135a00dc6", "price_changes": [{"asset_id": "6585348708776747172997501650983765752507043608998602670050718100373149268661", "price": "0.03", "size": "20.79", "side": "BUY", "hash": "f77f19964a24691daa66bc3eea7dca34828c4ac3", "best_bid": "0.04", "best_ask": "0.96"}, {"asset_id": "10986807104484151854430914315170467509593975351366104771857431359186680899665", "price": "0.97", "size": "20.79", "side": "SELL", "hash": "db4be72307df7246c0c5962c88275d6fd443ef35", "best_bid": "0.04", "best_ask": "0.96"}], "timestamp": "1769384693901", "event_type": "price_change"}}
{"_local_timestamp": "2026-01-25T23:44:53.981648+00:00", "data": {"market": "0x167add482b806cb3eadea2d261f5ccf40978e90e02def113cd330081701d4a45", "price_changes": [{"asset_id": "16864046463228358465481610149374486174397550817949991186497441540833078272394", "price": "0.01", "size": "203.72", "side": "BUY", "hash": "23c78b50f92f020e44128ea5f720b6f5d119a517", "best_bid": "0.04", "best_ask": "0.96"}, {"asset_id": "17603181187002827690667192532042322003057764570350188637231587007554569482862", "price": "0.99", "size": "203.72", "side": "SELL", "hash": "b8ba122ea4c79ba36efab40dfb70eec892d3e3e4", "best_bid": "0.04", "best_ask": "0.96"}], "timestamp": "1769384693901", "event_type": "price_change"}}
{"_local_timestamp": "2026-01-25T23:44:53.981925+00:00", "data": {"market": "0xd311a3c64bc57f5c7a244650f62e66496ad724108b999ff40c5d803135a00dc6", "price_changes": [{"asset_id": "6585348708776747172997501650983765752507043608998602670050718100373149268661", "price": "0.01", "size": "203.56", "side": "BUY", "hash": "71f1a306f9ee2c765523cb2579c10b7a36d43dce", "best_bid": "0.04", "best_ask": "0.96"}, {"asset_id": "10986807104484151854430914315170467509593975351366104771857431359186680899665", "price": "0.99", "size": "203.56", "side": "SELL", "hash": "b4c0d3d48f704d6ef9ca2a99b8a928857299a813", "best_bid": "0.04", "best_ask": "0.96"}], "timestamp": "1769384693902", "event_type": "price_change"}}
{"_local_timestamp": "2026-01-25T23:44:53.982227+00:00", "data": {"market": "0x167add482b806cb3eadea2d261f5ccf40978e90e02def113cd330081701d4a45", "price_changes": [{"asset_id": "16864046463228358465481610149374486174397550817949991186497441540833078272394", "price": "0.03", "size": "20.96", "side": "BUY", "hash": "5a19b16090bfc865ad65961b97f6a181f5993f2d", "best_bid": "0.04", "best_ask": "0.96"}, {"asset_id": "17603181187002827690667192532042322003057764570350188637231587007554569482862", "price": "0.97", "size": "20.96", "side": "SELL", "hash": "bd23ed570dcc76d3bde52332996ed3afdf05a713", "best_bid": "0.04", "best_ask": "0.96"}], "timestamp": "1769384693902", "event_type": "price_change"}}
{"_local_timestamp": "2026-01-25T23:44:54.601854+00:00", "data": {"market": "0x0cd6afce8135515d50fe87c27f8db77ace5cf0f6b3c2021107e36fc017b4be64", "price_changes": [{"asset_id": "30961534907854369437343698039657425747561403227790664901013784395821736420693", "price": "0.03", "size": "19.77", "side": "BUY", "hash": "58e0c737b93162d5f8f50a0555a22e6e340ad7b8", "best_bid": "0.04", "best_ask": "0.96"}, {"asset_id": "70013322241311064724738270061301926227466138491849942731259774554764294841650", "price": "0.97", "size": "19.77", "side": "SELL", "hash": "953a4d54ad03dd2c34842e341f894906f5fb3264", "best_bid": "0.04", "best_ask": "0.96"}], "timestamp": "1769384694513", "event_type": "price_change"}}
{"_local_timestamp": "2026-01-25T23:44:54.611710+00:00", "data": {"market": "0x80b60138fc681483f222c861673ecb69533d4f5dffc0c77c3f6fc81a8f8f9650", "price_changes": [{"asset_id": "27202039574620513648104320185408203804996660233006193455547332702115032577835", "price": "0.01", "size": "256.54", "side": "BUY", "hash": "6bf31f50d71296eb4e87cd766454dab0ae9bfa65", "best_bid": "0.04", "best_ask": "0.96"}, {"asset_id": "48478301444834096893044440739528277108741373659140511909472629997704349348462", "price": "0.99", "size": "256.54", "side": "SELL", "hash": "67c08533a261515528f3fcfaa3efef09634c4aab", "best_bid": "0.04", "best_ask": "0.96"}], "timestamp": "1769384694513", "event_type": "price_change"}}
{"_local_timestamp": "2026-01-25T23:44:54.613967+00:00", "data": {"market": "0xce4aa640ba8444c6dc0ebdf960711c22ba3d643b9d25f8ba979b30224b112315", "price_changes": [{"asset_id": "46482911826883004149674157734503750531218325652123176079475527466906122361950", "price": "0.01", "size": "256.56", "side": "BUY", "hash": "1da7de1ee059855b79c76b07a0925cace3bceea8", "best_bid": "0.04", "best_ask": "0.96"}, {"asset_id": "51403139674128123227963931160304481504882829191436564230900942339775324430155", "price": "0.99", "size": "256.56", "side": "SELL", "hash": "0bb601e01590b17d0d432698939160742e890c91", "best_bid": "0.04", "best_ask": "0.96"}], "timestamp": "1769384694513", "event_type": "price_change"}}
{"_local_timestamp": "2026-01-25T23:44:54.615780+00:00", "data": {"market": "0xb011a68858016d42a8ac50676c79fd3be5f430eb5c593844bb9cf2efc12a70e7", "price_changes": [{"asset_id": "73333568179184037459409447491306596347441483467372602632030842452974465970236", "price": "0.01", "size": "203.48", "side": "BUY", "hash": "0b27d3991a21d317f4de200246c42af7e90b750a", "best_bid": "0.04", "best_ask": "0.96"}, {"asset_id": "18486843472498367129788664361019936083696490196584119573886598059484988695708", "price": "0.99", "size": "203.48", "side": "SELL", "hash": "b349c3e12ffab4df7123bce0ce4ac6584f662f20", "best_bid": "0.04", "best_ask": "0.96"}], "timestamp": "1769384694513", "event_type": "price_change"}}
{"_local_timestamp": "2026-01-25T23:44:54.616188+00:00", "data": {"market": "0xce4aa640ba8444c6dc0ebdf960711c22ba3d643b9d25f8ba979b30224b112315", "price_changes": [{"asset_id": "46482911826883004149674157734503750531218325652123176079475527466906122361950", "price": "0.03", "size": "20.79", "side": "BUY", "hash": "07f585afc3beb545b0ac2282bff23a60791313d7", "best_bid": "0.04", "best_ask": "0.96"}, {"asset_id": "51403139674128123227963931160304481504882829191436564230900942339775324430155", "price": "0.97", "size": "20.79", "side": "SELL", "hash": "e41d07423357e18b0b49e9e2c3708eb39056a616", "best_bid": "0.04", "best_ask": "0.96"}], "timestamp": "1769384694514", "event_type": "price_change"}}
{"_local_timestamp": "2026-01-25T23:44:54.616588+00:00", "data": {"market": "0x80b60138fc681483f222c861673ecb69533d4f5dffc0c77c3f6fc81a8f8f9650", "price_changes": [{"asset_id": "27202039574620513648104320185408203804996660233006193455547332702115032577835", "price": "0.03", "size": "20.79", "side": "BUY", "hash": "abbd169af542c6a2d422b722ec2fb9c72eb99832", "best_bid": "0.04", "best_ask": "0.96"}, {"asset_id": "48478301444834096893044440739528277108741373659140511909472629997704349348462", "price": "0.97", "size": "20.79", "side": "SELL", "hash": "bb4e2e9df1973b98560dc4ecbd2528533a59d82d", "best_bid": "0.04", "best_ask": "0.96"}], "timestamp": "1769384694514", "event_type": "price_change"}}
{"_local_timestamp": "2026-01-25T23:44:54.616998+00:00", "data": {"market": "0xb011a68858016d42a8ac50676c79fd3be5f430eb5c593844bb9cf2efc12a70e7", "price_changes": [{"asset_id": "73333568179184037459409447491306596347441483467372602632030842452974465970236", "price": "0.03", "size": "20.81", "side": "BUY", "hash": "d573f5d9830df81796514689c0dd93582e165c2a", "best_bid": "0.04", "best_ask": "0.96"}, {"asset_id": "18486843472498367129788664361019936083696490196584119573886598059484988695708", "price": "0.97", "size": "20.81", "side": "SELL", "hash": "e6524b8c1a1d5e38e5a385bb12e4580622740166", "best_bid": "0.04", "best_ask": "0.96"}], "timestamp": "1769384694514", "event_type": "price_change"}}
{"_local_timestamp": "2026-01-25T23:44:54.617337+00:00", "data": {"market": "0x0cd6afce8135515d50fe87c27f8db77ace5cf0f6b3c2021107e36fc017b4be64", "price_changes": [{"asset_id": "30961534907854369437343698039657425747561403227790664901013784395821736420693", "price": "0.01", "size": "202.79", "side": "BUY", "hash": "7fafc5d1c8b7a5fc30a1371e7abe39602dede70a", "best_bid": "0.04", "best_ask": "0.96"}, {"asset_id": "70013322241311064724738270061301926227466138491849942731259774554764294841650", "price": "0.99", "size": "202.79", "side": "SELL", "hash": "d2ed6e8d1f2b4b66e8b068254f2c8fd12d1ab241", "best_bid": "0.04", "best_ask": "0.96"}], "timestamp": "1769384694514", "event_type": "price_change"}}
{"_local_timestamp": "2026-01-25T23:45:11.283899+00:00", "data": {"market": "0xd311a3c64bc57f5c7a244650f62e66496ad724108b999ff40c5d803135a00dc6", "price_changes": [{"asset_id": "6585348708776747172997501650983765752507043608998602670050718100373149268661", "price": "0.05", "size": "23.99", "side": "BUY", "hash": "3e3c54e50962921cb07c94ebca6bfeb338d4322e", "best_bid": "0.05", "best_ask": "0.96"}, {"asset_id": "10986807104484151854430914315170467509593975351366104771857431359186680899665", "price": "0.95", "size": "23.99", "side": "SELL", "hash": "8ae1d26ebc52c3a4dc8b253158c987aa0a8296b0", "best_bid": "0.04", "best_ask": "0.95"}], "timestamp": "1769384711168", "event_type": "price_change"}}
{"_local_timestamp": "2026-01-25T23:45:11.397577+00:00", "data": {"market": "0x80b60138fc681483f222c861673ecb69533d4f5dffc0c77c3f6fc81a8f8f9650", "price_changes": [{"asset_id": "27202039574620513648104320185408203804996660233006193455547332702115032577835", "price": "0.05", "size": "23.99", "side": "BUY", "hash": "ff87e4fc28c25f23f75befac5293b92d90325e0f", "best_bid": "0.05", "best_ask": "0.96"}, {"asset_id": "48478301444834096893044440739528277108741373659140511909472629997704349348462", "price": "0.95", "size": "23.99", "side": "SELL", "hash": "be313d77b8252b9439f0b8489d6416fda2668953", "best_bid": "0.04", "best_ask": "0.95"}], "timestamp": "1769384711270", "event_type": "price_change"}}
{"_local_timestamp": "2026-01-25T23:45:11.397996+00:00", "data": {"market": "0xb011a68858016d42a8ac50676c79fd3be5f430eb5c593844bb9cf2efc12a70e7", "price_changes": [{"asset_id": "73333568179184037459409447491306596347441483467372602632030842452974465970236", "price": "0.05", "size": "23.99", "side": "BUY", "hash": "91a98ebaea533b60edbec4bf0fdef2b91c9fef57", "best_bid": "0.05", "best_ask": "0.96"}, {"asset_id": "18486843472498367129788664361019936083696490196584119573886598059484988695708", "price": "0.95", "size": "23.99", "side": "SELL", "hash": "0942ed7b134f4afe5d280026bfb51f6e0db652cf", "best_bid": "0.04", "best_ask": "0.95"}], "timestamp": "1769384711270", "event_type": "price_change"}}
{"_local_timestamp": "2026-01-25T23:45:11.474959+00:00", "data": {"market": "0x167add482b806cb3eadea2d261f5ccf40978e90e02def113cd330081701d4a45", "price_changes": [{"asset_id": "16864046463228358465481610149374486174397550817949991186497441540833078272394", "price": "0.05", "size": "23.99", "side": "BUY", "hash": "ca19a96b4e993b0506494608a9616fde9902e68d", "best_bid": "0.05", "best_ask": "0.96"}, {"asset_id": "17603181187002827690667192532042322003057764570350188637231587007554569482862", "price": "0.95", "size": "23.99", "side": "SELL", "hash": "57a26adfa684a6dcaea3bfa31639a18ecc5c3513", "best_bid": "0.04", "best_ask": "0.95"}], "timestamp": "1769384711385", "event_type": "price_change"}}
{"_local_timestamp": "2026-01-25T23:45:11.476482+00:00", "data": {"market": "0x0cd6afce8135515d50fe87c27f8db77ace5cf0f6b3c2021107e36fc017b4be64", "price_changes": [{"asset_id": "30961534907854369437343698039657425747561403227790664901013784395821736420693", "price": "0.05", "size": "23.99", "side": "BUY", "hash": "5ef3011bd111bdd1068468412b7a2a6b5858ae68", "best_bid": "0.05", "best_ask": "0.96"}, {"asset_id": "70013322241311064724738270061301926227466138491849942731259774554764294841650", "price": "0.95", "size": "23.99", "side": "SELL", "hash": "75e4845600bb0c286f201db31fbc978e4fcf3925", "best_bid": "0.04", "best_ask": "0.95"}], "timestamp": "1769384711385", "event_type": "price_change"}}
{"_local_timestamp": "2026-01-25T23:45:11.479986+00:00", "data": {"market": "0x75ed221cc778c0da854f83fd211a857309801b204affebefe930e30c278f6bf9", "price_changes": [{"asset_id": "14916029291351091290956445176764900256538582804498206355339098292069421969451", "price": "0.05", "size": "23.99", "side": "BUY", "hash": "c0bd7d515861eec6598390cdad96e06fb6f0519a", "best_bid": "0.05", "best_ask": "0.96"}, {"asset_id": "46613065356760678216348703364558124201751681000273554887031040651276110421393", "price": "0.95", "size": "23.99", "side": "SELL", "hash": "73f4f5816fbd98f09e8732fd368decca9988b851", "best_bid": "0.04", "best_ask": "0.95"}], "timestamp": "1769384711385", "event_type": "price_change"}}
{"_local_timestamp": "2026-01-25T23:45:11.894353+00:00", "data": {"market": "0xb011a68858016d42a8ac50676c79fd3be5f430eb5c593844bb9cf2efc12a70e7", "price_changes": [{"asset_id": "73333568179184037459409447491306596347441483467372602632030842452974465970236", "price": "0.04", "size": "0", "side": "BUY", "hash": "2af7073ca7bf50a866cb34e3013c952001317691", "best_bid": "0.05", "best_ask": "0.96"}, {"asset_id": "18486843472498367129788664361019936083696490196584119573886598059484988695708", "price": "0.96", "size": "0", "side": "SELL", "hash": "82d8774fec6e57440a0e4ea79049c1993503c4fa", "best_bid": "0.04", "best_ask": "0.95"}], "timestamp": "1769384711810", "event_type": "price_change"}}
{"_local_timestamp": "2026-01-25T23:45:11.895259+00:00", "data": {"market": "0x80b60138fc681483f222c861673ecb69533d4f5dffc0c77c3f6fc81a8f8f9650", "price_changes": [{"asset_id": "27202039574620513648104320185408203804996660233006193455547332702115032577835", "price": "0.04", "size": "0", "side": "BUY", "hash": "a5d8012e17128c013800568394ec26c59c086a65", "best_bid": "0.05", "best_ask": "0.96"}, {"asset_id": "48478301444834096893044440739528277108741373659140511909472629997704349348462", "price": "0.96", "size": "0", "side": "SELL", "hash": "ba40d439ff343e5cb854205abdd232fa1f4c98b1", "best_bid": "0.04", "best_ask": "0.95"}], "timestamp": "1769384711810", "event_type": "price_change"}}
{"_local_timestamp": "2026-01-25T23:45:11.895709+00:00", "data": {"market": "0xd311a3c64bc57f5c7a244650f62e66496ad724108b999ff40c5d803135a00dc6", "price_changes": [{"asset_id": "6585348708776747172997501650983765752507043608998602670050718100373149268661", "price": "0.04", "size": "0", "side": "BUY", "hash": "5d935739c077800f16e7e6482468dfa9fa1590c4", "best_bid": "0.05", "best_ask": "0.96"}, {"asset_id": "10986807104484151854430914315170467509593975351366104771857431359186680899665", "price": "0.96", "size": "0", "side": "SELL", "hash": "c02d35857f925ec2a0be867f2687bd8bd6a4d398", "best_bid": "0.04", "best_ask": "0.95"}], "timestamp": "1769384711810", "event_type": "price_change"}}
{"_local_timestamp": "2026-01-25T23:45:11.896100+00:00", "data": {"market": "0x75ed221cc778c0da854f83fd211a857309801b204affebefe930e30c278f6bf9", "price_changes": [{"asset_id": "14916029291351091290956445176764900256538582804498206355339098292069421969451", "price": "0.04", "size": "0", "side": "BUY", "hash": "b852817acb1eecaf4c63216d5f57ef2dcf7cb331", "best_bid": "0.05", "best_ask": "0.96"}, {"asset_id": "46613065356760678216348703364558124201751681000273554887031040651276110421393", "price": "0.96", "size": "0", "side": "SELL", "hash": "7345289b9aa29d04b1008c7fbae3c49b5aebb169", "best_bid": "0.04", "best_ask": "0.95"}], "timestamp": "1769384711810", "event_type": "price_change"}}
{"_local_timestamp": "2026-01-25T23:45:11.896425+00:00", "data": {"market": "0x0cd6afce8135515d50fe87c27f8db77ace5cf0f6b3c2021107e36fc017b4be64", "price_changes": [{"asset_id": "30961534907854369437343698039657425747561403227790664901013784395821736420693", "price": "0.04", "size": "0", "side": "BUY", "hash": "39969347e9024800adfae663ec4208d1defcf4ec", "best_bid": "0.05", "best_ask": "0.96"}, {"asset_id": "70013322241311064724738270061301926227466138491849942731259774554764294841650", "price": "0.96", "size": "0", "side": "SELL", "hash": "23a42ee9d3e246d356bc28031a25fab3de288c11", "best_bid": "0.04", "best_ask": "0.95"}], "timestamp": "1769384711810", "event_type": "price_change"}}
{"_local_timestamp": "2026-01-25T23:45:11.896774+00:00", "data": {"market": "0x167add482b806cb3eadea2d261f5ccf40978e90e02def113cd330081701d4a45", "price_changes": [{"asset_id": "16864046463228358465481610149374486174397550817949991186497441540833078272394", "price": "0.04", "size": "0", "side": "BUY", "hash": "22f8f91d24a93ed05d08a0cbeb13f647e74943e9", "best_bid": "0.05", "best_ask": "0.96"}, {"asset_id": "17603181187002827690667192532042322003057764570350188637231587007554569482862", "price": "0.96", "size": "0", "side": "SELL", "hash": "26b274ce407456efa597ae72efe86c8290ac7a43", "best_bid": "0.04", "best_ask": "0.95"}], "timestamp": "1769384711810", "event_type": "price_change"}}
{"_local_timestamp": "2026-01-25T23:45:12.498803+00:00", "data": {"market": "0x80b60138fc681483f222c861673ecb69533d4f5dffc0c77c3f6fc81a8f8f9650", "price_changes": [{"asset_id": "27202039574620513648104320185408203804996660233006193455547332702115032577835", "price": "0.06", "size": "5.47", "side": "BUY", "hash": "755945bc3f0b4aa039cf3d64182552764d0d5f6a", "best_bid": "0.06", "best_ask": "0.96"}, {"asset_id": "48478301444834096893044440739528277108741373659140511909472629997704349348462", "price": "0.94", "size": "5.47", "side": "SELL", "hash": "9593d486abe3c3173a524d0c99a0be42073a6b04", "best_bid": "0.04", "best_ask": "0.94"}], "timestamp": "1769384712433", "event_type": "price_change"}}
{"_local_timestamp": "2026-01-25T23:45:12.499255+00:00", "data": {"market": "0x167add482b806cb3eadea2d261f5ccf40978e90e02def113cd330081701d4a45", "price_changes": [{"asset_id": "16864046463228358465481610149374486174397550817949991186497441540833078272394", "price": "0.06", "size": "5.47", "side": "BUY", "hash": "ae89eced3febb64615cd94584eba5ab02d8b5fe7", "best_bid": "0.06", "best_ask": "0.96"}, {"asset_id": "17603181187002827690667192532042322003057764570350188637231587007554569482862", "price": "0.94", "size": "5.47", "side": "SELL", "hash": "a2fc171c1044bc8383a8fd5dea642374c865389c", "best_bid": "0.04", "best_ask": "0.94"}], "timestamp": "1769384712433", "event_type": "price_change"}}
{"_local_timestamp": "2026-01-25T23:45:12.508832+00:00", "data": {"market": "0x75ed221cc778c0da854f83fd211a857309801b204affebefe930e30c278f6bf9", "price_changes": [{"asset_id": "14916029291351091290956445176764900256538582804498206355339098292069421969451", "price": "0.06", "size": "5.47", "side": "BUY", "hash": "229f76adf6a9fc41f82989aa4eda25ef9dd65439", "best_bid": "0.06", "best_ask": "0.96"}, {"asset_id": "46613065356760678216348703364558124201751681000273554887031040651276110421393", "price": "0.94", "size": "5.47", "side": "SELL", "hash": "c290f66d17fa798a9538ecdbc1df7f19ece0f33f", "best_bid": "0.04", "best_ask": "0.94"}], "timestamp": "1769384712433", "event_type": "price_change"}}
{"_local_timestamp": "2026-01-25T23:45:12.509273+00:00", "data": {"market": "0x0cd6afce8135515d50fe87c27f8db77ace5cf0f6b3c2021107e36fc017b4be64", "price_changes": [{"asset_id": "30961534907854369437343698039657425747561403227790664901013784395821736420693", "price": "0.06", "size": "5.47", "side": "BUY", "hash": "73cfec5ef0b45092a630e026e93da8ef4b54d57b", "best_bid": "0.06", "best_ask": "0.96"}, {"asset_id": "70013322241311064724738270061301926227466138491849942731259774554764294841650", "price": "0.94", "size": "5.47", "side": "SELL", "hash": "9fd903de790028a20b777fe4577ee90762adf399", "best_bid": "0.04", "best_ask": "0.94"}], "timestamp": "1769384712433", "event_type": "price_change"}}
{"_local_timestamp": "2026-01-25T23:45:12.509724+00:00", "data": {"market": "0xd311a3c64bc57f5c7a244650f62e66496ad724108b999ff40c5d803135a00dc6", "price_changes": [{"asset_id": "6585348708776747172997501650983765752507043608998602670050718100373149268661", "price": "0.06", "size": "5.47", "side": "BUY", "hash": "2cb0f3a60b05894f6cdd782c574a7f969cf9ae93", "best_bid": "0.06", "best_ask": "0.96"}, {"asset_id": "10986807104484151854430914315170467509593975351366104771857431359186680899665", "price": "0.94", "size": "5.47", "side": "SELL", "hash": "4617f2c105a6ec8cc4c2e82988e29eeaabe1ff0b", "best_bid": "0.04", "best_ask": "0.94"}], "timestamp": "1769384712433", "event_type": "price_change"}}
{"_local_timestamp": "2026-01-25T23:45:12.510126+00:00", "data": {"market": "0xb011a68858016d42a8ac50676c79fd3be5f430eb5c593844bb9cf2efc12a70e7", "price_changes": [{"asset_id": "73333568179184037459409447491306596347441483467372602632030842452974465970236", "price": "0.06", "size": "5.47", "side": "BUY", "hash": "b120a21383d528cb74aeb146829a366719df0f7a", "best_bid": "0.06", "best_ask": "0.96"}, {"asset_id": "18486843472498367129788664361019936083696490196584119573886598059484988695708", "price": "0.94", "size": "5.47", "side": "SELL", "hash": "21259dbfa67e61a9e5485bf44263ea89ed358c8b", "best_bid": "0.04", "best_ask": "0.94"}], "timestamp": "1769384712433", "event_type": "price_change"}}
{"_local_timestamp": "2026-01-25T23:45:46.367062+00:00", "data": {"market": "0xd860e2edf4fb3d85cb4140458cb758b78cce67acbaafd64a66d1b4fe2b808fb8", "price_changes": [{"asset_id": "57381068604841512506391495645220628055784209735095184844617797502280987992030", "price": "0.52", "size": "9.61", "side": "BUY", "hash": "eec00f6bbed6230a01f34b30a9a5a4fccc65febc", "best_bid": "0.52", "best_ask": "0.93"}, {"asset_id": "96614431596047650387733345203259446822775451331085714649688767539829198762701", "price": "0.48", "size": "9.61", "side": "SELL", "hash": "bef28df193e6e26c5c79bb22cd939b5259c87e8a", "best_bid": "0.07", "best_ask": "0.48"}], "timestamp": "1769384746292", "event_type": "price_change"}}
{"_local_timestamp": "2026-01-25T23:45:48.717344+00:00", "data": {"market": "0xd860e2edf4fb3d85cb4140458cb758b78cce67acbaafd64a66d1b4fe2b808fb8", "price_changes": [{"asset_id": "57381068604841512506391495645220628055784209735095184844617797502280987992030", "price": "0.51", "size": "0", "side": "BUY", "hash": "94c1242aa1101dd0b2aa5cf63d9034ce6ebe29b2", "best_bid": "0.52", "best_ask": "0.93"}, {"asset_id": "96614431596047650387733345203259446822775451331085714649688767539829198762701", "price": "0.49", "size": "0", "side": "SELL", "hash": "8445250b52668297ab73a0ddde9697b87a5f5a8e", "best_bid": "0.07", "best_ask": "0.48"}], "timestamp": "1769384748652", "event_type": "price_change"}}
{"_local_timestamp": "2026-01-25T23:45:48.825559+00:00", "data": {"market": "0xd860e2edf4fb3d85cb4140458cb758b78cce67acbaafd64a66d1b4fe2b808fb8", "price_changes": [{"asset_id": "57381068604841512506391495645220628055784209735095184844617797502280987992030", "price": "0.53", "size": "50", "side": "BUY", "hash": "25813b56ba212acb48d65ee4eff43da7cdd7ef81", "best_bid": "0.53", "best_ask": "0.93"}, {"asset_id": "96614431596047650387733345203259446822775451331085714649688767539829198762701", "price": "0.47", "size": "50", "side": "SELL", "hash": "4eeb5845eff241ff77118fa60b6ae5b06d9973c5", "best_bid": "0.07", "best_ask": "0.47"}], "timestamp": "1769384748761", "event_type": "price_change"}}
{"_local_timestamp": "2026-01-25T23:46:13.870813+00:00", "data": {"market": "0xd860e2edf4fb3d85cb4140458cb758b78cce67acbaafd64a66d1b4fe2b808fb8", "price_changes": [{"asset_id": "57381068604841512506391495645220628055784209735095184844617797502280987992030", "price": "0.52", "size": "0", "side": "BUY", "hash": "38bdcdb4606f263e5f018662cfaac260dbf562ac", "best_bid": "0.53", "best_ask": "0.93"}, {"asset_id": "96614431596047650387733345203259446822775451331085714649688767539829198762701", "price": "0.48", "size": "0", "side": "SELL", "hash": "66a17850c0d246e4253e3385c52aac23c11625cf", "best_bid": "0.07", "best_ask": "0.47"}], "timestamp": "1769384773793", "event_type": "price_change"}}
{"_local_timestamp": "2026-01-25T23:46:13.931653+00:00", "data": {"market": "0xd860e2edf4fb3d85cb4140458cb758b78cce67acbaafd64a66d1b4fe2b808fb8", "price_changes": [{"asset_id": "57381068604841512506391495645220628055784209735095184844617797502280987992030", "price": "0.54", "size": "9.25", "side": "BUY", "hash": "4881ae495ae3d082e5822abe7d763c3cad5a4f3c", "best_bid": "0.54", "best_ask": "0.93"}, {"asset_id": "96614431596047650387733345203259446822775451331085714649688767539829198762701", "price": "0.46", "size": "9.25", "side": "SELL", "hash": "e602f988b770791f01961e93bf381d9686849310", "best_bid": "0.07", "best_ask": "0.46"}], "timestamp": "1769384773861", "event_type": "price_change"}}
{"_local_timestamp": "2026-01-25T23:46:21.035509+00:00", "data": {"market": "0xd860e2edf4fb3d85cb4140458cb758b78cce67acbaafd64a66d1b4fe2b808fb8", "price_changes": [{"asset_id": "57381068604841512506391495645220628055784209735095184844617797502280987992030", "price": "0.53", "size": "0", "side": "BUY", "hash": "5916cc80ed2307516f194c1662b025756562fb3c", "best_bid": "0.54", "best_ask": "0.93"}, {"asset_id": "96614431596047650387733345203259446822775451331085714649688767539829198762701", "price": "0.47", "size": "0", "side": "SELL", "hash": "3a0129c7e9d87c180f326e9a29f97d3e00d75088", "best_bid": "0.07", "best_ask": "0.46"}], "timestamp": "1769384780966", "event_type": "price_change"}}
{"_local_timestamp": "2026-01-25T23:46:21.209923+00:00", "data": {"market": "0xd860e2edf4fb3d85cb4140458cb758b78cce67acbaafd64a66d1b4fe2b808fb8", "price_changes": [{"asset_id": "57381068604841512506391495645220628055784209735095184844617797502280987992030", "price": "0.55", "size": "50", "side": "BUY", "hash": "52e9a64e3b3918a6e9c8e7bce9c7d9b5ad8f525a", "best_bid": "0.55", "best_ask": "0.93"}, {"asset_id": "96614431596047650387733345203259446822775451331085714649688767539829198762701", "price": "0.45", "size": "50", "side": "SELL", "hash": "918c0c883f1d9ad55fd9b8fa641274e9b0d41168", "best_bid": "0.07", "best_ask": "0.45"}], "timestamp": "1769384781101", "event_type": "price_change"}}
{"_local_timestamp": "2026-01-25T23:46:41.585359+00:00", "data": {"market": "0xd860e2edf4fb3d85cb4140458cb758b78cce67acbaafd64a66d1b4fe2b808fb8", "price_changes": [{"asset_id": "57381068604841512506391495645220628055784209735095184844617797502280987992030", "price": "0.54", "size": "0", "side": "BUY", "hash": "8278877692d602a7668cda08dbee0ab820e97201", "best_bid": "0.55", "best_ask": "0.93"}, {"asset_id": "96614431596047650387733345203259446822775451331085714649688767539829198762701", "price": "0.46", "size": "0", "side": "SELL", "hash": "a48b974b6e2cdcd8d6efe07bc1c746088cf8a05e", "best_bid": "0.07", "best_ask": "0.45"}], "timestamp": "1769384801509", "event_type": "price_change"}}
{"_local_timestamp": "2026-01-25T23:46:41.688818+00:00", "data": {"market": "0xd860e2edf4fb3d85cb4140458cb758b78cce67acbaafd64a66d1b4fe2b808fb8", "price_changes": [{"asset_id": "57381068604841512506391495645220628055784209735095184844617797502280987992030", "price": "0.56", "size": "8.92", "side": "BUY", "hash": "e5441bc0d88555014e87d64116900474d1ebeccf", "best_bid": "0.56", "best_ask": "0.93"}, {"asset_id": "96614431596047650387733345203259446822775451331085714649688767539829198762701", "price": "0.44", "size": "8.92", "side": "SELL", "hash": "79f26f71c3fc726893b21b54f311428024d74d76", "best_bid": "0.07", "best_ask": "0.44"}], "timestamp": "1769384801600", "event_type": "price_change"}}
{"_local_timestamp": "2026-01-25T23:46:47.364828+00:00", "data": {"market": "0x80b60138fc681483f222c861673ecb69533d4f5dffc0c77c3f6fc81a8f8f9650", "price_changes": [{"asset_id": "27202039574620513648104320185408203804996660233006193455547332702115032577835", "price": "0.05", "size": "0", "side": "BUY", "hash": "d531f8779f602cb19b2bed5054121f0608588ba8", "best_bid": "0.06", "best_ask": "0.96"}, {"asset_id": "48478301444834096893044440739528277108741373659140511909472629997704349348462", "price": "0.95", "size": "0", "side": "SELL", "hash": "dd8bce9549b16c48f837e39eef04b36092b2dede", "best_bid": "0.04", "best_ask": "0.94"}], "timestamp": "1769384807297", "event_type": "price_change"}}
{"_local_timestamp": "2026-01-25T23:46:47.500129+00:00", "data": {"market": "0x167add482b806cb3eadea2d261f5ccf40978e90e02def113cd330081701d4a45", "price_changes": [{"asset_id": "16864046463228358465481610149374486174397550817949991186497441540833078272394", "price": "0.05", "size": "0", "side": "BUY", "hash": "20e57fa82a7ef4061b3cd11077dbf1c834be9c0d", "best_bid": "0.06", "best_ask": "0.96"}, {"asset_id": "17603181187002827690667192532042322003057764570350188637231587007554569482862", "price": "0.95", "size": "0", "side": "SELL", "hash": "645a987abe37594c191c55cbde77e0c0336c5792", "best_bid": "0.04", "best_ask": "0.94"}], "timestamp": "1769384807402", "event_type": "price_change"}}
{"_local_timestamp": "2026-01-25T23:46:47.500574+00:00", "data": {"market": "0x0cd6afce8135515d50fe87c27f8db77ace5cf0f6b3c2021107e36fc017b4be64", "price_changes": [{"asset_id": "30961534907854369437343698039657425747561403227790664901013784395821736420693", "price": "0.05", "size": "0", "side": "BUY", "hash": "9635ee3ede130874324e18ef664be495281b2d65", "best_bid": "0.06", "best_ask": "0.96"}, {"asset_id": "70013322241311064724738270061301926227466138491849942731259774554764294841650", "price": "0.95", "size": "0", "side": "SELL", "hash": "b7bd61e70a8e7e0f7a29fb8dc4be59da59eba0eb", "best_bid": "0.04", "best_ask": "0.94"}], "timestamp": "1769384807402", "event_type": "price_change"}}
{"_local_timestamp": "2026-01-25T23:46:47.500991+00:00", "data": {"market": "0xb011a68858016d42a8ac50676c79fd3be5f430eb5c593844bb9cf2efc12a70e7", "price_changes": [{"asset_id": "73333568179184037459409447491306596347441483467372602632030842452974465970236", "price": "0.05", "size": "0", "side": "BUY", "hash": "915329e73f0f9742879129d68de7a32a5b3f5c8e", "best_bid": "0.06", "best_ask": "0.96"}, {"asset_id": "18486843472498367129788664361019936083696490196584119573886598059484988695708", "price": "0.95", "size": "0", "side": "SELL", "hash": "c9212d9b3f81525c40e0343b53ad3df0be049172", "best_bid": "0.04", "best_ask": "0.94"}], "timestamp": "1769384807403", "event_type": "price_change"}}
{"_local_timestamp": "2026-01-25T23:46:47.501363+00:00", "data": {"market": "0xd311a3c64bc57f5c7a244650f62e66496ad724108b999ff40c5d803135a00dc6", "price_changes": [{"asset_id": "6585348708776747172997501650983765752507043608998602670050718100373149268661", "price": "0.05", "size": "0", "side": "BUY", "hash": "188198cae6a832d8c8689ee6e0836dc7c59f3cee", "best_bid": "0.06", "best_ask": "0.96"}, {"asset_id": "10986807104484151854430914315170467509593975351366104771857431359186680899665", "price": "0.95", "size": "0", "side": "SELL", "hash": "4c0eb5867a88a0c7d9a64291e7ed2280bfa55aca", "best_bid": "0.04", "best_ask": "0.94"}], "timestamp": "1769384807403", "event_type": "price_change"}}
{"_local_timestamp": "2026-01-25T23:46:47.617916+00:00", "data": {"market": "0x75ed221cc778c0da854f83fd211a857309801b204affebefe930e30c278f6bf9", "price_changes": [{"asset_id": "14916029291351091290956445176764900256538582804498206355339098292069421969451", "price": "0.05", "size": "0", "side": "BUY", "hash": "69d0f8a53bd5273596d44d7ad8701a1ed5e59eb5", "best_bid": "0.06", "best_ask": "0.96"}, {"asset_id": "46613065356760678216348703364558124201751681000273554887031040651276110421393", "price": "0.95", "size": "0", "side": "SELL", "hash": "78f5a7a79b7b3af90d48b556f450d1a3df8722aa", "best_bid": "0.04", "best_ask": "0.94"}], "timestamp": "1769384807523", "event_type": "price_change"}}
{"_local_timestamp": "2026-01-25T23:46:50.121573+00:00", "data": {"market": "0x80b60138fc681483f222c861673ecb69533d4f5dffc0c77c3f6fc81a8f8f9650", "price_changes": [{"asset_id": "27202039574620513648104320185408203804996660233006193455547332702115032577835", "price": "0.06", "size": "0", "side": "BUY", "hash": "42052c5a208cbe210596fd181713b55cbd6a4456", "best_bid": "0.03", "best_ask": "0.96"}, {"asset_id": "48478301444834096893044440739528277108741373659140511909472629997704349348462", "price": "0.94", "size": "0", "side": "SELL", "hash": "e1da1379ee449e463c7c16a8c6b6fc762f6fff7a", "best_bid": "0.04", "best_ask": "0.97"}], "timestamp": "1769384810001", "event_type": "price_change"}}
{"_local_timestamp": "2026-01-25T23:46:50.132388+00:00", "data": {"market": "0x167add482b806cb3eadea2d261f5ccf40978e90e02def113cd330081701d4a45", "price_changes": [{"asset_id": "16864046463228358465481610149374486174397550817949991186497441540833078272394", "price": "0.06", "size": "0", "side": "BUY", "hash": "d2d577e60b1b180cabd5456361499e0148d024dd", "best_bid": "0.03", "best_ask": "0.96"}, {"asset_id": "17603181187002827690667192532042322003057764570350188637231587007554569482862", "price": "0.94", "size": "0", "side": "SELL", "hash": "ab0609031c8b22b240842011d28d043b568a6c48", "best_bid": "0.04", "best_ask": "0.97"}], "timestamp": "1769384810002", "event_type": "price_change"}}
{"_local_timestamp": "2026-01-25T23:46:50.132824+00:00", "data": {"market": "0xb011a68858016d42a8ac50676c79fd3be5f430eb5c593844bb9cf2efc12a70e7", "price_changes": [{"asset_id": "73333568179184037459409447491306596347441483467372602632030842452974465970236", "price": "0.06", "size": "0", "side": "BUY", "hash": "31db4ba6633e435633d47987e9f6cfebad39c931", "best_bid": "0.03", "best_ask": "0.96"}, {"asset_id": "18486843472498367129788664361019936083696490196584119573886598059484988695708", "price": "0.94", "size": "0", "side": "SELL", "hash": "7a88fdbcbea962350efb080f306a1dbf76365dae", "best_bid": "0.04", "best_ask": "0.97"}], "timestamp": "1769384810001", "event_type": "price_change"}}
{"_local_timestamp": "2026-01-25T23:46:50.133215+00:00", "data": {"market": "0x0cd6afce8135515d50fe87c27f8db77ace5cf0f6b3c2021107e36fc017b4be64", "price_changes": [{"asset_id": "30961534907854369437343698039657425747561403227790664901013784395821736420693", "price": "0.06", "size": "0", "side": "BUY", "hash": "4ee2b8754aed727d7ceb9dacd835fd167bb20762", "best_bid": "0.03", "best_ask": "0.96"}, {"asset_id": "70013322241311064724738270061301926227466138491849942731259774554764294841650", "price": "0.94", "size": "0", "side": "SELL", "hash": "aacf1a402eb02ade4a81306669a4370ad07db5db", "best_bid": "0.04", "best_ask": "0.97"}], "timestamp": "1769384810001", "event_type": "price_change"}}
{"_local_timestamp": "2026-01-25T23:46:50.138059+00:00", "data": {"market": "0x75ed221cc778c0da854f83fd211a857309801b204affebefe930e30c278f6bf9", "price_changes": [{"asset_id": "14916029291351091290956445176764900256538582804498206355339098292069421969451", "price": "0.06", "size": "0", "side": "BUY", "hash": "b727455ef22a58be74b37fa20443f4597460e2c9", "best_bid": "0.03", "best_ask": "0.96"}, {"asset_id": "46613065356760678216348703364558124201751681000273554887031040651276110421393", "price": "0.94", "size": "0", "side": "SELL", "hash": "11171961d7db19e9315e49712ccbb3d55cacb385", "best_bid": "0.04", "best_ask": "0.97"}], "timestamp": "1769384810001", "event_type": "price_change"}}
{"_local_timestamp": "2026-01-25T23:46:50.138503+00:00", "data": {"market": "0xd311a3c64bc57f5c7a244650f62e66496ad724108b999ff40c5d803135a00dc6", "price_changes": [{"asset_id": "6585348708776747172997501650983765752507043608998602670050718100373149268661", "price": "0.06", "size": "0", "side": "BUY", "hash": "7be9189f9559cbcef6597f4e226fb60a4c265d88", "best_bid": "0.03", "best_ask": "0.96"}, {"asset_id": "10986807104484151854430914315170467509593975351366104771857431359186680899665", "price": "0.94", "size": "0", "side": "SELL", "hash": "185fe72889ac1d66ea5052bf73d5d11df184fb22", "best_bid": "0.04", "best_ask": "0.97"}], "timestamp": "1769384810001", "event_type": "price_change"}}
{"_local_timestamp": "2026-01-25T23:46:50.565631+00:00", "data": {"market": "0xd311a3c64bc57f5c7a244650f62e66496ad724108b999ff40c5d803135a00dc6", "price_changes": [{"asset_id": "6585348708776747172997501650983765752507043608998602670050718100373149268661", "price": "0.04", "size": "5.47", "side": "BUY", "hash": "6807300ae52078cbc0b9bd6dae5bad5ed86a53c0", "best_bid": "0.04", "best_ask": "0.96"}, {"asset_id": "10986807104484151854430914315170467509593975351366104771857431359186680899665", "price": "0.96", "size": "5.47", "side": "SELL", "hash": "4f785334b9fb8e5b848de3a57153c5a2bcb87a92", "best_bid": "0.04", "best_ask": "0.96"}], "timestamp": "1769384810495", "event_type": "price_change"}}
{"_local_timestamp": "2026-01-25T23:46:50.566210+00:00", "data": {"market": "0x75ed221cc778c0da854f83fd211a857309801b204affebefe930e30c278f6bf9", "price_changes": [{"asset_id": "14916029291351091290956445176764900256538582804498206355339098292069421969451", "price": "0.04", "size": "5.47", "side": "BUY", "hash": "99d86dbdda09fb3309b53a3b7fe46b13f402d29f", "best_bid": "0.04", "best_ask": "0.96"}, {"asset_id": "46613065356760678216348703364558124201751681000273554887031040651276110421393", "price": "0.96", "size": "5.47", "side": "SELL", "hash": "2d1917a69059fc52a1fa6fa0792cdac3e82b3f0f", "best_bid": "0.04", "best_ask": "0.96"}], "timestamp": "1769384810495", "event_type": "price_change"}}
{"_local_timestamp": "2026-01-25T23:46:50.566656+00:00", "data": {"market": "0x167add482b806cb3eadea2d261f5ccf40978e90e02def113cd330081701d4a45", "price_changes": [{"asset_id": "16864046463228358465481610149374486174397550817949991186497441540833078272394", "price": "0.04", "size": "5.47", "side": "BUY", "hash": "60e56b0c5e465927ebb96df298169107343ee22e", "best_bid": "0.04", "best_ask": "0.96"}, {"asset_id": "17603181187002827690667192532042322003057764570350188637231587007554569482862", "price": "0.96", "size": "5.47", "side": "SELL", "hash": "6bcf1beb8e7a7dae6bc999cbcbd43deb4cf345cd", "best_bid": "0.04", "best_ask": "0.96"}], "timestamp": "1769384810495", "event_type": "price_change"}}
{"_local_timestamp": "2026-01-25T23:46:50.567102+00:00", "data": {"market": "0x80b60138fc681483f222c861673ecb69533d4f5dffc0c77c3f6fc81a8f8f9650", "price_changes": [{"asset_id": "27202039574620513648104320185408203804996660233006193455547332702115032577835", "price": "0.04", "size": "5.47", "side": "BUY", "hash": "a31eea81438cced45847b1b16ac1975d38dd5bc3", "best_bid": "0.04", "best_ask": "0.96"}, {"asset_id": "48478301444834096893044440739528277108741373659140511909472629997704349348462", "price": "0.96", "size": "5.47", "side": "SELL", "hash": "7c9c4b31e473880676969c5d268657c6b702e4b1", "best_bid": "0.04", "best_ask": "0.96"}], "timestamp": "1769384810495", "event_type": "price_change"}}
{"_local_timestamp": "2026-01-25T23:46:50.630603+00:00", "data": {"market": "0x0cd6afce8135515d50fe87c27f8db77ace5cf0f6b3c2021107e36fc017b4be64", "price_changes": [{"asset_id": "30961534907854369437343698039657425747561403227790664901013784395821736420693", "price": "0.04", "size": "5.47", "side": "BUY", "hash": "328ee094c7ff341a0eed4e578399c596019bae08", "best_bid": "0.04", "best_ask": "0.96"}, {"asset_id": "70013322241311064724738270061301926227466138491849942731259774554764294841650", "price": "0.96", "size": "5.47", "side": "SELL", "hash": "01ad387feef740fbeac30d9539d1b7421237db92", "best_bid": "0.04", "best_ask": "0.96"}], "timestamp": "1769384810554", "event_type": "price_change"}}
{"_local_timestamp": "2026-01-25T23:46:50.631189+00:00", "data": {"market": "0xb011a68858016d42a8ac50676c79fd3be5f430eb5c593844bb9cf2efc12a70e7", "price_changes": [{"asset_id": "73333568179184037459409447491306596347441483467372602632030842452974465970236", "price": "0.04", "size": "5.47", "side": "BUY", "hash": "6f9493200fe340d774b37fc6de93aa94b548d690", "best_bid": "0.04", "best_ask": "0.96"}, {"asset_id": "18486843472498367129788664361019936083696490196584119573886598059484988695708", "price": "0.96", "size": "5.47", "side": "SELL", "hash": "6d7c6f10631d4a15b84437ff86c9a348223520a2", "best_bid": "0.04", "best_ask": "0.96"}], "timestamp": "1769384810554", "event_type": "price_change"}}
{"_local_timestamp": "2026-01-25T23:46:50.638952+00:00", "data": {"market": "0xd860e2edf4fb3d85cb4140458cb758b78cce67acbaafd64a66d1b4fe2b808fb8", "price_changes": [{"asset_id": "57381068604841512506391495645220628055784209735095184844617797502280987992030", "price": "0.55", "size": "0", "side": "BUY", "hash": "b9646438c6e91acfebe0b273af24153014eada1a", "best_bid": "0.56", "best_ask": "0.93"}, {"asset_id": "96614431596047650387733345203259446822775451331085714649688767539829198762701", "price": "0.45", "size": "0", "side": "SELL", "hash": "81ae5f420b5b1d0a50fb0ff30d3b3ef12037c5ed", "best_bid": "0.07", "best_ask": "0.44"}], "timestamp": "1769384810573", "event_type": "price_change"}}
{"_local_timestamp": "2026-01-25T23:46:50.952605+00:00", "data": {"market": "0xd860e2edf4fb3d85cb4140458cb758b78cce67acbaafd64a66d1b4fe2b808fb8", "price_changes": [{"asset_id": "57381068604841512506391495645220628055784209735095184844617797502280987992030", "price": "0.57", "size": "50", "side": "BUY", "hash": "8a61ee3392dbb2666568486d010b1bbb3a5ba163", "best_bid": "0.57", "best_ask": "0.93"}, {"asset_id": "96614431596047650387733345203259446822775451331085714649688767539829198762701", "price": "0.43", "size": "50", "side": "SELL", "hash": "ae4790a655a1684635f4a040acf66ef7c4f51f73", "best_bid": "0.07", "best_ask": "0.43"}], "timestamp": "1769384810667", "event_type": "price_change"}}
{"_local_timestamp": "2026-01-25T23:47:09.101338+00:00", "data": {"market": "0xd860e2edf4fb3d85cb4140458cb758b78cce67acbaafd64a66d1b4fe2b808fb8", "price_changes": [{"asset_id": "57381068604841512506391495645220628055784209735095184844617797502280987992030", "price": "0.56", "size": "0", "side": "BUY", "hash": "8648459cfa51c4cc4f34b87b4a1e5f5190580229", "best_bid": "0.57", "best_ask": "0.93"}, {"asset_id": "96614431596047650387733345203259446822775451331085714649688767539829198762701", "price": "0.44", "size": "0", "side": "SELL", "hash": "5d74503393d3483c653e47e9ecfecc86312b1a4f", "best_bid": "0.07", "best_ask": "0.43"}], "timestamp": "1769384829019", "event_type": "price_change"}}
{"_local_timestamp": "2026-01-25T23:47:09.178149+00:00", "data": {"market": "0xd860e2edf4fb3d85cb4140458cb758b78cce67acbaafd64a66d1b4fe2b808fb8", "price_changes": [{"asset_id": "57381068604841512506391495645220628055784209735095184844617797502280987992030", "price": "0.58", "size": "8.62", "side": "BUY", "hash": "f830e1506365717f1958e5464eec0393c3df1263", "best_bid": "0.58", "best_ask": "0.93"}, {"asset_id": "96614431596047650387733345203259446822775451331085714649688767539829198762701", "price": "0.42", "size": "8.62", "side": "SELL", "hash": "0cb5caf4c4b9992c54ec46987db5ecdf66478b81", "best_bid": "0.07", "best_ask": "0.42"}], "timestamp": "1769384829105", "event_type": "price_change"}}
{"_local_timestamp": "2026-01-25T23:47:09.661601+00:00", "data": {"market": "0xd860e2edf4fb3d85cb4140458cb758b78cce67acbaafd64a66d1b4fe2b808fb8", "price_changes": [{"asset_id": "57381068604841512506391495645220628055784209735095184844617797502280987992030", "price": "0.57", "size": "0", "side": "BUY", "hash": "86b4b10912c25a989fd40f93f0ee326742af28d7", "best_bid": "0.58", "best_ask": "0.93"}, {"asset_id": "96614431596047650387733345203259446822775451331085714649688767539829198762701", "price": "0.43", "size": "0", "side": "SELL", "hash": "a6bb055345471e1e973901a22afae571400da73f", "best_bid": "0.07", "best_ask": "0.42"}], "timestamp": "1769384829595", "event_type": "price_change"}}
{"_local_timestamp": "2026-01-25T23:47:09.742353+00:00", "data": {"market": "0xd860e2edf4fb3d85cb4140458cb758b78cce67acbaafd64a66d1b4fe2b808fb8", "price_changes": [{"asset_id": "57381068604841512506391495645220628055784209735095184844617797502280987992030", "price": "0.59", "size": "50", "side": "BUY", "hash": "994c1fff1c9461fd84e5786c26bbb1d02cb01b2e", "best_bid": "0.59", "best_ask": "0.93"}, {"asset_id": "96614431596047650387733345203259446822775451331085714649688767539829198762701", "price": "0.41", "size": "50", "side": "SELL", "hash": "6c38daf3473ed496c0e6cd9230b4688d4d8fe38d", "best_bid": "0.07", "best_ask": "0.41"}], "timestamp": "1769384829673", "event_type": "price_change"}}
{"_local_timestamp": "2026-01-25T23:47:36.647055+00:00", "data": {"market": "0xd860e2edf4fb3d85cb4140458cb758b78cce67acbaafd64a66d1b4fe2b808fb8", "price_changes": [{"asset_id": "57381068604841512506391495645220628055784209735095184844617797502280987992030", "price": "0.58", "size": "0", "side": "BUY", "hash": "77f780b4e8c56082ca99759cb90490bc0166fe0b", "best_bid": "0.59", "best_ask": "0.93"}, {"asset_id": "96614431596047650387733345203259446822775451331085714649688767539829198762701", "price": "0.42", "size": "0", "side": "SELL", "hash": "9c1dbe841944e90aa4ef7ee2f76d61484c2dc772", "best_bid": "0.07", "best_ask": "0.41"}], "timestamp": "1769384856552", "event_type": "price_change"}}
{"_local_timestamp": "2026-01-25T23:47:36.694717+00:00", "data": {"market": "0xd860e2edf4fb3d85cb4140458cb758b78cce67acbaafd64a66d1b4fe2b808fb8", "price_changes": [{"asset_id": "57381068604841512506391495645220628055784209735095184844617797502280987992030", "price": "0.6", "size": "8.33", "side": "BUY", "hash": "8d7160052bb2fd26acc1ee25e6735355fa828faa", "best_bid": "0.6", "best_ask": "0.93"}, {"asset_id": "96614431596047650387733345203259446822775451331085714649688767539829198762701", "price": "0.4", "size": "8.33", "side": "SELL", "hash": "ed21e1f2befeca06f7ea6cc295da57e47d8b4dcf", "best_bid": "0.07", "best_ask": "0.4"}], "timestamp": "1769384856610", "event_type": "price_change"}}
{"_local_timestamp": "2026-01-25T23:47:41.635954+00:00", "data": {"market": "0xd860e2edf4fb3d85cb4140458cb758b78cce67acbaafd64a66d1b4fe2b808fb8", "price_changes": [{"asset_id": "57381068604841512506391495645220628055784209735095184844617797502280987992030", "price": "0.59", "size": "0", "side": "BUY", "hash": "fe4e881c3e5ff665998be535f2777cbd702a37d6", "best_bid": "0.6", "best_ask": "0.93"}, {"asset_id": "96614431596047650387733345203259446822775451331085714649688767539829198762701", "price": "0.41", "size": "0", "side": "SELL", "hash": "3b4d52b3d5dc6f64fa32e78bc1e61082b8e0782b", "best_bid": "0.07", "best_ask": "0.4"}], "timestamp": "1769384861550", "event_type": "price_change"}}
{"_local_timestamp": "2026-01-25T23:47:41.683219+00:00", "data": {"market": "0xd860e2edf4fb3d85cb4140458cb758b78cce67acbaafd64a66d1b4fe2b808fb8", "price_changes": [{"asset_id": "57381068604841512506391495645220628055784209735095184844617797502280987992030", "price": "0.61", "size": "50", "side": "BUY", "hash": "582087ad7f470143b9ea04c9f7d637b449e773b1", "best_bid": "0.61", "best_ask": "0.93"}, {"asset_id": "96614431596047650387733345203259446822775451331085714649688767539829198762701", "price": "0.39", "size": "50", "side": "SELL", "hash": "7bdf54b4f8ec5f184d1081b6bc54fa9011355df2", "best_bid": "0.07", "best_ask": "0.39"}], "timestamp": "1769384861613", "event_type": "price_change"}}
{"_local_timestamp": "2026-01-25T23:48:05.345380+00:00", "data": {"market": "0xd860e2edf4fb3d85cb4140458cb758b78cce67acbaafd64a66d1b4fe2b808fb8", "price_changes": [{"asset_id": "57381068604841512506391495645220628055784209735095184844617797502280987992030", "price": "0.6", "size": "0", "side": "BUY", "hash": "e4b39957ae4a58755b60056e289c8bf42d67def3", "best_bid": "0.61", "best_ask": "0.93"}, {"asset_id": "96614431596047650387733345203259446822775451331085714649688767539829198762701", "price": "0.4", "size": "0", "side": "SELL", "hash": "67849d204b7e6906c76d2c0b099afb64284ee652", "best_bid": "0.07", "best_ask": "0.39"}], "timestamp": "1769384885276", "event_type": "price_change"}}
{"_local_timestamp": "2026-01-25T23:48:05.406301+00:00", "data": {"market": "0xd860e2edf4fb3d85cb4140458cb758b78cce67acbaafd64a66d1b4fe2b808fb8", "price_changes": [{"asset_id": "57381068604841512506391495645220628055784209735095184844617797502280987992030", "price": "0.62", "size": "8.06", "side": "BUY", "hash": "0b494b3a3a15e75e157855410fd512507e86ca4a", "best_bid": "0.62", "best_ask": "0.93"}, {"asset_id": "96614431596047650387733345203259446822775451331085714649688767539829198762701", "price": "0.38", "size": "8.06", "side": "SELL", "hash": "dc325e2b26f4deeafe2301bf380ac6a2632f68e7", "best_bid": "0.07", "best_ask": "0.38"}], "timestamp": "1769384885333", "event_type": "price_change"}}
{"_local_timestamp": "2026-01-25T23:48:19.318979+00:00", "data": {"market": "0xce4aa640ba8444c6dc0ebdf960711c22ba3d643b9d25f8ba979b30224b112315", "price_changes": [{"asset_id": "46482911826883004149674157734503750531218325652123176079475527466906122361950", "price": "0.05", "size": "23.99", "side": "BUY", "hash": "859ebc0f39d4919dd6bf0aba676247473f773241", "best_bid": "0.05", "best_ask": "0.96"}, {"asset_id": "51403139674128123227963931160304481504882829191436564230900942339775324430155", "price": "0.95", "size": "23.99", "side": "SELL", "hash": "b3912a0b62b2e889a6e08cc24d2e030488e32832", "best_bid": "0.04", "best_ask": "0.95"}], "timestamp": "1769384899251", "event_type": "price_change"}}
{"_local_timestamp": "2026-01-25T23:48:21.765809+00:00", "data": {"market": "0xce4aa640ba8444c6dc0ebdf960711c22ba3d643b9d25f8ba979b30224b112315", "price_changes": [{"asset_id": "46482911826883004149674157734503750531218325652123176079475527466906122361950", "price": "0.04", "size": "0", "side": "BUY", "hash": "fe222410dca09f53bfff6300348a075d120b942f", "best_bid": "0.05", "best_ask": "0.96"}, {"asset_id": "51403139674128123227963931160304481504882829191436564230900942339775324430155", "price": "0.96", "size": "0", "side": "SELL", "hash": "46153b1b046d092a940202c13c81a0751358ab59", "best_bid": "0.04", "best_ask": "0.95"}], "timestamp": "1769384901682", "event_type": "price_change"}}
{"_local_timestamp": "2026-01-25T23:48:22.464270+00:00", "data": {"market": "0xce4aa640ba8444c6dc0ebdf960711c22ba3d643b9d25f8ba979b30224b112315", "price_changes": [{"asset_id": "46482911826883004149674157734503750531218325652123176079475527466906122361950", "price": "0.06", "size": "5.47", "side": "BUY", "hash": "f1a41ccf14f687306a46f56122af92252bb11928", "best_bid": "0.06", "best_ask": "0.96"}, {"asset_id": "51403139674128123227963931160304481504882829191436564230900942339775324430155", "price": "0.94", "size": "5.47", "side": "SELL", "hash": "efbbcfcc6d9e3b8a6ba30488daac20e9caedf946", "best_bid": "0.04", "best_ask": "0.94"}], "timestamp": "1769384902400", "event_type": "price_change"}}
{"_local_timestamp": "2026-01-25T23:48:59.514188+00:00", "data": {"market": "0xd860e2edf4fb3d85cb4140458cb758b78cce67acbaafd64a66d1b4fe2b808fb8", "price_changes": [{"asset_id": "96614431596047650387733345203259446822775451331085714649688767539829198762701", "price": "0.01", "size": "180", "side": "BUY", "hash": "e82a4cb2a90a0bbc37c2ba4a98806c771af394d5", "best_bid": "0.07", "best_ask": "0.38"}, {"asset_id": "57381068604841512506391495645220628055784209735095184844617797502280987992030", "price": "0.99", "size": "180", "side": "SELL", "hash": "a092bd65f81e14fa3146245fac2e34c4abfe244f", "best_bid": "0.62", "best_ask": "0.93"}], "timestamp": "1769384939446", "event_type": "price_change"}}
{"_local_timestamp": "2026-01-25T23:48:59.515016+00:00", "data": {"market": "0xce4aa640ba8444c6dc0ebdf960711c22ba3d643b9d25f8ba979b30224b112315", "price_changes": [{"asset_id": "46482911826883004149674157734503750531218325652123176079475527466906122361950", "price": "0.01", "size": "247.31", "side": "BUY", "hash": "62c7f4aae95edb9a60981de20c03edd9872ec194", "best_bid": "0.06", "best_ask": "0.96"}, {"asset_id": "51403139674128123227963931160304481504882829191436564230900942339775324430155", "price": "0.99", "size": "247.31", "side": "SELL", "hash": "59b17e1388aa234cbb9893fddf4e78266aa59232", "best_bid": "0.04", "best_ask": "0.94"}], "timestamp": "1769384939446", "event_type": "price_change"}}
{"_local_timestamp": "2026-01-25T23:48:59.515553+00:00", "data": {"market": "0xce4aa640ba8444c6dc0ebdf960711c22ba3d643b9d25f8ba979b30224b112315", "price_changes": [{"asset_id": "46482911826883004149674157734503750531218325652123176079475527466906122361950", "price": "0.03", "size": "9.79", "side": "BUY", "hash": "62c7f4aae95edb9a60981de20c03edd9872ec194", "best_bid": "0.06", "best_ask": "0.96"}, {"asset_id": "51403139674128123227963931160304481504882829191436564230900942339775324430155", "price": "0.97", "size": "9.79", "side": "SELL", "hash": "59b17e1388aa234cbb9893fddf4e78266aa59232", "best_bid": "0.04", "best_ask": "0.94"}], "timestamp": "1769384939446", "event_type": "price_change"}}
{"_local_timestamp": "2026-01-25T23:49:00.323670+00:00", "data": {"market": "0xce4aa640ba8444c6dc0ebdf960711c22ba3d643b9d25f8ba979b30224b112315", "price_changes": [{"asset_id": "46482911826883004149674157734503750531218325652123176079475527466906122361950", "price": "0.04", "size": "6.86", "side": "BUY", "hash": "e42df8075ba586fc12c5e08220f33353a8b665a1", "best_bid": "0.06", "best_ask": "0.96"}, {"asset_id": "51403139674128123227963931160304481504882829191436564230900942339775324430155", "price": "0.96", "size": "6.86", "side": "SELL", "hash": "b6489a19b9ecf3a8d6599694faacccd8bcd06b70", "best_bid": "0.04", "best_ask": "0.94"}], "timestamp": "1769384940256", "event_type": "price_change"}}
{"_local_timestamp": "2026-01-25T23:49:00.324278+00:00", "data": {"market": "0xd860e2edf4fb3d85cb4140458cb758b78cce67acbaafd64a66d1b4fe2b808fb8", "price_changes": [{"asset_id": "96614431596047650387733345203259446822775451331085714649688767539829198762701", "price": "0.01", "size": "194.55", "side": "BUY", "hash": "8b6b14f2649095697819d3488800ed2abb820622", "best_bid": "0.07", "best_ask": "0.38"}, {"asset_id": "57381068604841512506391495645220628055784209735095184844617797502280987992030", "price": "0.99", "size": "194.55", "side": "SELL", "hash": "d7e579b5fb280f988c22063f603c5c02496e7a82", "best_bid": "0.62", "best_ask": "0.93"}], "timestamp": "1769384940257", "event_type": "price_change"}}
{"_local_timestamp": "2026-01-25T23:49:00.324823+00:00", "data": {"market": "0xce4aa640ba8444c6dc0ebdf960711c22ba3d643b9d25f8ba979b30224b112315", "price_changes": [{"asset_id": "46482911826883004149674157734503750531218325652123176079475527466906122361950", "price": "0.02", "size": "93.43", "side": "BUY", "hash": "c1811f28e43a61bee97aea3e37b57baa19dd9e33", "best_bid": "0.06", "best_ask": "0.96"}, {"asset_id": "51403139674128123227963931160304481504882829191436564230900942339775324430155", "price": "0.98", "size": "93.43", "side": "SELL", "hash": "3aa6e9ea1e9fb568feb2cf91b6e18ee795c97d2f", "best_bid": "0.04", "best_ask": "0.94"}], "timestamp": "1769384940257", "event_type": "price_change"}}
