{"_local_timestamp": "2026-01-25T23:41:32.311868+00:00", "data": [{"market": "0xdcd3f5878b23cba53d6239871022ae085802440b4bc5465839d300fffbd618c4", "asset_id": "87942465328168326484853352952774455826302774919549721030666880526554837074614", "timestamp": "1769379728703", "hash": "6e1965c154eb9a182f6fb347b1df45bd97a5c29b", "bids": [{"price": "0.01", "size": "176.9"}, {"price": "0.02", "size": "262.79"}, {"price": "0.03", "size": "15.83"}], "asks": [{"price": "0.99", "size": "168.81"}, {"price": "0.98", "size": "96.94"}, {"price": "0.97", "size": "21.09"}, {"price": "0.96", "size": "5.47"}], "event_type": "book", "last_trade_price": ""}, {"market": "0x9b75a8ecbed8903052af29733d423c95dfd6e9a5043d9619daf460dec92d7c4c", "asset_id": "70476440889463739679556887499635877510302526923725015324006383774924664976289", "timestamp": "1769379286020", "hash": "a7a59af3e962a4c2d24c27c90722a1211b263247", "bids": [{"price": "0.01", "size": "155.84"}, {"price": "0.02", "size": "47.07"}, {"price": "0.14", "size": "300"}, {"price": "0.16", "size": "200"}, {"price": "0.17", "size": "187"}, {"price": "0.18", "size": "75"}, {"price": "0.35", "size": "60"}], "asks": [{"price": "0.99", "size": "157.71"}, {"price": "0.98", "size": "22.21"}, {"price": "0.93", "size": "305.47"}, {"price": "0.92", "size": "200"}, {"price": "0.91", "size": "192.31"}, {"price": "0.9", "size": "75"}, {"price": "0.81", "size": "50"}], "event_type": "book", "last_trade_price": ""}, {"market": "0x740e1ec854ba8f5c3c405b65cef1335c45e4ac438c3875390151e67acd5a6ad8", "asset_id": "93613318578969311489122093135873494531342048250382046209717930311706320987050", "timestamp": "1769381004891", "hash": "8d95b9836333204416f4b5e2f6a4d38c6b1fd6e3", "bids": [{"price": "0.01", "size": "176.9"}, {"price": "0.02", "size": "100.79"}, {"price": "0.03", "size": "21.3"}], "asks": [{"price": "0.99", "size": "178.4"}, {"price": "0.98", "size": "96.31"}, {"price": "0.97", "size": "18.32"}], "event_type": "book", "last_trade_price": ""}, {"market": "0xc7fd259d5f6c3d88e6ee9fc7d7b851d6ceabe46900c6c2df8444daa9f47935f3", "asset_id": "41315854486811824927093644081318078056235766182126101406539320740708648573280", "timestamp": "1769379726996", "hash": "9466ceef8befd6696bae894508328e08ca4a73f5", "bids": [{"price": "0.01", "size": "176.9"}, {"price": "0.02", "size": "104.79"}, {"price": "0.03", "size": "15.83"}], "asks": [{"price": "0.99", "size": "176.9"}, {"price": "0.98", "size": "100.79"}, {"price": "0.97", "size": "21.3"}], "event_type": "book", "last_trade_price": ""}, {"market": "0x6097fd780b4cd6cd3ddf76bfce70969356784e5f524503a273df7a7832b11ad0", "asset_id": "109222955435826855597491464826328681254324056620758447441717695345523076663395", "timestamp": "1769379726004", "hash": "a6321a80bc63a9526967b195f4e872a8f64ec563", "bids": [{"price": "0.01", "size": "176.9"}, {"price": "0.02", "size": "100.79"}, {"price": "0.03", "size": "21.3"}], "asks": [{"price": "0.99", "size": "176.9"}, {"price": "0.98", "size": "103.79"}, {"price": "0.97", "size": "15.83"}], "event_type": "book", "last_trade_price": ""}, {"market": "0xc7fd259d5f6c3d88e6ee9fc7d7b851d6ceabe46900c6c2df8444daa9f47935f3", "asset_id": "25874359165117401304717506417067923928417087068732281960146351491524651969983", "timestamp": "1769379726996", "hash": "e8a5a85af065b70972915443b6c48cb5847f45f7", "bids": [{"price": "0.01", "size": "176.9"}, {"price": "0.02", "size": "100.79"}, {"price": "0.03", "size": "21.3"}], "asks": [{"price": "0.99", "size": "176.9"}, {"price": "0.98", "size": "104.79"}, {"price": "0.97", "size": "15.83"}], "event_type": "book", "last_trade_price": ""}, {"market": "0xdcd3f5878b23cba53d6239871022ae085802440b4bc5465839d300fffbd618c4", "asset_id": "27180993074775529221086507631220773151912309976264948332683663983748918662824", "timestamp": "1769379728703", "hash": "bff29f20e8e1da3a05f71de33849324ab433e369", "bids": [{"price": "0.01", "size": "168.81"}, {"price": "0.02", "size": "96.94"}, {"price": "0.03", "size": "21.09"}, {"price": "0.04", "size": "5.47"}], "asks": [{"price": "0.99", "size": "176.9"}, {"price": "0.98", "size": "262.79"}, {"price": "0.97", "size": "15.83"}], "event_type": "book", "last_trade_price": ""}, {"market": "0x012e62d9a3727b57ea56b4c2d82e7e9b0a78222ed788f75fcc8db525c9913962", "asset_id": "20739554287710726603379749993577332827239751573622448097903919586796611689612", "timestamp": "1769379726996", "hash": "744f15ccea48cb86461a0dd2e69c109a9d209239", "bids": [{"price": "0.01", "size": "176.9"}, {"price": "0.02", "size": "100.79"}, {"price": "0.03", "size": "21.3"}], "asks": [{"price": "0.99", "size": "176.9"}, {"price": "0.98", "size": "262.79"}, {"price": "0.97", "size": "15.83"}], "event_type": "book", "last_trade_price": ""}, {"market": "0x2395d737b17a5ea6733cdaf5bcce2da01de632a3262dea19af5ac41baea983fc", "asset_id": "85535199092128338768800895674565743703080314930871941187647970064721144802844", "timestamp": "1769379725968", "hash": "ba5d5f4cce1626215d447932011c93ea7dd44ff2", "bids": [{"price": "0.01", "size": "176.9"}, {"price": "0.02", "size": "103.79"}, {"price": "0.03", "size": "15.83"}], "asks": [{"price": "0.99", "size": "176.9"}, {"price": "0.98", "size": "100.79"}, {"price": "0.97", "size": "21.3"}], "event_type": "book", "last_trade_price": ""}, {"market": "0x2395d737b17a5ea6733cdaf5bcce2da01de632a3262dea19af5ac41baea983fc", "asset_id": "544870886525169809242243863724887167138421965482063633578190651615299174992", "timestamp": "1769379725968", "hash": "d14f69d881724abff957f600358539d753176451", "bids": [{"price": "0.01", "size": "176.9"}, {"price": "0.02", "size": "100.79"}, {"price": "0.03", "size": "21.3"}], "asks": [{"price": "0.99", "size": "176.9"}, {"price": "0.98", "size": "103.79"}, {"price": "0.97", "size": "15.83"}], "event_type": "book", "last_trade_price": ""}, {"market": "0xb22d842e165e87daf6ab8ed2c100a95016301f9b17199b3b60c6a7916b09ccc8", "asset_id": "47044418862507768318040970800712513327899032388668317225845553728583521291632", "timestamp": "1769379728703", "hash": "5484e9b2c6a69092058af1b2b480fe51e2cd3dab", "bids": [{"price": "0.01", "size": "176.9"}, {"price": "0.02", "size": "103.79"}, {"price": "0.03", "size": "15.83"}], "asks": [{"price": "0.99", "size": "168.81"}, {"price": "0.98", "size": "96.94"}, {"price": "0.97", "size": "21.09"}, {"price": "0.96", "size": "5.47"}], "event_type": "book", "last_trade_price": ""}, {"market": "0x740e1ec854ba8f5c3c405b65cef1335c45e4ac438c3875390151e67acd5a6ad8", "asset_id": "74146526687712562298083149862514632517577167708447158707612680310723336856855", "timestamp": "1769381004891", "hash": "ef7138e74d42f73eb640f24a543d6a45c1c6047c", "bids": [{"price": "0.01", "size": "178.4"}, {"price": "0.02", "size": "96.31"}, {"price": "0.03", "size": "18.32"}], "asks": [{"price": "0.99", "size": "176.9"}, {"price": "0.98", "size": "100.79"}, {"price": "0.97", "size": "21.3"}], "event_type": "book", "last_trade_price": ""}, {"market": "0xb22d842e165e87daf6ab8ed2c100a95016301f9b17199b3b60c6a7916b09ccc8", "asset_id": "74873514326110953318815846735041799783534868586900591423711117411539423685399", "timestamp": "1769379728703", "hash": "5f1fa5dcbb823ce6b759f56d1babfe21bcae90d0", "bids": [{"price": "0.01", "size": "168.81"}, {"price": "0.02", "size": "96.94"}, {"price": "0.03", "size": "21.09"}, {"price": "0.04", "size": "5.47"}], "asks": [{"price": "0.99", "size": "176.9"}, {"price": "0.98", "size": "103.79"}, {"price": "0.97", "size": "15.83"}], "event_type": "book", "last_trade_price": ""}, {"market": "0x012e62d9a3727b57ea56b4c2d82e7e9b0a78222ed788f75fcc8db525c9913962", "asset_id": "83059478547555919445004728151043569191034372937082540803329509218142774941933", "timestamp": "1769379726996", "hash": "d4cf6b54528054b3f38eb1ddc03f22a43876716a", "bids": [{"price": "0.01", "size": "176.9"}, {"price": "0.02", "size": "262.79"}, {"price": "0.03", "size": "15.83"}], "asks": [{"price": "0.99", "size": "176.9"}, {"price": "0.98", "size": "100.79"}, {"price": "0.97", "size": "21.3"}], "event_type": "book", "last_trade_price": ""}, {"market": "0x9b75a8ecbed8903052af29733d423c95dfd6e9a5043d9619daf460dec92d7c4c", "asset_id": "10785257318836499685947521523795440083409599869391823288459723263308681040821", "timestamp": "1769379286020", "hash": "ac219ab9e86d420034ad008e5bd8ffdccd27b4da", "bids": [{"price": "0.01", "size": "157.71"}, {"price": "0.02", "size": "22.21"}, {"price": "0.07", "size": "305.47"}, {"price": "0.08", "size": "200"}, {"price": "0.09", "size": "192.31"}, {"price": "0.1", "size": "75"}, {"price": "0.19", "size": "50"}], "asks": [{"price": "0.99", "size": "155.84"}, {"price": "0.98", "size": "47.07"}, {"price": "0.86", "size": "300"}, {"price": "0.84", "size": "200"}, {"price": "0.83", "size": "187"}, {"price": "0.82", "size": "75"}, {"price": "0.65", "size": "60"}], "event_type": "book", "last_trade_price": ""}, {"market": "0x6097fd780b4cd6cd3ddf76bfce70969356784e5f524503a273df7a7832b11ad0", "asset_id": "14356863940767395927444573303401266876623672587469377042220978678251664165186", "timestamp": "1769379726004", "hash": "e51c6d1f68d6ef823c177ef681d2a2c8028e3f01", "bids": [{"price": "0.01", "size": "176.9"}, {"price": "0.02", "size": "103.79"}, {"price": "0.03", "size": "15.83"}], "asks": [{"price": "0.99", "size": "176.9"}, {"price": "0.98", "size": "100.79"}, {"price": "0.97", "size": "21.3"}], "event_type": "book", "last_trade_price": ""}]}
