{"_local_timestamp": "2026-01-25T23:34:26.564078+00:00", "data": [{"market": "0x7123eff2e648599be78cb1e322ebcbf8ad4667ec9e8d9c64d6530e34386e3bbf", "asset_id": "101536950166807510023577921810887956847802873829897163239884268062277104907475", "timestamp": "1769383983131", "hash": "1772d357a7cd0591e87c615454d5b0aa95b15dfc", "bids": [{"price": "0.01", "size": "256.41"}, {"price": "0.02", "size": "130.03"}, {"price": "0.03", "size": "20.84"}, {"price": "0.05", "size": "23.99"}, {"price": "0.06", "size": "5.47"}], "asks": [{"price": "0.99", "size": "255.04"}, {"price": "0.98", "size": "144.48"}, {"price": "0.97", "size": "18.99"}, {"price": "0.96", "size": "29.99"}], "event_type": "book", "last_trade_price": ""}, {"market": "0xcbe26dac5d8ea8d7643f8b01bbf24a9f4caa824fc34839e3a2af77f83a4310ee", "asset_id": "55122906176359653094995934527954687454287405058308208447243704357472428153951", "timestamp": "1769383983131", "hash": "572eb2a5b14ee2b83048467126cbfb71f2746d5b", "bids": [{"price": "0.01", "size": "203.26"}, {"price": "0.02", "size": "114.03"}, {"price": "0.03", "size": "20.89"}, {"price": "0.05", "size": "23.99"}, {"price": "0.06", "size": "5.47"}], "asks": [{"price": "0.99", "size": "202.04"}, {"price": "0.98", "size": "260.48"}, {"price": "0.97", "size": "18.99"}, {"price": "0.96", "size": "29.99"}], "event_type": "book", "last_trade_price": ""}, {"market": "0xbafb91f413a00a1baf52f53882be02a209a83431d58e4ad02f8085527d49a36f", "asset_id": "54207126562344211539601313371670415742332390424740193425130980770867371550656", "timestamp": "1769383983130", "hash": "5fc0c91db69cee282b4d607d0cc90d8d73770612", "bids": [{"price": "0.01", "size": "203.97"}, {"price": "0.02", "size": "97.03"}, {"price": "0.03", "size": "20.65"}, {"price": "0.05", "size": "23.99"}, {"price": "0.06", "size": "5.47"}], "asks": [{"price": "0.99", "size": "202.04"}, {"price": "0.98", "size": "117.48"}, {"price": "0.97", "size": "18.99"}, {"price": "0.96", "size": "29.99"}], "event_type": "book", "last_trade_price": ""}, {"market": "0x717f3a1785a55f5bbaddf310060584cad2f17a26bf74eeba914cdbb8ae355e1e", "asset_id": "26108569753018008234471828957983295113511999084185971218782038848426852045613", "timestamp": "1769383983130", "hash": "071f31c18a4a1e91f1197e4da499a27e037f7082", "bids": [{"price": "0.01", "size": "255.04"}, {"price": "0.02", "size": "144.48"}, {"price": "0.03", "size": "18.99"}, {"price": "0.04", "size": "29.99"}], "asks": [{"price": "0.99", "size": "256.26"}, {"price": "0.98", "size": "123.03"}, {"price": "0.97", "size": "20.89"}, {"price": "0.95", "size": "23.99"}, {"price": "0.94", "size": "5.47"}], "event_type": "book", "last_trade_price": ""}, {"market": "0x7123eff2e648599be78cb1e322ebcbf8ad4667ec9e8d9c64d6530e34386e3bbf", "asset_id": "32562343541408406699661373275217468188526054342665751391496009915480960484520", "timestamp": "1769383983131", "hash": "2ddae124e24739b8d5d2323e846cc7ae939c83f1", "bids": [{"price": "0.01", "size": "255.04"}, {"price": "0.02", "size": "144.48"}, {"price": "0.03", "size": "18.99"}, {"price": "0.04", "size": "29.99"}], "asks": [{"price": "0.99", "size": "256.41"}, {"price": "0.98", "size": "130.03"}, {"price": "0.97", "size": "20.84"}, {"price": "0.95", "size": "23.99"}, {"price": "0.94", "size": "5.47"}], "event_type": "book", "last_trade_price": ""}, {"market": "0x60ff3546a359e230ae29faf273e47eab451e690daa0ca46cc7271515857c1ab1", "asset_id": "24584982300878001539928709365210716161468024624689478796045917110369304466673", "timestamp": "1769383759096", "hash": "3124df992fd116a8d78f1ca091e3380aa737adb8", "bids": [{"price": "0.01", "size": "203.26"}, {"price": "0.02", "size": "103.03"}, {"price": "0.03", "size": "20.89"}, {"price": "0.04", "size": "5.47"}], "asks": [{"price": "0.99", "size": "202.04"}, {"price": "0.98", "size": "260.48"}, {"price": "0.97", "size": "18.99"}, {"price": "0.96", "size": "29.99"}], "event_type": "book", "last_trade_price": ""}, {"market": "0xbafb91f413a00a1baf52f53882be02a209a83431d58e4ad02f8085527d49a36f", "asset_id": "66167640259686186798126386613211623841620698626025144134043781171010671349762", "timestamp": "1769383983130", "hash": "a7244e5cfb076423a1324d1ab27d6986a6b2bf95", "bids": [{"price": "0.01", "size": "202.04"}, {"price": "0.02", "size": "117.48"}, {"price": "0.03", "size": "18.99"}, {"price": "0.04", "size": "29.99"}], "asks": [{"price": "0.99", "size": "203.97"}, {"price": "0.98", "size": "97.03"}, {"price": "0.97", "size": "20.65"}, {"price": "0.95", "size": "23.99"}, {"price": "0.94", "size": "5.47"}], "event_type": "book", "last_trade_price": ""}, {"market": "0xe999a6afc59379d3ef7289c9aa0a3773f3d6c39cf0b03b064cd914461c63cbf2", "asset_id": "96688462818236934338305335256900431297726874963808925651959894479489821865160", "timestamp": "1769383983078", "hash": "ccdf15870a540229b62a63cfcf0acd7c35d46444", "bids": [{"price": "0.01", "size": "202.04"}, {"price": "0.02", "size": "111.48"}, {"price": "0.03", "size": "18.99"}, {"price": "0.04", "size": "29.99"}], "asks": [{"price": "0.99", "size": "203.26"}, {"price": "0.98", "size": "103.03"}, {"price": "0.97", "size": "20.89"}, {"price": "0.95", "size": "23.99"}, {"price": "0.94", "size": "5.47"}], "event_type": "book", "last_trade_price": ""}, {"market": "0x717f3a1785a55f5bbaddf310060584cad2f17a26bf74eeba914cdbb8ae355e1e", "asset_id": "104088756974692642032091665551525795631344131675382276569412664067005955375326", "timestamp": "1769383983130", "hash": "305213eb24bc23bbc5a343f1056d5848dc44b7b8", "bids": [{"price": "0.01", "size": "256.26"}, {"price": "0.02", "size": "123.03"}, {"price": "0.03", "size": "20.89"}, {"price": "0.05", "size": "23.99"}, {"price": "0.06", "size": "5.47"}], "asks": [{"price": "0.99", "size": "255.04"}, {"price": "0.98", "size": "144.48"}, {"price": "0.97", "size": "18.99"}, {"price": "0.96", "size": "29.99"}], "event_type": "book", "last_trade_price": ""}, {"market": "0xb626549ae7a8036373df771ac954de44b73c89c873a72e2979414823f9bce522", "asset_id": "85549117172953211832744962618064584576076661526580550468764967906505705282147", "timestamp": "1769379359691", "hash": "ff98e086052820eda8b34e5858647498e00f0897", "bids": [{"price": "0.01", "size": "186.83"}, {"price": "0.02", "size": "14.74"}, {"price": "0.04", "size": "500"}, {"price": "0.05", "size": "200"}, {"price": "0.06", "size": "100"}, {"price": "0.07", "size": "14.56"}, {"price": "0.24", "size": "50"}], "asks": [{"price": "0.99", "size": "186.03"}, {"price": "0.98", "size": "46.98"}, {"price": "0.89", "size": "300"}, {"price": "0.88", "size": "200"}, {"price": "0.87", "size": "125"}, {"price": "0.86", "size": "137"}, {"price": "0.69", "size": "10"}, {"price": "0.68", "size": "30"}], "event_type": "book", "last_trade_price": "0.320"}, {"market": "0xe999a6afc59379d3ef7289c9aa0a3773f3d6c39cf0b03b064cd914461c63cbf2", "asset_id": "59657358153773333162567185170957473344706870114036258477440995352076259982860", "timestamp": "1769383983078", "hash": "3cdb9f2052f3d8f4cc695e0dc06a100b6a4e38a5", "bids": [{"price": "0.01", "size": "203.26"}, {"price": "0.02", "size": "103.03"}, {"price": "0.03", "size": "20.89"}, {"price": "0.05", "size": "23.99"}, {"price": "0.06", "size": "5.47"}], "asks": [{"price": "0.99", "size": "202.04"}, {"price": "0.98", "size": "111.48"}, {"price": "0.97", "size": "18.99"}, {"price": "0.96", "size": "29.99"}], "event_type": "book", "last_trade_price": ""}, {"market": "0x537ddbf2e407064bd820f28b87a49b9c181a8621eda510782d84c2470b016cd2", "asset_id": "38942064125977024131823973913740157899823760836807970878832581072988853342346", "timestamp": "1769383983078", "hash": "cf8e2fa36255c4fb98e1533f6c772c1345016359", "bids": [{"price": "0.01", "size": "203.72"}, {"price": "0.02", "size": "104.03"}, {"price": "0.03", "size": "20.73"}, {"price": "0.05", "size": "23.99"}, {"price": "0.06", "size": "5.47"}], "asks": [{"price": "0.99", "size": "202.04"}, {"price": "0.98", "size": "111.48"}, {"price": "0.97", "size": "18.99"}, {"price": "0.96", "size": "29.99"}], "event_type": "book", "last_trade_price": ""}, {"market": "0xb626549ae7a8036373df771ac954de44b73c89c873a72e2979414823f9bce522", "asset_id": "46467863936858419468346217825931853962205875623312098468297143706345437620819", "timestamp": "1769379359691", "hash": "b6768876c63c03fc28cc6f1df12c196d0bd6e36c", "bids": [{"price": "0.01", "size": "186.03"}, {"price": "0.02", "size": "46.98"}, {"price": "0.11", "size": "300"}, {"price": "0.12", "size": "200"}, {"price": "0.13", "size": "125"}, {"price": "0.14", "size": "137"}, {"price": "0.31", "size": "10"}, {"price": "0.32", "size": "30"}], "asks": [{"price": "0.99", "size": "186.83"}, {"price": "0.98", "size": "14.74"}, {"price": "0.96", "size": "500"}, {"price": "0.95", "size": "200"}, {"price": "0.94", "size": "100"}, {"price": "0.93", "size": "14.56"}, {"price": "0.76", "size": "50"}], "event_type": "book", "last_trade_price": "0.320"}, {"market": "0xcbe26dac5d8ea8d7643f8b01bbf24a9f4caa824fc34839e3a2af77f83a4310ee", "asset_id": "80120840888832805216723819356904181501448301561766234391241904548089235650968", "timestamp": "1769383983131", "hash": "c58343e9b5f09ffe8e019a8d974ff1cdbff09202", "bids": [{"price": "0.01", "size": "202.04"}, {"price": "0.02", "size": "260.48"}, {"price": "0.03", "size": "18.99"}, {"price": "0.04", "size": "29.99"}], "asks": [{"price": "0.99", "size": "203.26"}, {"price": "0.98", "size": "114.03"}, {"price": "0.97", "size": "20.89"}, {"price": "0.95", "size": "23.99"}, {"price": "0.94", "size": "5.47"}], "event_type": "book", "last_trade_price": ""}, {"market": "0x537ddbf2e407064bd820f28b87a49b9c181a8621eda510782d84c2470b016cd2", "asset_id": "55623942719986028231692778125450351946098201151132092414582976066689107563014", "timestamp": "1769383983078", "hash": "e4ad65375996bc42fe69ec2520ecaf3537088fe3", "bids": [{"price": "0.01", "size": "202.04"}, {"price": "0.02", "size": "111.48"}, {"price": "0.03", "size": "18.99"}, {"price": "0.04", "size": "29.99"}], "asks": [{"price": "0.99", "size": "203.72"}, {"price": "0.98", "size": "104.03"}, {"price": "0.97", "size": "20.73"}, {"price": "0.95", "size": "23.99"}, {"price": "0.94", "size": "5.47"}], "event_type": "book", "last_trade_price": ""}, {"market": "0x60ff3546a359e230ae29faf273e47eab451e690daa0ca46cc7271515857c1ab1", "asset_id": "11094779214421599853808775564262881602431098901633146147312770304479242434546", "timestamp": "1769383759096", "hash": "e07ecbaca207e13462f80c6020bc413ab5a4b228", "bids": [{"price": "0.01", "size": "202.04"}, {"price": "0.02", "size": "260.48"}, {"price": "0.03", "size": "18.99"}, {"price": "0.04", "size": "29.99"}], "asks": [{"price": "0.99", "size": "203.26"}, {"price": "0.98", "size": "103.03"}, {"price": "0.97", "size": "20.89"}, {"price": "0.96", "size": "5.47"}], "event_type": "book", "last_trade_price": ""}]}
{"_local_timestamp": "2026-01-25T23:34:34.244343+00:00", "data": {"market": "0x717f3a1785a55f5bbaddf310060584cad2f17a26bf74eeba914cdbb8ae355e1e", "price_changes": [{"asset_id": "104088756974692642032091665551525795631344131675382276569412664067005955375326", "price": "0.05", "size": "0", "side": "BUY", "hash": "c95f7c25c0bd87c2c34260bc8e47eaefe29ec802", "best_bid": "0.06", "best_ask": "0.96"}, {"asset_id": "26108569753018008234471828957983295113511999084185971218782038848426852045613", "price": "0.95", "size": "0", "side": "SELL", "hash": "795cf2f51d960f84d9343c7240f66715830b20a6", "best_bid": "0.04", "best_ask": "0.94"}], "timestamp": "1769384074174", "event_type": "price_change"}}
{"_local_timestamp": "2026-01-25T23:34:34.343523+00:00", "data": {"market": "0xcbe26dac5d8ea8d7643f8b01bbf24a9f4caa824fc34839e3a2af77f83a4310ee", "price_changes": [{"asset_id": "55122906176359653094995934527954687454287405058308208447243704357472428153951", "price": "0.05", "size": "0", "side": "BUY", "hash": "c587e039486f3fb117d0b701a722df5861ca5bc1", "best_bid": "0.06", "best_ask": "0.96"}, {"asset_id": "80120840888832805216723819356904181501448301561766234391241904548089235650968", "price": "0.95", "size": "0", "side": "SELL", "hash": "66fe6b5511793567cf7cb4475b5626fce29a7ab6", "best_bid": "0.04", "best_ask": "0.94"}], "timestamp": "1769384074278", "event_type": "price_change"}}
{"_local_timestamp": "2026-01-25T23:34:34.345569+00:00", "data": {"market": "0xbafb91f413a00a1baf52f53882be02a209a83431d58e4ad02f8085527d49a36f", "price_changes": [{"asset_id": "54207126562344211539601313371670415742332390424740193425130980770867371550656", "price": "0.05", "size": "0", "side": "BUY", "hash": "3711c3a1e969370efd7a1bdd33b372e0d365e254", "best_bid": "0.06", "best_ask": "0.96"}, {"asset_id": "66167640259686186798126386613211623841620698626025144134043781171010671349762", "price": "0.95", "size": "0", "side": "SELL", "hash": "a642c2117bab01cc467f41e4c2749475a7fe9c1b", "best_bid": "0.04", "best_ask": "0.94"}], "timestamp": "1769384074278", "event_type": "price_change"}}
{"_local_timestamp": "2026-01-25T23:34:34.346635+00:00", "data": {"market": "0x7123eff2e648599be78cb1e322ebcbf8ad4667ec9e8d9c64d6530e34386e3bbf", "price_changes": [{"asset_id": "101536950166807510023577921810887956847802873829897163239884268062277104907475", "price": "0.05", "size": "0", "side": "BUY", "hash": "1f7892dd0e78be310b30b290cc4a8e1d8daa430a", "best_bid": "0.06", "best_ask": "0.96"}, {"asset_id": "32562343541408406699661373275217468188526054342665751391496009915480960484520", "price": "0.95", "size": "0", "side": "SELL", "hash": "ddd4452b144ddfb77df89752326023ac21d00302", "best_bid": "0.04", "best_ask": "0.94"}], "timestamp": "1769384074278", "event_type": "price_change"}}
{"_local_timestamp": "2026-01-25T23:34:34.451328+00:00", "data": {"market": "0xe999a6afc59379d3ef7289c9aa0a3773f3d6c39cf0b03b064cd914461c63cbf2", "price_changes": [{"asset_id": "59657358153773333162567185170957473344706870114036258477440995352076259982860", "price": "0.05", "size": "0", "side": "BUY", "hash": "16d02e45201072eec5517175018775055aa4a030", "best_bid": "0.06", "best_ask": "0.96"}, {"asset_id": "96688462818236934338305335256900431297726874963808925651959894479489821865160", "price": "0.95", "size": "0", "side": "SELL", "hash": "a05005734746af66b0293d16cfa4d27c3ac4a9ca", "best_bid": "0.04", "best_ask": "0.94"}], "timestamp": "1769384074376", "event_type": "price_change"}}
{"_local_timestamp": "2026-01-25T23:34:34.453459+00:00", "data": {"market": "0x537ddbf2e407064bd820f28b87a49b9c181a8621eda510782d84c2470b016cd2", "price_changes": [{"asset_id": "38942064125977024131823973913740157899823760836807970878832581072988853342346", "price": "0.05", "size": "0", "side": "BUY", "hash": "21d3a4ef2310ca308c1b1d44db654e5dcd0aab9a", "best_bid": "0.06", "best_ask": "0.96"}, {"asset_id": "55623942719986028231692778125450351946098201151132092414582976066689107563014", "price": "0.95", "size": "0", "side": "SELL", "hash": "e74133b0cf358cbb138596da710bdc55005be47e", "best_bid": "0.04", "best_ask": "0.94"}], "timestamp": "1769384074376", "event_type": "price_change"}}
{"_local_timestamp": "2026-01-25T23:34:35.130525+00:00", "data": {"market": "0xbafb91f413a00a1baf52f53882be02a209a83431d58e4ad02f8085527d49a36f", "price_changes": [{"asset_id": "54207126562344211539601313371670415742332390424740193425130980770867371550656", "price": "0.06", "size": "0", "side": "BUY", "hash": "fd1078b7e044d05aff7667f0389ef6a284cca8c6", "best_bid": "0.03", "best_ask": "0.96"}, {"asset_id": "66167640259686186798126386613211623841620698626025144134043781171010671349762", "price": "0.94", "size": "0", "side": "SELL", "hash": "8421654173da44967bb4c677f7c6aff154ca82d4", "best_bid": "0.04", "best_ask": "0.97"}], "timestamp": "1769384075057", "event_type": "price_change"}}
{"_local_timestamp": "2026-01-25T23:34:35.131273+00:00", "data": {"market": "0xe999a6afc59379d3ef7289c9aa0a3773f3d6c39cf0b03b064cd914461c63cbf2", "price_changes": [{"asset_id": "59657358153773333162567185170957473344706870114036258477440995352076259982860", "price": "0.06", "size": "0", "side": "BUY", "hash": "33faabb4a2e261c4db8d76b32711477e95eabb87", "best_bid": "0.03", "best_ask": "0.96"}, {"asset_id": "96688462818236934338305335256900431297726874963808925651959894479489821865160", "price": "0.94", "size": "0", "side": "SELL", "hash": "1a1df3d68c2c966386c60d87893f38f7db0b5490", "best_bid": "0.04", "best_ask": "0.97"}], "timestamp": "1769384075058", "event_type": "price_change"}}
{"_local_timestamp": "2026-01-25T23:34:35.131581+00:00", "data": {"market": "0x537ddbf2e407064bd820f28b87a49b9c181a8621eda510782d84c2470b016cd2", "price_changes": [{"asset_id": "38942064125977024131823973913740157899823760836807970878832581072988853342346", "price": "0.06", "size": "0", "side": "BUY", "hash": "4185c4de75e5132a4ceae63153e756a545108f5b", "best_bid": "0.03", "best_ask": "0.96"}, {"asset_id": "55623942719986028231692778125450351946098201151132092414582976066689107563014", "price": "0.94", "size": "0", "side": "SELL", "hash": "e4fa692a1fc36b81d58a8b709a750f0653b9040c", "best_bid": "0.04", "best_ask": "0.97"}], "timestamp": "1769384075057", "event_type": "price_change"}}
{"_local_timestamp": "2026-01-25T23:34:35.131954+00:00", "data": {"market": "0x7123eff2e648599be78cb1e322ebcbf8ad4667ec9e8d9c64d6530e34386e3bbf", "price_changes": [{"asset_id": "101536950166807510023577921810887956847802873829897163239884268062277104907475", "price": "0.06", "size": "0", "side": "BUY", "hash": "e97fb046fbbb267a78c7d2e84a8a8e4faf49e2d0", "best_bid": "0.03", "best_ask": "0.96"}, {"asset_id": "32562343541408406699661373275217468188526054342665751391496009915480960484520", "price": "0.94", "size": "0", "side": "SELL", "hash": "a9d89aa92fa5a281e1bba2c55c2b7dac1228a3c4", "best_bid": "0.04", "best_ask": "0.97"}], "timestamp": "1769384075057", "event_type": "price_change"}}
{"_local_timestamp": "2026-01-25T23:34:35.139140+00:00", "data": {"market": "0x717f3a1785a55f5bbaddf310060584cad2f17a26bf74eeba914cdbb8ae355e1e", "price_changes": [{"asset_id": "104088756974692642032091665551525795631344131675382276569412664067005955375326", "price": "0.06", "size": "0", "side": "BUY", "hash": "2139def64b8d62d44ad9cb4073bd202a3ddf317f", "best_bid": "0.03", "best_ask": "0.96"}, {"asset_id": "26108569753018008234471828957983295113511999084185971218782038848426852045613", "price": "0.94", "size": "0", "side": "SELL", "hash": "95943008b4660310864c326035730f829b844194", "best_bid": "0.04", "best_ask": "0.97"}], "timestamp": "1769384075057", "event_type": "price_change"}}
{"_local_timestamp": "2026-01-25T23:34:35.139631+00:00", "data": {"market": "0xcbe26dac5d8ea8d7643f8b01bbf24a9f4caa824fc34839e3a2af77f83a4310ee", "price_changes": [{"asset_id": "55122906176359653094995934527954687454287405058308208447243704357472428153951", "price": "0.06", "size": "0", "side": "BUY", "hash": "405cc4ab8ab746ad6077efc195f2a6ec8cf1bd77", "best_bid": "0.03", "best_ask": "0.96"}, {"asset_id": "80120840888832805216723819356904181501448301561766234391241904548089235650968", "price": "0.94", "size": "0", "side": "SELL", "hash": "84c6dee60ed08a0f659bf712a5821cf2302931c4", "best_bid": "0.04", "best_ask": "0.97"}], "timestamp": "1769384075058", "event_type": "price_change"}}
{"_local_timestamp": "2026-01-25T23:34:35.506940+00:00", "data": {"market": "0x7123eff2e648599be78cb1e322ebcbf8ad4667ec9e8d9c64d6530e34386e3bbf", "price_changes": [{"asset_id": "101536950166807510023577921810887956847802873829897163239884268062277104907475", "price": "0.04", "size": "5.47", "side": "BUY", "hash": "45fa0cecda217d2214a5dccdfc598079492071ab", "best_bid": "0.04", "best_ask": "0.96"}, {"asset_id": "32562343541408406699661373275217468188526054342665751391496009915480960484520", "price": "0.96", "size": "5.47", "side": "SELL", "hash": "0585f1314006b513fda600bec3acbdc766578b92", "best_bid": "0.04", "best_ask": "0.96"}], "timestamp": "1769384075436", "event_type": "price_change"}}
{"_local_timestamp": "2026-01-25T23:34:35.507821+00:00", "data": {"market": "0xbafb91f413a00a1baf52f53882be02a209a83431d58e4ad02f8085527d49a36f", "price_changes": [{"asset_id": "54207126562344211539601313371670415742332390424740193425130980770867371550656", "price": "0.04", "size": "5.47", "side": "BUY", "hash": "d9496d1d79b433ff7869c614a7a20c273496434a", "best_bid": "0.04", "best_ask": "0.96"}, {"asset_id": "66167640259686186798126386613211623841620698626025144134043781171010671349762", "price": "0.96", "size": "5.47", "side": "SELL", "hash": "3d4afd3a04dcbdda11efb3be08d2f20e66ff0658", "best_bid": "0.04", "best_ask": "0.96"}], "timestamp": "1769384075436", "event_type": "price_change"}}
{"_local_timestamp": "2026-01-25T23:34:35.510544+00:00", "data": {"market": "0xe999a6afc59379d3ef7289c9aa0a3773f3d6c39cf0b03b064cd914461c63cbf2", "price_changes": [{"asset_id": "59657358153773333162567185170957473344706870114036258477440995352076259982860", "price": "0.04", "size": "5.47", "side": "BUY", "hash": "c95f8124001ca06671b3442230a6d2b4fa725140", "best_bid": "0.04", "best_ask": "0.96"}, {"asset_id": "96688462818236934338305335256900431297726874963808925651959894479489821865160", "price": "0.96", "size": "5.47", "side": "SELL", "hash": "33afb9111eae6a0b0f6db2191992b6d73d481bfa", "best_bid": "0.04", "best_ask": "0.96"}], "timestamp": "1769384075436", "event_type": "price_change"}}
{"_local_timestamp": "2026-01-25T23:34:35.510910+00:00", "data": {"market": "0xcbe26dac5d8ea8d7643f8b01bbf24a9f4caa824fc34839e3a2af77f83a4310ee", "price_changes": [{"asset_id": "55122906176359653094995934527954687454287405058308208447243704357472428153951", "price": "0.04", "size": "5.47", "side": "BUY", "hash": "d7b4814530850147ce69d1f2cb2ae46a0396b887", "best_bid": "0.04", "best_ask": "0.96"}, {"asset_id": "80120840888832805216723819356904181501448301561766234391241904548089235650968", "price": "0.96", "size": "5.47", "side": "SELL", "hash": "40accb50794aeb287af78a356468f9946d5e2d22", "best_bid": "0.04", "best_ask": "0.96"}], "timestamp": "1769384075436", "event_type": "price_change"}}
{"_local_timestamp": "2026-01-25T23:34:35.511236+00:00", "data": {"market": "0x537ddbf2e407064bd820f28b87a49b9c181a8621eda510782d84c2470b016cd2", "price_changes": [{"asset_id": "38942064125977024131823973913740157899823760836807970878832581072988853342346", "price": "0.04", "size": "5.47", "side": "BUY", "hash": "2d7345b9260123f01d530841491efe17c6e4eee3", "best_bid": "0.04", "best_ask": "0.96"}, {"asset_id": "55623942719986028231692778125450351946098201151132092414582976066689107563014", "price": "0.96", "size": "5.47", "side": "SELL", "hash": "7399511c5e57b5b365f70680065527d639846f70", "best_bid": "0.04", "best_ask": "0.96"}], "timestamp": "1769384075436", "event_type": "price_change"}}
{"_local_timestamp": "2026-01-25T23:34:35.553758+00:00", "data": {"market": "0x717f3a1785a55f5bbaddf310060584cad2f17a26bf74eeba914cdbb8ae355e1e", "price_changes": [{"asset_id": "104088756974692642032091665551525795631344131675382276569412664067005955375326", "price": "0.04", "size": "5.47", "side": "BUY", "hash": "c9b0eb2630ca11621cc201158ab0c97be0a80e84", "best_bid": "0.04", "best_ask": "0.96"}, {"asset_id": "26108569753018008234471828957983295113511999084185971218782038848426852045613", "price": "0.96", "size": "5.47", "side": "SELL", "hash": "79ea4dc079a8d582e940ff6092407c79e434400d", "best_bid": "0.04", "best_ask": "0.96"}], "timestamp": "1769384075481", "event_type": "price_change"}}
{"_local_timestamp": "2026-01-25T23:36:06.182459+00:00", "data": {"market": "0xe999a6afc59379d3ef7289c9aa0a3773f3d6c39cf0b03b064cd914461c63cbf2", "price_changes": [{"asset_id": "59657358153773333162567185170957473344706870114036258477440995352076259982860", "price": "0.05", "size": "23.99", "side": "BUY", "hash": "65c03940fabe5f3c5d3059b8041ac6ff4c492f1d", "best_bid": "0.05", "best_ask": "0.96"}, {"asset_id": "96688462818236934338305335256900431297726874963808925651959894479489821865160", "price": "0.95", "size": "23.99", "side": "SELL", "hash": "f0a41ce81299ed9f42b24fdda28a855940f57ea7", "best_bid": "0.04", "best_ask": "0.95"}], "timestamp": "1769384166079", "event_type": "price_change"}}
{"_local_timestamp": "2026-01-25T23:36:06.183649+00:00", "data": {"market": "0x7123eff2e648599be78cb1e322ebcbf8ad4667ec9e8d9c64d6530e34386e3bbf", "price_changes": [{"asset_id": "101536950166807510023577921810887956847802873829897163239884268062277104907475", "price": "0.05", "size": "23.99", "side": "BUY", "hash": "a3faae293beb7bff9656e9a2c84f2da434f6581d", "best_bid": "0.05", "best_ask": "0.96"}, {"asset_id": "32562343541408406699661373275217468188526054342665751391496009915480960484520", "price": "0.95", "size": "23.99", "side": "SELL", "hash": "5ea3a80be1713800bc439694160f9949d72fcd0e", "best_bid": "0.04", "best_ask": "0.95"}], "timestamp": "1769384166079", "event_type": "price_change"}}
{"_local_timestamp": "2026-01-25T23:36:06.184022+00:00", "data": {"market": "0x717f3a1785a55f5bbaddf310060584cad2f17a26bf74eeba914cdbb8ae355e1e", "price_changes": [{"asset_id": "104088756974692642032091665551525795631344131675382276569412664067005955375326", "price": "0.05", "size": "23.99", "side": "BUY", "hash": "d7e44f4bce5dd92c0dbd050c37ba70d54e6c5c77", "best_bid": "0.05", "best_ask": "0.96"}, {"asset_id": "26108569753018008234471828957983295113511999084185971218782038848426852045613", "price": "0.95", "size": "23.99", "side": "SELL", "hash": "74069ee5b583ad8b0ac7504c0a210c21f4526e47", "best_bid": "0.04", "best_ask": "0.95"}], "timestamp": "1769384166079", "event_type": "price_change"}}
{"_local_timestamp": "2026-01-25T23:36:06.241988+00:00", "data": {"market": "0xbafb91f413a00a1baf52f53882be02a209a83431d58e4ad02f8085527d49a36f", "price_changes": [{"asset_id": "54207126562344211539601313371670415742332390424740193425130980770867371550656", "price": "0.05", "size": "23.99", "side": "BUY", "hash": "d3ffd165b5761419b5d40c024e23ba8c6969a408", "best_bid": "0.05", "best_ask": "0.96"}, {"asset_id": "66167640259686186798126386613211623841620698626025144134043781171010671349762", "price": "0.95", "size": "23.99", "side": "SELL", "hash": "2bf6fba7ff0eed6defbe1edf638f25be592da868", "best_bid": "0.04", "best_ask": "0.95"}], "timestamp": "1769384166176", "event_type": "price_change"}}
{"_local_timestamp": "2026-01-25T23:36:06.242416+00:00", "data": {"market": "0xcbe26dac5d8ea8d7643f8b01bbf24a9f4caa824fc34839e3a2af77f83a4310ee", "price_changes": [{"asset_id": "55122906176359653094995934527954687454287405058308208447243704357472428153951", "price": "0.05", "size": "23.99", "side": "BUY", "hash": "81fb6fc92a6e4eb389a99a0bdbe6d4d98adb4c94", "best_bid": "0.05", "best_ask": "0.96"}, {"asset_id": "80120840888832805216723819356904181501448301561766234391241904548089235650968", "price": "0.95", "size": "23.99", "side": "SELL", "hash": "922f8b58850e0ac9ab27d205fa1c1b0a6b9abda0", "best_bid": "0.04", "best_ask": "0.95"}], "timestamp": "1769384166176", "event_type": "price_change"}}
{"_local_timestamp": "2026-01-25T23:36:06.242756+00:00", "data": {"market": "0x537ddbf2e407064bd820f28b87a49b9c181a8621eda510782d84c2470b016cd2", "price_changes": [{"asset_id": "38942064125977024131823973913740157899823760836807970878832581072988853342346", "price": "0.05", "size": "23.99", "side": "BUY", "hash": "f7f945fea4d748991c07aef051df2eb4f2d5ffcb", "best_bid": "0.05", "best_ask": "0.96"}, {"asset_id": "55623942719986028231692778125450351946098201151132092414582976066689107563014", "price": "0.95", "size": "23.99", "side": "SELL", "hash": "19dd9eb51dcc8328ee1dfe466232e8b9cee4ac6a", "best_bid": "0.04", "best_ask": "0.95"}], "timestamp": "1769384166176", "event_type": "price_change"}}
{"_local_timestamp": "2026-01-25T23:36:06.251466+00:00", "data": {"market": "0x60ff3546a359e230ae29faf273e47eab451e690daa0ca46cc7271515857c1ab1", "price_changes": [{"asset_id": "24584982300878001539928709365210716161468024624689478796045917110369304466673", "price": "0.05", "size": "23.99", "side": "BUY", "hash": "42f5d2a6b578c020e2c901dbc287dcde55abfca9", "best_bid": "0.05", "best_ask": "0.96"}, {"asset_id": "11094779214421599853808775564262881602431098901633146147312770304479242434546", "price": "0.95", "size": "23.99", "side": "SELL", "hash": "b3624ce8d05364e243d79a533a9ce037a9ab90d8", "best_bid": "0.04", "best_ask": "0.95"}], "timestamp": "1769384166176", "event_type": "price_change"}}
{"_local_timestamp": "2026-01-25T23:36:09.242645+00:00", "data": {"market": "0x537ddbf2e407064bd820f28b87a49b9c181a8621eda510782d84c2470b016cd2", "price_changes": [{"asset_id": "38942064125977024131823973913740157899823760836807970878832581072988853342346", "price": "0.04", "size": "0", "side": "BUY", "hash": "cb174d61e067a725ff9cc815d31527d4648ccdb2", "best_bid": "0.05", "best_ask": "0.96"}, {"asset_id": "55623942719986028231692778125450351946098201151132092414582976066689107563014", "price": "0.96", "size": "0", "side": "SELL", "hash": "58e1e6388d1b314d8e54644df23573b05d958a14", "best_bid": "0.04", "best_ask": "0.95"}], "timestamp": "1769384169171", "event_type": "price_change"}}
{"_local_timestamp": "2026-01-25T23:36:09.243587+00:00", "data": {"market": "0x60ff3546a359e230ae29faf273e47eab451e690daa0ca46cc7271515857c1ab1", "price_changes": [{"asset_id": "24584982300878001539928709365210716161468024624689478796045917110369304466673", "price": "0.04", "size": "0", "side": "BUY", "hash": "feb7bcd791545a4fb4ebc01eb5cea2aa1fb079c6", "best_bid": "0.05", "best_ask": "0.96"}, {"asset_id": "11094779214421599853808775564262881602431098901633146147312770304479242434546", "price": "0.96", "size": "0", "side": "SELL", "hash": "48b3ccd550d5cb61f295742bb7183d6c803e092d", "best_bid": "0.04", "best_ask": "0.95"}], "timestamp": "1769384169171", "event_type": "price_change"}}
{"_local_timestamp": "2026-01-25T23:36:09.244134+00:00", "data": {"market": "0xe999a6afc59379d3ef7289c9aa0a3773f3d6c39cf0b03b064cd914461c63cbf2", "price_changes": [{"asset_id": "59657358153773333162567185170957473344706870114036258477440995352076259982860", "price": "0.04", "size": "0", "side": "BUY", "hash": "cfe6d9faeb62264dce39489ecea793b2ef2fe7e4", "best_bid": "0.05", "best_ask": "0.96"}, {"asset_id": "96688462818236934338305335256900431297726874963808925651959894479489821865160", "price": "0.96", "size": "0", "side": "SELL", "hash": "8f69c771b00168b1f801999eaa82199e74c86504", "best_bid": "0.04", "best_ask": "0.95"}], "timestamp": "1769384169171", "event_type": "price_change"}}
{"_local_timestamp": "2026-01-25T23:36:09.244545+00:00", "data": {"market": "0xcbe26dac5d8ea8d7643f8b01bbf24a9f4caa824fc34839e3a2af77f83a4310ee", "price_changes": [{"asset_id": "55122906176359653094995934527954687454287405058308208447243704357472428153951", "price": "0.04", "size": "0", "side": "BUY", "hash": "e5eb6aad78cbea5caa7ca882ec10433a34498ca8", "best_bid": "0.05", "best_ask": "0.96"}, {"asset_id": "80120840888832805216723819356904181501448301561766234391241904548089235650968", "price": "0.96", "size": "0", "side": "SELL", "hash": "354273f83226d18bc60a3eac9ea112f57a51e61d", "best_bid": "0.04", "best_ask": "0.95"}], "timestamp": "1769384169171", "event_type": "price_change"}}
{"_local_timestamp": "2026-01-25T23:36:09.251389+00:00", "data": {"market": "0x717f3a1785a55f5bbaddf310060584cad2f17a26bf74eeba914cdbb8ae355e1e", "price_changes": [{"asset_id": "104088756974692642032091665551525795631344131675382276569412664067005955375326", "price": "0.04", "size": "0", "side": "BUY", "hash": "443a7c7af1f9d365ab171470b59ce5cbc22c5638", "best_bid": "0.05", "best_ask": "0.96"}, {"asset_id": "26108569753018008234471828957983295113511999084185971218782038848426852045613", "price": "0.96", "size": "0", "side": "SELL", "hash": "a08922100ac687284dbb86b7ffeaf148575b8312", "best_bid": "0.04", "best_ask": "0.95"}], "timestamp": "1769384169172", "event_type": "price_change"}}
{"_local_timestamp": "2026-01-25T23:36:09.252717+00:00", "data": {"market": "0xbafb91f413a00a1baf52f53882be02a209a83431d58e4ad02f8085527d49a36f", "price_changes": [{"asset_id": "54207126562344211539601313371670415742332390424740193425130980770867371550656", "price": "0.04", "size": "0", "side": "BUY", "hash": "d2efc1a225fa359be6b69b961758c54344f54c2c", "best_bid": "0.05", "best_ask": "0.96"}, {"asset_id": "66167640259686186798126386613211623841620698626025144134043781171010671349762", "price": "0.96", "size": "0", "side": "SELL", "hash": "5240b495278b9e3774e775506ac40b9c29270299", "best_bid": "0.04", "best_ask": "0.95"}], "timestamp": "1769384169172", "event_type": "price_change"}}
{"_local_timestamp": "2026-01-25T23:36:09.253774+00:00", "data": {"market": "0x7123eff2e648599be78cb1e322ebcbf8ad4667ec9e8d9c64d6530e34386e3bbf", "price_changes": [{"asset_id": "101536950166807510023577921810887956847802873829897163239884268062277104907475", "price": "0.04", "size": "0", "side": "BUY", "hash": "5bb2dae893839730395f40d490c430102215a8b5", "best_bid": "0.05", "best_ask": "0.96"}, {"asset_id": "32562343541408406699661373275217468188526054342665751391496009915480960484520", "price": "0.96", "size": "0", "side": "SELL", "hash": "7d3ca11fb612e91dc85cac99900df6b799e16b63", "best_bid": "0.04", "best_ask": "0.95"}], "timestamp": "1769384169172", "event_type": "price_change"}}
{"_local_timestamp": "2026-01-25T23:36:09.721353+00:00", "data": {"market": "0x7123eff2e648599be78cb1e322ebcbf8ad4667ec9e8d9c64d6530e34386e3bbf", "price_changes": [{"asset_id": "101536950166807510023577921810887956847802873829897163239884268062277104907475", "price": "0.06", "size": "5.47", "side": "BUY", "hash": "b0435b6a618c5b2a0d747fa627aae95aec448691", "best_bid": "0.06", "best_ask": "0.96"}, {"asset_id": "32562343541408406699661373275217468188526054342665751391496009915480960484520", "price": "0.94", "size": "5.47", "side": "SELL", "hash": "fbf9b609f6e89fd2bf939fecb0fc062ceadd6ce9", "best_bid": "0.04", "best_ask": "0.94"}], "timestamp": "1769384169655", "event_type": "price_change"}}
{"_local_timestamp": "2026-01-25T23:36:09.730845+00:00", "data": {"market": "0xcbe26dac5d8ea8d7643f8b01bbf24a9f4caa824fc34839e3a2af77f83a4310ee", "price_changes": [{"asset_id": "55122906176359653094995934527954687454287405058308208447243704357472428153951", "price": "0.06", "size": "5.47", "side": "BUY", "hash": "f89ee79c95888a8d71cfb3c6c29c6671864feb77", "best_bid": "0.06", "best_ask": "0.96"}, {"asset_id": "80120840888832805216723819356904181501448301561766234391241904548089235650968", "price": "0.94", "size": "5.47", "side": "SELL", "hash": "51c9ed406eb7b6245fe197de16ab7e5a3e255948", "best_bid": "0.04", "best_ask": "0.94"}], "timestamp": "1769384169655", "event_type": "price_change"}}
{"_local_timestamp": "2026-01-25T23:36:09.731281+00:00", "data": {"market": "0x60ff3546a359e230ae29faf273e47eab451e690daa0ca46cc7271515857c1ab1", "price_changes": [{"asset_id": "24584982300878001539928709365210716161468024624689478796045917110369304466673", "price": "0.06", "size": "5.47", "side": "BUY", "hash": "199bee96c63f1fc18af238379c2bb08ede3925a5", "best_bid": "0.06", "best_ask": "0.96"}, {"asset_id": "11094779214421599853808775564262881602431098901633146147312770304479242434546", "price": "0.94", "size": "5.47", "side": "SELL", "hash": "4b607a55cd5edf22ce9af4482cde936a93a691b5", "best_bid": "0.04", "best_ask": "0.94"}], "timestamp": "1769384169655", "event_type": "price_change"}}
{"_local_timestamp": "2026-01-25T23:36:09.731661+00:00", "data": {"market": "0xbafb91f413a00a1baf52f53882be02a209a83431d58e4ad02f8085527d49a36f", "price_changes": [{"asset_id": "54207126562344211539601313371670415742332390424740193425130980770867371550656", "price": "0.06", "size": "5.47", "side": "BUY", "hash": "8d9cda4944621539fbe736a4817d14294a526bc4", "best_bid": "0.06", "best_ask": "0.96"}, {"asset_id": "66167640259686186798126386613211623841620698626025144134043781171010671349762", "price": "0.94", "size": "5.47", "side": "SELL", "hash": "df275def1b51a43b6d072e6dbf641bc29db30b83", "best_bid": "0.04", "best_ask": "0.94"}], "timestamp": "1769384169655", "event_type": "price_change"}}
{"_local_timestamp": "2026-01-25T23:36:09.732007+00:00", "data": {"market": "0x717f3a1785a55f5bbaddf310060584cad2f17a26bf74eeba914cdbb8ae355e1e", "price_changes": [{"asset_id": "104088756974692642032091665551525795631344131675382276569412664067005955375326", "price": "0.06", "size": "5.47", "side": "BUY", "hash": "517bf70f81de9ddf60c12e53742bf795044e360c", "best_bid": "0.06", "best_ask": "0.96"}, {"asset_id": "26108569753018008234471828957983295113511999084185971218782038848426852045613", "price": "0.94", "size": "5.47", "side": "SELL", "hash": "6e5a818850a2056a74308066ac37265d562111c1", "best_bid": "0.04", "best_ask": "0.94"}], "timestamp": "1769384169655", "event_type": "price_change"}}
{"_local_timestamp": "2026-01-25T23:36:09.732337+00:00", "data": {"market": "0x537ddbf2e407064bd820f28b87a49b9c181a8621eda510782d84c2470b016cd2", "price_changes": [{"asset_id": "38942064125977024131823973913740157899823760836807970878832581072988853342346", "price": "0.06", "size": "5.47", "side": "BUY", "hash": "819e8f23f2365dd14ce5925c9a1ff3babb035163", "best_bid": "0.06", "best_ask": "0.96"}, {"asset_id": "55623942719986028231692778125450351946098201151132092414582976066689107563014", "price": "0.94", "size": "5.47", "side": "SELL", "hash": "da573ce79c67fea18356c2dd4572eadeea0b23c6", "best_bid": "0.04", "best_ask": "0.94"}], "timestamp": "1769384169655", "event_type": "price_change"}}
{"_local_timestamp": "2026-01-25T23:36:09.732692+00:00", "data": {"market": "0xe999a6afc59379d3ef7289c9aa0a3773f3d6c39cf0b03b064cd914461c63cbf2", "price_changes": [{"asset_id": "59657358153773333162567185170957473344706870114036258477440995352076259982860", "price": "0.06", "size": "5.47", "side": "BUY", "hash": "ec59fae022140162acaea31e18b02ea85de57547", "best_bid": "0.06", "best_ask": "0.96"}, {"asset_id": "96688462818236934338305335256900431297726874963808925651959894479489821865160", "price": "0.94", "size": "5.47", "side": "SELL", "hash": "f80b35e75589be3958f8f8207da44a95dd87bd0b", "best_bid": "0.04", "best_ask": "0.94"}], "timestamp": "1769384169655", "event_type": "price_change"}}
{"_local_timestamp": "2026-01-25T23:37:43.747020+00:00", "data": {"market": "0xcbe26dac5d8ea8d7643f8b01bbf24a9f4caa824fc34839e3a2af77f83a4310ee", "price_changes": [{"asset_id": "55122906176359653094995934527954687454287405058308208447243704357472428153951", "price": "0.05", "size": "0", "side": "BUY", "hash": "e8f8a7256898c8522bb636a4e7a84822287b1faa", "best_bid": "0.06", "best_ask": "0.96"}, {"asset_id": "80120840888832805216723819356904181501448301561766234391241904548089235650968", "price": "0.95", "size": "0", "side": "SELL", "hash": "1f07861c95b60df3ff9dff37e5fc8c939e5033ca", "best_bid": "0.04", "best_ask": "0.94"}], "timestamp": "1769384263667", "event_type": "price_change"}}
{"_local_timestamp": "2026-01-25T23:37:43.747476+00:00", "data": {"market": "0x537ddbf2e407064bd820f28b87a49b9c181a8621eda510782d84c2470b016cd2", "price_changes": [{"asset_id": "38942064125977024131823973913740157899823760836807970878832581072988853342346", "price": "0.05", "size": "0", "side": "BUY", "hash": "9a070083d9b2b493247424f62a046775198523bb", "best_bid": "0.06", "best_ask": "0.96"}, {"asset_id": "55623942719986028231692778125450351946098201151132092414582976066689107563014", "price": "0.95", "size": "0", "side": "SELL", "hash": "988de85a8b10f69daf67334da4c57ab57648e158", "best_bid": "0.04", "best_ask": "0.94"}], "timestamp": "1769384263668", "event_type": "price_change"}}
{"_local_timestamp": "2026-01-25T23:37:43.747882+00:00", "data": {"market": "0xe999a6afc59379d3ef7289c9aa0a3773f3d6c39cf0b03b064cd914461c63cbf2", "price_changes": [{"asset_id": "59657358153773333162567185170957473344706870114036258477440995352076259982860", "price": "0.05", "size": "0", "side": "BUY", "hash": "823ac584f1dd2fe6c43249dfadb5ce2479166eb9", "best_bid": "0.06", "best_ask": "0.96"}, {"asset_id": "96688462818236934338305335256900431297726874963808925651959894479489821865160", "price": "0.95", "size": "0", "side": "SELL", "hash": "fe6c38b0806fda9671bdea7d82a23bd211e63edd", "best_bid": "0.04", "best_ask": "0.94"}], "timestamp": "1769384263668", "event_type": "price_change"}}
{"_local_timestamp": "2026-01-25T23:37:43.748285+00:00", "data": {"market": "0x60ff3546a359e230ae29faf273e47eab451e690daa0ca46cc7271515857c1ab1", "price_changes": [{"asset_id": "24584982300878001539928709365210716161468024624689478796045917110369304466673", "price": "0.05", "size": "0", "side": "BUY", "hash": "7cd56bbc7afb630167200f6e45e6ae6bf74c4994", "best_bid": "0.06", "best_ask": "0.96"}, {"asset_id": "11094779214421599853808775564262881602431098901633146147312770304479242434546", "price": "0.95", "size": "0", "side": "SELL", "hash": "4c1405fca0637bb4501d27963cd1b4dcdae83db4", "best_bid": "0.04", "best_ask": "0.94"}], "timestamp": "1769384263668", "event_type": "price_change"}}
{"_local_timestamp": "2026-01-25T23:37:43.835480+00:00", "data": {"market": "0xbafb91f413a00a1baf52f53882be02a209a83431d58e4ad02f8085527d49a36f", "price_changes": [{"asset_id": "54207126562344211539601313371670415742332390424740193425130980770867371550656", "price": "0.05", "size": "0", "side": "BUY", "hash": "74f53b686addefd42db3f25ea0e7b90f88b11d14", "best_bid": "0.06", "best_ask": "0.96"}, {"asset_id": "66167640259686186798126386613211623841620698626025144134043781171010671349762", "price": "0.95", "size": "0", "side": "SELL", "hash": "ce9184f02fbdbd7853f4e2e9976e57cd8800a54d", "best_bid": "0.04", "best_ask": "0.94"}], "timestamp": "1769384263764", "event_type": "price_change"}}
{"_local_timestamp": "2026-01-25T23:37:43.835957+00:00", "data": {"market": "0x7123eff2e648599be78cb1e322ebcbf8ad4667ec9e8d9c64d6530e34386e3bbf", "price_changes": [{"asset_id": "101536950166807510023577921810887956847802873829897163239884268062277104907475", "price": "0.05", "size": "0", "side": "BUY", "hash": "23014da8ccef66be1456ff988849a57a7d5cdeda", "best_bid": "0.06", "best_ask": "0.96"}, {"asset_id": "32562343541408406699661373275217468188526054342665751391496009915480960484520", "price": "0.95", "size": "0", "side": "SELL", "hash": "4b181757a083406d297a20beb09c6b57d4acf26f", "best_bid": "0.04", "best_ask": "0.94"}], "timestamp": "1769384263764", "event_type": "price_change"}}
{"_local_timestamp": "2026-01-25T23:37:43.935568+00:00", "data": {"market": "0x717f3a1785a55f5bbaddf310060584cad2f17a26bf74eeba914cdbb8ae355e1e", "price_changes": [{"asset_id": "104088756974692642032091665551525795631344131675382276569412664067005955375326", "price": "0.05", "size": "0", "side": "BUY", "hash": "42c70310f349f4542ee87e0e9221df1334ae1657", "best_bid": "0.06", "best_ask": "0.96"}, {"asset_id": "26108569753018008234471828957983295113511999084185971218782038848426852045613", "price": "0.95", "size": "0", "side": "SELL", "hash": "a54adbedc2f8310c0a1918fa76c190d60304d4c0", "best_bid": "0.04", "best_ask": "0.94"}], "timestamp": "1769384263863", "event_type": "price_change"}}
{"_local_timestamp": "2026-01-25T23:37:46.230342+00:00", "data": {"market": "0xcbe26dac5d8ea8d7643f8b01bbf24a9f4caa824fc34839e3a2af77f83a4310ee", "price_changes": [{"asset_id": "55122906176359653094995934527954687454287405058308208447243704357472428153951", "price": "0.06", "size": "0", "side": "BUY", "hash": "32ea908e8cb59b4ab47ff52f3690d47d970bef4c", "best_bid": "0.03", "best_ask": "0.96"}, {"asset_id": "80120840888832805216723819356904181501448301561766234391241904548089235650968", "price": "0.94", "size": "0", "side": "SELL", "hash": "e1f8897bf9b61fa773574e5b07a94121532e61d9", "best_bid": "0.04", "best_ask": "0.97"}], "timestamp": "1769384266141", "event_type": "price_change"}}
{"_local_timestamp": "2026-01-25T23:37:46.239937+00:00", "data": {"market": "0x717f3a1785a55f5bbaddf310060584cad2f17a26bf74eeba914cdbb8ae355e1e", "price_changes": [{"asset_id": "104088756974692642032091665551525795631344131675382276569412664067005955375326", "price": "0.06", "size": "0", "side": "BUY", "hash": "6425f2508d0c69e90e9f93fe39445f3de7a6f8fd", "best_bid": "0.03", "best_ask": "0.96"}, {"asset_id": "26108569753018008234471828957983295113511999084185971218782038848426852045613", "price": "0.94", "size": "0", "side": "SELL", "hash": "3aa8b212477eae908cf3c92c1111f4fe37b9c6e4", "best_bid": "0.04", "best_ask": "0.97"}], "timestamp": "1769384266141", "event_type": "price_change"}}
{"_local_timestamp": "2026-01-25T23:37:46.240580+00:00", "data": {"market": "0x537ddbf2e407064bd820f28b87a49b9c181a8621eda510782d84c2470b016cd2", "price_changes": [{"asset_id": "38942064125977024131823973913740157899823760836807970878832581072988853342346", "price": "0.06", "size": "0", "side": "BUY", "hash": "8f0158a5e128729399107b415014b253d01c4c58", "best_bid": "0.03", "best_ask": "0.96"}, {"asset_id": "55623942719986028231692778125450351946098201151132092414582976066689107563014", "price": "0.94", "size": "0", "side": "SELL", "hash": "f3eff465257849a7bdbbdcd2fc8570e2555f1a88", "best_bid": "0.04", "best_ask": "0.97"}], "timestamp": "1769384266141", "event_type": "price_change"}}
{"_local_timestamp": "2026-01-25T23:37:46.243433+00:00", "data": {"market": "0x60ff3546a359e230ae29faf273e47eab451e690daa0ca46cc7271515857c1ab1", "price_changes": [{"asset_id": "24584982300878001539928709365210716161468024624689478796045917110369304466673", "price": "0.06", "size": "0", "side": "BUY", "hash": "264c5475a66aba3b1f77213ee9437c0a82ec40fe", "best_bid": "0.03", "best_ask": "0.96"}, {"asset_id": "11094779214421599853808775564262881602431098901633146147312770304479242434546", "price": "0.94", "size": "0", "side": "SELL", "hash": "ab8e292584e7df12ec6295e23a8584b51c6c17e9", "best_bid": "0.04", "best_ask": "0.97"}], "timestamp": "1769384266142", "event_type": "price_change"}}
{"_local_timestamp": "2026-01-25T23:37:46.250216+00:00", "data": {"market": "0x7123eff2e648599be78cb1e322ebcbf8ad4667ec9e8d9c64d6530e34386e3bbf", "price_changes": [{"asset_id": "101536950166807510023577921810887956847802873829897163239884268062277104907475", "price": "0.06", "size": "0", "side": "BUY", "hash": "786c57b0f1609d157c137d9cdf0abec54b9646a8", "best_bid": "0.03", "best_ask": "0.96"}, {"asset_id": "32562343541408406699661373275217468188526054342665751391496009915480960484520", "price": "0.94", "size": "0", "side": "SELL", "hash": "faeb10a7c2e07554b59682b7f831e1950ef0ba05", "best_bid": "0.04", "best_ask": "0.97"}], "timestamp": "1769384266141", "event_type": "price_change"}}
{"_local_timestamp": "2026-01-25T23:37:46.262152+00:00", "data": {"market": "0xbafb91f413a00a1baf52f53882be02a209a83431d58e4ad02f8085527d49a36f", "price_changes": [{"asset_id": "54207126562344211539601313371670415742332390424740193425130980770867371550656", "price": "0.06", "size": "0", "side": "BUY", "hash": "a106202cbaa7ca580711ab72b21b7a8458e5b1cc", "best_bid": "0.03", "best_ask": "0.96"}, {"asset_id": "66167640259686186798126386613211623841620698626025144134043781171010671349762", "price": "0.94", "size": "0", "side": "SELL", "hash": "e4cec841d661e4ebd1653aae858ef305f5f6b5b8", "best_bid": "0.04", "best_ask": "0.97"}], "timestamp": "1769384266142", "event_type": "price_change"}}
{"_local_timestamp": "2026-01-25T23:37:46.263132+00:00", "data": {"market": "0xe999a6afc59379d3ef7289c9aa0a3773f3d6c39cf0b03b064cd914461c63cbf2", "price_changes": [{"asset_id": "59657358153773333162567185170957473344706870114036258477440995352076259982860", "price": "0.06", "size": "0", "side": "BUY", "hash": "48d05161420260d88d72e77c248b79c9be63ffbb", "best_bid": "0.03", "best_ask": "0.96"}, {"asset_id": "96688462818236934338305335256900431297726874963808925651959894479489821865160", "price": "0.94", "size": "0", "side": "SELL", "hash": "f1d4f0802c40c0d5a6536f3b8aad52dc285f96e7", "best_bid": "0.04", "best_ask": "0.97"}], "timestamp": "1769384266142", "event_type": "price_change"}}
{"_local_timestamp": "2026-01-25T23:37:46.594582+00:00", "data": {"market": "0xe999a6afc59379d3ef7289c9aa0a3773f3d6c39cf0b03b064cd914461c63cbf2", "price_changes": [{"asset_id": "59657358153773333162567185170957473344706870114036258477440995352076259982860", "price": "0.04", "size": "5.47", "side": "BUY", "hash": "bda1bd0757859532d0d9db3430c3f072b543a097", "best_bid": "0.04", "best_ask": "0.96"}, {"asset_id": "96688462818236934338305335256900431297726874963808925651959894479489821865160", "price": "0.96", "size": "5.47", "side": "SELL", "hash": "22e68e2df187b5bd9b09c3ee45afe3d56902cbf2", "best_bid": "0.04", "best_ask": "0.96"}], "timestamp": "1769384266521", "event_type": "price_change"}}
{"_local_timestamp": "2026-01-25T23:37:46.595092+00:00", "data": {"market": "0xbafb91f413a00a1baf52f53882be02a209a83431d58e4ad02f8085527d49a36f", "price_changes": [{"asset_id": "54207126562344211539601313371670415742332390424740193425130980770867371550656", "price": "0.04", "size": "5.47", "side": "BUY", "hash": "1667f747bcd9b03975b4ee3ea832e8c2abf147f5", "best_bid": "0.04", "best_ask": "0.96"}, {"asset_id": "66167640259686186798126386613211623841620698626025144134043781171010671349762", "price": "0.96", "size": "5.47", "side": "SELL", "hash": "53a929424f325235486dd07ef49f3f8f65b75aca", "best_bid": "0.04", "best_ask": "0.96"}], "timestamp": "1769384266521", "event_type": "price_change"}}
{"_local_timestamp": "2026-01-25T23:37:46.595624+00:00", "data": {"market": "0x60ff3546a359e230ae29faf273e47eab451e690daa0ca46cc7271515857c1ab1", "price_changes": [{"asset_id": "24584982300878001539928709365210716161468024624689478796045917110369304466673", "price": "0.04", "size": "5.47", "side": "BUY", "hash": "bac4115f8ceb982eb07acc310951735f8afaf1cb", "best_bid": "0.04", "best_ask": "0.96"}, {"asset_id": "11094779214421599853808775564262881602431098901633146147312770304479242434546", "price": "0.96", "size": "5.47", "side": "SELL", "hash": "82126bda12c518b61d3139ecb1e63a780823af30", "best_bid": "0.04", "best_ask": "0.96"}], "timestamp": "1769384266521", "event_type": "price_change"}}
{"_local_timestamp": "2026-01-25T23:37:46.596112+00:00", "data": {"market": "0x537ddbf2e407064bd820f28b87a49b9c181a8621eda510782d84c2470b016cd2", "price_changes": [{"asset_id": "38942064125977024131823973913740157899823760836807970878832581072988853342346", "price": "0.04", "size": "5.47", "side": "BUY", "hash": "80c663f2156148c43ae3302c0e74e861f561db51", "best_bid": "0.04", "best_ask": "0.96"}, {"asset_id": "55623942719986028231692778125450351946098201151132092414582976066689107563014", "price": "0.96", "size": "5.47", "side": "SELL", "hash": "d0f677d1b5a5bb8741d82c4f2f99a4f74b56d1c3", "best_bid": "0.04", "best_ask": "0.96"}], "timestamp": "1769384266521", "event_type": "price_change"}}
{"_local_timestamp": "2026-01-25T23:37:46.639739+00:00", "data": {"market": "0x717f3a1785a55f5bbaddf310060584cad2f17a26bf74eeba914cdbb8ae355e1e", "price_changes": [{"asset_id": "104088756974692642032091665551525795631344131675382276569412664067005955375326", "price": "0.04", "size": "5.47", "side": "BUY", "hash": "18971397158f0a5579b5157297f3f98416ff158a", "best_bid": "0.04", "best_ask": "0.96"}, {"asset_id": "26108569753018008234471828957983295113511999084185971218782038848426852045613", "price": "0.96", "size": "5.47", "side": "SELL", "hash": "e4bef44d934b318fed0821456f04676b4477e2c4", "best_bid": "0.04", "best_ask": "0.96"}], "timestamp": "1769384266569", "event_type": "price_change"}}
{"_local_timestamp": "2026-01-25T23:37:46.640242+00:00", "data": {"market": "0xcbe26dac5d8ea8d7643f8b01bbf24a9f4caa824fc34839e3a2af77f83a4310ee", "price_changes": [{"asset_id": "55122906176359653094995934527954687454287405058308208447243704357472428153951", "price": "0.04", "size": "5.47", "side": "BUY", "hash": "a8844de7471fa895c4cdd548753fe305c22280ff", "best_bid": "0.04", "best_ask": "0.96"}, {"asset_id": "80120840888832805216723819356904181501448301561766234391241904548089235650968", "price": "0.96", "size": "5.47", "side": "SELL", "hash": "38e354d6e54a7757245665a83320645e1bc31b20", "best_bid": "0.04", "best_ask": "0.96"}], "timestamp": "1769384266569", "event_type": "price_change"}}
{"_local_timestamp": "2026-01-25T23:37:46.640649+00:00", "data": {"market": "0x7123eff2e648599be78cb1e322ebcbf8ad4667ec9e8d9c64d6530e34386e3bbf", "price_changes": [{"asset_id": "101536950166807510023577921810887956847802873829897163239884268062277104907475", "price": "0.04", "size": "5.47", "side": "BUY", "hash": "8b9b5fdda4b0b4e1617b262f7a05cfadd1f7a266", "best_bid": "0.04", "best_ask": "0.96"}, {"asset_id": "32562343541408406699661373275217468188526054342665751391496009915480960484520", "price": "0.96", "size": "5.47", "side": "SELL", "hash": "dc23ef1f1d85e622dc6c0eb1e39bba2c00e9d6f6", "best_bid": "0.04", "best_ask": "0.96"}], "timestamp": "1769384266569", "event_type": "price_change"}}
