{"_local_timestamp": "2026-01-25T23:34:25.170751+00:00", "data": [{"market": "0xf44368f45e057c844a64e84ba289ac90fd4857065a588131d15c48b35142b0ac", "asset_id": "115117034862019004280027217551896985492130032228864449211257860370374211745078", "timestamp": "1769383979372", "hash": "84647bc7200b03cbaa177141e055d1f57ce528a1", "bids": [{"price": "0.01", "size": "159.9"}, {"price": "0.02", "size": "36.54"}, {"price": "0.03", "size": "5.47"}], "asks": [{"price": "0.99", "size": "151.81"}, {"price": "0.98", "size": "40.59"}, {"price": "0.96", "size": "29.99"}], "event_type": "book", "last_trade_price": ""}, {"market": "0x1c6137417408fa6c879ac55bd94edf7b00951c0677acdeeb814d606ffa79a377", "asset_id": "33662096136080341361979374680362298288200105843887514408815727480119513087772", "timestamp": "1769380128129", "hash": "e09d8101302a99aefb158f871ff67cbc204bef21", "bids": [{"price": "0.01", "size": "98.03"}, {"price": "0.02", "size": "46.45"}, {"price": "0.16", "size": "10"}, {"price": "0.17", "size": "50"}], "asks": [{"price": "0.99", "size": "100"}, {"price": "0.98", "size": "40"}, {"price": "0.5", "size": "10"}, {"price": "0.44", "size": "50"}], "event_type": "book", "last_trade_price": ""}, {"market": "0x1c17414bf9d5a382aa92b7d873a20e1b8a3fed1fb6199ee2fe2876ca958345a6", "asset_id": "103727137186637951441576012570833690426744091255533150206307943306071387367982", "timestamp": "1769383979372", "hash": "9e48058f08c5dd2c5087bf6e060879a4c31aa780", "bids": [{"price": "0.01", "size": "115.01"}, {"price": "0.02", "size": "32.49"}, {"price": "0.03", "size": "39.99"}], "asks": [{"price": "0.99", "size": "106.9"}, {"price": "0.98", "size": "36.54"}, {"price": "0.97", "size": "5.47"}], "event_type": "book", "last_trade_price": ""}, {"market": "0xd60613a62e2bbf9a71aa25b65537a076bf5463b1927b0d031891aa018b5c9619", "asset_id": "53396732012908772113304126811947665195903208822126869011163894304833812432209", "timestamp": "1769383889928", "hash": "9307ddde31a53fa94393a8e5618b7b2ba8edd6a0", "bids": [{"price": "0.01", "size": "106.9"}, {"price": "0.02", "size": "36.54"}, {"price": "0.03", "size": "5.47"}], "asks": [{"price": "0.99", "size": "99.43"}, {"price": "0.98", "size": "40.28"}, {"price": "0.97", "size": "39.99"}], "event_type": "book", "last_trade_price": ""}, {"market": "0x62faf6c6b8167180b1ae7db182a68b55b33cea674e4fbb8e6117911525ed2435", "asset_id": "54554803549637589075875938885672007490659996810453332545279657455466118465406", "timestamp": "1769383979372", "hash": "e8a07177ecce9723b89fef2689a29ee5e97eab96", "bids": [{"price": "0.01", "size": "102.04"}, {"price": "0.02", "size": "38.98"}, {"price": "0.03", "size": "5.47"}], "asks": [{"price": "0.99", "size": "103.78"}, {"price": "0.98", "size": "38.1"}, {"price": "0.96", "size": "29.99"}], "event_type": "book", "last_trade_price": ""}, {"market": "0x1c6137417408fa6c879ac55bd94edf7b00951c0677acdeeb814d606ffa79a377", "asset_id": "107424293956768789679001590791388183467821652274943333009649220800254647520058", "timestamp": "1769380128129", "hash": "d592f4beb0ea8a958ab1afbdbd4e8fe4f58c5a9f", "bids": [{"price": "0.01", "size": "100"}, {"price": "0.02", "size": "40"}, {"price": "0.5", "size": "10"}, {"price": "0.56", "size": "50"}], "asks": [{"price": "0.99", "size": "98.03"}, {"price": "0.98", "size": "46.45"}, {"price": "0.84", "size": "10"}, {"price": "0.83", "size": "50"}], "event_type": "book", "last_trade_price": ""}, {"market": "0x6a0342c5b078a6d127b40cb5ff8dbf831fe194f993b327d42a50642e7ead3ac2", "asset_id": "50695564314133942868518146324817995884745146587553007290931243218757541018483", "timestamp": "1769383979372", "hash": "ec5829665c3f9a1144cd42faba538330aa6a9888", "bids": [{"price": "0.01", "size": "159.9"}, {"price": "0.02", "size": "36.54"}, {"price": "0.03", "size": "5.47"}], "asks": [{"price": "0.99", "size": "155.04"}, {"price": "0.98", "size": "38.97"}, {"price": "0.96", "size": "29.99"}], "event_type": "book", "last_trade_price": ""}, {"market": "0x45c37e08d102276e498f8b817944f3f09e6add067a2636cf9542fe4d79bfbac9", "asset_id": "17178714514138899477762437233386506481466332648677102654384837288281084010240", "timestamp": "1769383979372", "hash": "710d2eb882b39071a80cabc479d58d860a29cb70", "bids": [{"price": "0.01", "size": "106.9"}, {"price": "0.02", "size": "36.54"}, {"price": "0.03", "size": "5.47"}], "asks": [{"price": "0.99", "size": "115.01"}, {"price": "0.98", "size": "32.49"}, {"price": "0.97", "size": "39.99"}], "event_type": "book", "last_trade_price": ""}, {"market": "0x45c37e08d102276e498f8b817944f3f09e6add067a2636cf9542fe4d79bfbac9", "asset_id": "1752942525548542287503079760539995163554130375097418172656019667456288593705", "timestamp": "1769383979372", "hash": "174c70de51331171dfe42a6cad678baf0e227e44", "bids": [{"price": "0.01", "size": "115.01"}, {"price": "0.02", "size": "32.49"}, {"price": "0.03", "size": "39.99"}], "asks": [{"price": "0.99", "size": "106.9"}, {"price": "0.98", "size": "36.54"}, {"price": "0.97", "size": "5.47"}], "event_type": "book", "last_trade_price": ""}, {"market": "0xd878f9e46a1db89a5ead8fccd8916d6b8bd9516d6fb5ea8c06415de6703296e9", "asset_id": "10297800600501315412764163700951116687943277453344818270510182442779367177396", "timestamp": "1769383979372", "hash": "dec11ec358d3449cc2f41533b0a3b71f7bcd8456", "bids": [{"price": "0.01", "size": "98.2"}, {"price": "0.02", "size": "40.89"}, {"price": "0.04", "size": "29.99"}], "asks": [{"price": "0.99", "size": "106.9"}, {"price": "0.98", "size": "36.54"}, {"price": "0.97", "size": "5.47"}], "event_type": "book", "last_trade_price": ""}, {"market": "0x62faf6c6b8167180b1ae7db182a68b55b33cea674e4fbb8e6117911525ed2435", "asset_id": "36931730776468971688993447674149413699404864411435025514365538887709636149996", "timestamp": "1769383979372", "hash": "c42d81af359a9030e8490aef5776b78ea68ba5a4", "bids": [{"price": "0.01", "size": "103.78"}, {"price": "0.02", "size": "38.1"}, {"price": "0.04", "size": "29.99"}], "asks": [{"price": "0.99", "size": "102.04"}, {"price": "0.98", "size": "38.98"}, {"price": "0.97", "size": "5.47"}], "event_type": "book", "last_trade_price": ""}, {"market": "0xf44368f45e057c844a64e84ba289ac90fd4857065a588131d15c48b35142b0ac", "asset_id": "9076554839040554259153381302911402323701160994618270509333651529190677398765", "timestamp": "1769383979372", "hash": "3e1ccf6954acae34a8b4356949d26f9c613766ab", "bids": [{"price": "0.01", "size": "151.81"}, {"price": "0.02", "size": "40.59"}, {"price": "0.04", "size": "29.99"}], "asks": [{"price": "0.99", "size": "159.9"}, {"price": "0.98", "size": "36.54"}, {"price": "0.97", "size": "5.47"}], "event_type": "book", "last_trade_price": ""}, {"market": "0xd60613a62e2bbf9a71aa25b65537a076bf5463b1927b0d031891aa018b5c9619", "asset_id": "83679499326325087790744713165026805683069434684187831457745006279288463137249", "timestamp": "1769383889928", "hash": "81e5c2b8d8568e8729d910e7320ac1f3e7bf3b6b", "bids": [{"price": "0.01", "size": "99.43"}, {"price": "0.02", "size": "40.28"}, {"price": "0.03", "size": "39.99"}], "asks": [{"price": "0.99", "size": "106.9"}, {"price": "0.98", "size": "36.54"}, {"price": "0.97", "size": "5.47"}], "event_type": "book", "last_trade_price": ""}, {"market": "0xd878f9e46a1db89a5ead8fccd8916d6b8bd9516d6fb5ea8c06415de6703296e9", "asset_id": "108737754856062014646946799708153441235692390390199043985091953860799874457913", "timestamp": "1769383979372", "hash": "dd142dd0e8f5eb7af95f55be735e800b1ec0bb85", "bids": [{"price": "0.01", "size": "106.9"}, {"price": "0.02", "size": "36.54"}, {"price": "0.03", "size": "5.47"}], "asks": [{"price": "0.99", "size": "98.2"}, {"price": "0.98", "size": "40.89"}, {"price": "0.96", "size": "29.99"}], "event_type": "book", "last_trade_price": ""}, {"market": "0x6a0342c5b078a6d127b40cb5ff8dbf831fe194f993b327d42a50642e7ead3ac2", "asset_id": "16580960030001393012196057167768913252917264507917673967036213914800727593881", "timestamp": "1769383979372", "hash": "fc6f87860c8ea715a0ead80f26d8cc7ad9e07b51", "bids": [{"price": "0.01", "size": "155.04"}, {"price": "0.02", "size": "38.97"}, {"price": "0.04", "size": "29.99"}], "asks": [{"price": "0.99", "size": "159.9"}, {"price": "0.98", "size": "36.54"}, {"price": "0.97", "size": "5.47"}], "event_type": "book", "last_trade_price": ""}, {"market": "0x1c17414bf9d5a382aa92b7d873a20e1b8a3fed1fb6199ee2fe2876ca958345a6", "asset_id": "33841159706339646581546376141542494940000030408260322507382615934223433274045", "timestamp": "1769383979372", "hash": "6c19d82fec650fa6e07a0a6bc922ea26cc51884f", "bids": [{"price": "0.01", "size": "106.9"}, {"price": "0.02", "size": "36.54"}, {"price": "0.03", "size": "5.47"}], "asks": [{"price": "0.99", "size": "115.01"}, {"price": "0.98", "size": "32.49"}, {"price": "0.97", "size": "39.99"}], "event_type": "book", "last_trade_price": ""}]}
{"_local_timestamp": "2026-01-25T23:34:36.002567+00:00", "data": {"market": "0x1c17414bf9d5a382aa92b7d873a20e1b8a3fed1fb6199ee2fe2876ca958345a6", "price_changes": [{"asset_id": "33841159706339646581546376141542494940000030408260322507382615934223433274045", "price": "0.04", "size": "29.99", "side": "BUY", "hash": "7fde7307b4f92c0b46d55dd54af490237f94b5e0", "best_bid": "0.04", "best_ask": "0.97"}, {"asset_id": "103727137186637951441576012570833690426744091255533150206307943306071387367982", "price": "0.96", "size": "29.99", "side": "SELL", "hash": "e2a6fd1c1edc98756e9c153376c63aaa7b1dd855", "best_bid": "0.03", "best_ask": "0.96"}], "timestamp": "1769384075783", "event_type": "price_change"}}
{"_local_timestamp": "2026-01-25T23:34:36.004291+00:00", "data": {"market": "0xd878f9e46a1db89a5ead8fccd8916d6b8bd9516d6fb5ea8c06415de6703296e9", "price_changes": [{"asset_id": "108737754856062014646946799708153441235692390390199043985091953860799874457913", "price": "0.04", "size": "29.99", "side": "BUY", "hash": "06f13064fb54b503d2efbc03c0ddeb839d55cf76", "best_bid": "0.04", "best_ask": "0.96"}, {"asset_id": "10297800600501315412764163700951116687943277453344818270510182442779367177396", "price": "0.96", "size": "29.99", "side": "SELL", "hash": "7d304a7c8afe2a8ec00ac1ea22144a8d78dbfccd", "best_bid": "0.04", "best_ask": "0.96"}], "timestamp": "1769384075783", "event_type": "price_change"}}
{"_local_timestamp": "2026-01-25T23:34:36.005465+00:00", "data": {"market": "0x62faf6c6b8167180b1ae7db182a68b55b33cea674e4fbb8e6117911525ed2435", "price_changes": [{"asset_id": "54554803549637589075875938885672007490659996810453332545279657455466118465406", "price": "0.04", "size": "29.99", "side": "BUY", "hash": "a37e11ba4f923a7b2a5aaca051a789fa9bfcafcb", "best_bid": "0.04", "best_ask": "0.96"}, {"asset_id": "36931730776468971688993447674149413699404864411435025514365538887709636149996", "price": "0.96", "size": "29.99", "side": "SELL", "hash": "1d52a87ffea0d879fcba4abe3e3a026c6f7a24c8", "best_bid": "0.04", "best_ask": "0.96"}], "timestamp": "1769384075783", "event_type": "price_change"}}
{"_local_timestamp": "2026-01-25T23:34:36.098939+00:00", "data": {"market": "0x6a0342c5b078a6d127b40cb5ff8dbf831fe194f993b327d42a50642e7ead3ac2", "price_changes": [{"asset_id": "50695564314133942868518146324817995884745146587553007290931243218757541018483", "price": "0.04", "size": "29.99", "side": "BUY", "hash": "c3a5e0374e828ad0e625db028de4abeec97438e8", "best_bid": "0.04", "best_ask": "0.96"}, {"asset_id": "16580960030001393012196057167768913252917264507917673967036213914800727593881", "price": "0.96", "size": "29.99", "side": "SELL", "hash": "a276fd45343e6bae9c21487b1c1cec414b56fa0c", "best_bid": "0.04", "best_ask": "0.96"}], "timestamp": "1769384075882", "event_type": "price_change"}}
{"_local_timestamp": "2026-01-25T23:34:36.099850+00:00", "data": {"market": "0x45c37e08d102276e498f8b817944f3f09e6add067a2636cf9542fe4d79bfbac9", "price_changes": [{"asset_id": "17178714514138899477762437233386506481466332648677102654384837288281084010240", "price": "0.04", "size": "29.99", "side": "BUY", "hash": "4e37c852a155915237cb032c4c761d2786b960d5", "best_bid": "0.04", "best_ask": "0.97"}, {"asset_id": "1752942525548542287503079760539995163554130375097418172656019667456288593705", "price": "0.96", "size": "29.99", "side": "SELL", "hash": "8fe9f469c137e379930d19bf12181764df710859", "best_bid": "0.03", "best_ask": "0.96"}], "timestamp": "1769384075882", "event_type": "price_change"}}
{"_local_timestamp": "2026-01-25T23:34:36.100584+00:00", "data": {"market": "0xf44368f45e057c844a64e84ba289ac90fd4857065a588131d15c48b35142b0ac", "price_changes": [{"asset_id": "115117034862019004280027217551896985492130032228864449211257860370374211745078", "price": "0.04", "size": "29.99", "side": "BUY", "hash": "a2de57bcd18ba7ea171a51c2df94aca8e6a2135e", "best_bid": "0.04", "best_ask": "0.96"}, {"asset_id": "9076554839040554259153381302911402323701160994618270509333651529190677398765", "price": "0.96", "size": "29.99", "side": "SELL", "hash": "cf16e931b76941f2aeef505b0835a931dcb4e3c4", "best_bid": "0.04", "best_ask": "0.96"}], "timestamp": "1769384075882", "event_type": "price_change"}}
{"_local_timestamp": "2026-01-25T23:34:39.049441+00:00", "data": {"market": "0x62faf6c6b8167180b1ae7db182a68b55b33cea674e4fbb8e6117911525ed2435", "price_changes": [{"asset_id": "54554803549637589075875938885672007490659996810453332545279657455466118465406", "price": "0.03", "size": "0", "side": "BUY", "hash": "78367441bbd7f2f34afb56e7c1f802097679dfd1", "best_bid": "0.04", "best_ask": "0.96"}, {"asset_id": "36931730776468971688993447674149413699404864411435025514365538887709636149996", "price": "0.97", "size": "0", "side": "SELL", "hash": "e525a4928f6cd2a9efffdb3cdcd5818fc55daec9", "best_bid": "0.04", "best_ask": "0.96"}], "timestamp": "1769384078967", "event_type": "price_change"}}
{"_local_timestamp": "2026-01-25T23:34:39.049993+00:00", "data": {"market": "0xf44368f45e057c844a64e84ba289ac90fd4857065a588131d15c48b35142b0ac", "price_changes": [{"asset_id": "115117034862019004280027217551896985492130032228864449211257860370374211745078", "price": "0.03", "size": "0", "side": "BUY", "hash": "314693695619e32b237420e8f22d8fb9a06a1ae8", "best_bid": "0.04", "best_ask": "0.96"}, {"asset_id": "9076554839040554259153381302911402323701160994618270509333651529190677398765", "price": "0.97", "size": "0", "side": "SELL", "hash": "10aa443a0173d052fe3077b408db2629ff80a2aa", "best_bid": "0.04", "best_ask": "0.96"}], "timestamp": "1769384078967", "event_type": "price_change"}}
{"_local_timestamp": "2026-01-25T23:34:39.050355+00:00", "data": {"market": "0x1c17414bf9d5a382aa92b7d873a20e1b8a3fed1fb6199ee2fe2876ca958345a6", "price_changes": [{"asset_id": "33841159706339646581546376141542494940000030408260322507382615934223433274045", "price": "0.03", "size": "0", "side": "BUY", "hash": "76a985c0014f8f2466a98e4d1124fc420b0e75d9", "best_bid": "0.04", "best_ask": "0.97"}, {"asset_id": "103727137186637951441576012570833690426744091255533150206307943306071387367982", "price": "0.97", "size": "0", "side": "SELL", "hash": "8c9f8cd30ec76225bc34bb368fc266c5f24d63c4", "best_bid": "0.03", "best_ask": "0.96"}], "timestamp": "1769384078967", "event_type": "price_change"}}
{"_local_timestamp": "2026-01-25T23:34:39.059504+00:00", "data": {"market": "0x45c37e08d102276e498f8b817944f3f09e6add067a2636cf9542fe4d79bfbac9", "price_changes": [{"asset_id": "17178714514138899477762437233386506481466332648677102654384837288281084010240", "price": "0.03", "size": "0", "side": "BUY", "hash": "f903cbe06e4b660aa835c626da0130a854a58769", "best_bid": "0.04", "best_ask": "0.97"}, {"asset_id": "1752942525548542287503079760539995163554130375097418172656019667456288593705", "price": "0.97", "size": "0", "side": "SELL", "hash": "872f3d9bf8b1dfa18dc6aeb609c5e79883d4722d", "best_bid": "0.03", "best_ask": "0.96"}], "timestamp": "1769384078967", "event_type": "price_change"}}
{"_local_timestamp": "2026-01-25T23:34:39.060004+00:00", "data": {"market": "0x6a0342c5b078a6d127b40cb5ff8dbf831fe194f993b327d42a50642e7ead3ac2", "price_changes": [{"asset_id": "50695564314133942868518146324817995884745146587553007290931243218757541018483", "price": "0.03", "size": "0", "side": "BUY", "hash": "90d3c7c71937b62aedf5cf13fd6e326cb8017764", "best_bid": "0.04", "best_ask": "0.96"}, {"asset_id": "16580960030001393012196057167768913252917264507917673967036213914800727593881", "price": "0.97", "size": "0", "side": "SELL", "hash": "46a24022df53622b952dd5206fc88d8bfb182837", "best_bid": "0.04", "best_ask": "0.96"}], "timestamp": "1769384078967", "event_type": "price_change"}}
{"_local_timestamp": "2026-01-25T23:34:39.060527+00:00", "data": {"market": "0xd878f9e46a1db89a5ead8fccd8916d6b8bd9516d6fb5ea8c06415de6703296e9", "price_changes": [{"asset_id": "108737754856062014646946799708153441235692390390199043985091953860799874457913", "price": "0.03", "size": "0", "side": "BUY", "hash": "8acb017692af629011146a6b0daa2af0f13da8ed", "best_bid": "0.04", "best_ask": "0.96"}, {"asset_id": "10297800600501315412764163700951116687943277453344818270510182442779367177396", "price": "0.97", "size": "0", "side": "SELL", "hash": "2ae01651e21547c81e8af09d77ba6cb0bb001bfb", "best_bid": "0.04", "best_ask": "0.96"}], "timestamp": "1769384078967", "event_type": "price_change"}}
{"_local_timestamp": "2026-01-25T23:34:39.469440+00:00", "data": {"market": "0x6a0342c5b078a6d127b40cb5ff8dbf831fe194f993b327d42a50642e7ead3ac2", "price_changes": [{"asset_id": "50695564314133942868518146324817995884745146587553007290931243218757541018483", "price": "0.05", "size": "5.47", "side": "BUY", "hash": "abbf1b32ae6a01b2397fc7794ed332b6d346d49c", "best_bid": "0.05", "best_ask": "0.96"}, {"asset_id": "16580960030001393012196057167768913252917264507917673967036213914800727593881", "price": "0.95", "size": "5.47", "side": "SELL", "hash": "f817829718974dfb8cd323d28c00e3f7be176fe2", "best_bid": "0.04", "best_ask": "0.95"}], "timestamp": "1769384079376", "event_type": "price_change"}}
{"_local_timestamp": "2026-01-25T23:34:39.469834+00:00", "data": {"market": "0x1c17414bf9d5a382aa92b7d873a20e1b8a3fed1fb6199ee2fe2876ca958345a6", "price_changes": [{"asset_id": "33841159706339646581546376141542494940000030408260322507382615934223433274045", "price": "0.05", "size": "5.47", "side": "BUY", "hash": "7f5a47ec8076d528c123522d67322d55059d800d", "best_bid": "0.05", "best_ask": "0.97"}, {"asset_id": "103727137186637951441576012570833690426744091255533150206307943306071387367982", "price": "0.95", "size": "5.47", "side": "SELL", "hash": "39f4c732a66f46e97e939c4a452cc94d88230cc2", "best_bid": "0.03", "best_ask": "0.95"}], "timestamp": "1769384079376", "event_type": "price_change"}}
{"_local_timestamp": "2026-01-25T23:34:39.470415+00:00", "data": {"market": "0x62faf6c6b8167180b1ae7db182a68b55b33cea674e4fbb8e6117911525ed2435", "price_changes": [{"asset_id": "54554803549637589075875938885672007490659996810453332545279657455466118465406", "price": "0.05", "size": "5.47", "side": "BUY", "hash": "6b415a8f8c736e0549b9af7d4f7df9fb3896e1e6", "best_bid": "0.05", "best_ask": "0.96"}, {"asset_id": "36931730776468971688993447674149413699404864411435025514365538887709636149996", "price": "0.95", "size": "5.47", "side": "SELL", "hash": "b9b04da945f89e9f616e9b6c249548bd0f129020", "best_bid": "0.04", "best_ask": "0.95"}], "timestamp": "1769384079377", "event_type": "price_change"}}
{"_local_timestamp": "2026-01-25T23:34:39.470886+00:00", "data": {"market": "0xd878f9e46a1db89a5ead8fccd8916d6b8bd9516d6fb5ea8c06415de6703296e9", "price_changes": [{"asset_id": "108737754856062014646946799708153441235692390390199043985091953860799874457913", "price": "0.05", "size": "5.47", "side": "BUY", "hash": "047fea08c6436471a4afc5ed48b1a9099cb728f4", "best_bid": "0.05", "best_ask": "0.96"}, {"asset_id": "10297800600501315412764163700951116687943277453344818270510182442779367177396", "price": "0.95", "size": "5.47", "side": "SELL", "hash": "db218b99bb527373581914a7a11e31e3eb1b19d3", "best_bid": "0.04", "best_ask": "0.95"}], "timestamp": "1769384079376", "event_type": "price_change"}}
{"_local_timestamp": "2026-01-25T23:34:39.471302+00:00", "data": {"market": "0x45c37e08d102276e498f8b817944f3f09e6add067a2636cf9542fe4d79bfbac9", "price_changes": [{"asset_id": "17178714514138899477762437233386506481466332648677102654384837288281084010240", "price": "0.05", "size": "5.47", "side": "BUY", "hash": "70471a4564b202a6b2114d574d30438b30180212", "best_bid": "0.05", "best_ask": "0.97"}, {"asset_id": "1752942525548542287503079760539995163554130375097418172656019667456288593705", "price": "0.95", "size": "5.47", "side": "SELL", "hash": "cc414d735efe70d59e7275a1aae58621188b8f4b", "best_bid": "0.03", "best_ask": "0.95"}], "timestamp": "1769384079377", "event_type": "price_change"}}
{"_local_timestamp": "2026-01-25T23:34:39.471643+00:00", "data": {"market": "0xf44368f45e057c844a64e84ba289ac90fd4857065a588131d15c48b35142b0ac", "price_changes": [{"asset_id": "115117034862019004280027217551896985492130032228864449211257860370374211745078", "price": "0.05", "size": "5.47", "side": "BUY", "hash": "bb4a81eacd27235549062ceec7e607b58df4d884", "best_bid": "0.05", "best_ask": "0.96"}, {"asset_id": "9076554839040554259153381302911402323701160994618270509333651529190677398765", "price": "0.95", "size": "5.47", "side": "SELL", "hash": "299d01a4fffea4e2456d50f7a4caf7f2772d6a41", "best_bid": "0.04", "best_ask": "0.95"}], "timestamp": "1769384079377", "event_type": "price_change"}}
