{"_local_timestamp": "2026-01-25T23:40:47.185087+00:00", "data": [{"market": "0xd8eabfa8f66981b8d3a6eb675bb8af14c5f6efe031b4a5c32df905759f223879", "asset_id": "93427470351544238513526892778862660244461908155491853908352970314446781168681", "timestamp": "1769384297866", "hash": "8157eeef8255367ac8bce2342e35b7189b356b43", "bids": [{"price": "0.01", "size": "10066.66"}, {"price": "0.02", "size": "5000"}, {"price": "0.03", "size": "66"}, {"price": "0.04", "size": "2500"}, {"price": "0.06", "size": "750"}, {"price": "0.1", "size": "375"}, {"price": "0.11", "size": "30"}, {"price": "0.12", "size": "172.66"}, {"price": "0.23", "size": "71.66"}], "asks": [{"price": "0.99", "size": "143.32"}, {"price": "0.98", "size": "50"}, {"price": "0.97", "size": "66.66"}], "event_type": "book", "last_trade_price": ""}, {"market": "0x3b32ef6897c33e7cac03641f3b16f25de3bbba86c48193ae7250b81bd5dc8e36", "asset_id": "17972610624679517127262054229981683562086894472126949625769427736325964002189", "timestamp": "1769384348573", "hash": "da72fe36ed7dd524dfec9d565e45f37d30200214", "bids": [{"price": "0.01", "size": "143.32"}, {"price": "0.02", "size": "55"}, {"price": "0.03", "size": "66.66"}], "asks": [{"price": "0.99", "size": "10066.66"}, {"price": "0.98", "size": "5000"}, {"price": "0.96", "size": "2500"}, {"price": "0.94", "size": "750"}, {"price": "0.9", "size": "441.66"}, {"price": "0.89", "size": "30"}, {"price": "0.88", "size": "5"}, {"price": "0.8", "size": "71.66"}], "event_type": "book", "last_trade_price": ""}, {"market": "0x92d9b1b2184185bcd2f636f8b1c00d2e8900037541c5530b31cd241a2eab239b", "asset_id": "109219029248620472089454746502736175063492512175080091770615531566788580709265", "timestamp": "1769384349327", "hash": "2dd50f9492d12fb3c7af17b6ee21baf7d50ae5ad", "bids": [{"price": "0.01", "size": "10066.66"}, {"price": "0.02", "size": "5000"}, {"price": "0.04", "size": "2500"}, {"price": "0.05", "size": "40"}, {"price": "0.06", "size": "750"}, {"price": "0.07", "size": "20"}, {"price": "0.1", "size": "375"}, {"price": "0.11", "size": "10"}, {"price": "0.12", "size": "181.66"}, {"price": "0.25", "size": "71.66"}], "asks": [{"price": "0.99", "size": "143.32"}, {"price": "0.98", "size": "50"}, {"price": "0.96", "size": "66.66"}], "event_type": "book", "last_trade_price": ""}, {"market": "0x92d9b1b2184185bcd2f636f8b1c00d2e8900037541c5530b31cd241a2eab239b", "asset_id": "61569645404255728258034880900232154069864126111347760075858298497771392596261", "timestamp": "1769384349327", "hash": "79997a978bcacbd6fa9f60edcdea7de98c13b5c0", "bids": [{"price": "0.01", "size": "143.32"}, {"price": "0.02", "size": "50"}, {"price": "0.04", "size": "66.66"}], "asks": [{"price": "0.99", "size": "10066.66"}, {"price": "0.98", "size": "5000"}, {"price": "0.96", "size": "2500"}, {"price": "0.95", "size": "40"}, {"price": "0.94", "size": "750"}, {"price": "0.93", "size": "20"}, {"price": "0.9", "size": "375"}, {"price": "0.89", "size": "10"}, {"price": "0.88", "size": "181.66"}, {"price": "0.75", "size": "71.66"}], "event_type": "book", "last_trade_price": ""}, {"market": "0x26d14a0493969677b36b61f22d36675350c18794efe409a1b596a70ab8dde460", "asset_id": "4922858101891993317973090956426199126889194706037483998826954590755280826537", "timestamp": "1769384348334", "hash": "c96cacac87379278f3fa7f523692f40d3ad52a9c", "bids": [{"price": "0.01", "size": "143.32"}, {"price": "0.02", "size": "55"}, {"price": "0.03", "size": "66.66"}], "asks": [{"price": "0.99", "size": "10066.66"}, {"price": "0.98", "size": "5000"}, {"price": "0.96", "size": "2500"}, {"price": "0.93", "size": "62"}, {"price": "0.92", "size": "66.66"}, {"price": "0.91", "size": "10"}, {"price": "0.9", "size": "20"}, {"price": "0.81", "size": "71.66"}], "event_type": "book", "last_trade_price": ""}, {"market": "0xa30d0d62ddebe5a59d1567e5a95445b8e1dda8c9884f4342b4680000205d5f58", "asset_id": "101313263892942797820449986417343739651434504986390071424946051436429538023924", "timestamp": "1769384311373", "hash": "a9d3ae3e88c5546c11b09196614e89d0d543400b", "bids": [{"price": "0.01", "size": "143.32"}, {"price": "0.02", "size": "55"}, {"price": "0.03", "size": "66.66"}], "asks": [{"price": "0.99", "size": "10066.66"}, {"price": "0.98", "size": "5000"}, {"price": "0.96", "size": "2500"}, {"price": "0.94", "size": "10"}, {"price": "0.93", "size": "66.66"}, {"price": "0.92", "size": "10"}, {"price": "0.91", "size": "10"}, {"price": "0.9", "size": "20"}, {"price": "0.81", "size": "71.66"}], "event_type": "book", "last_trade_price": ""}, {"market": "0x26d14a0493969677b36b61f22d36675350c18794efe409a1b596a70ab8dde460", "asset_id": "106482657940160172792420808683871220884614775895702575094685323356692868972691", "timestamp": "1769384348334", "hash": "5add457679fee8e955a148ca1cc514b5d32e7f10", "bids": [{"price": "0.01", "size": "10066.66"}, {"price": "0.02", "size": "5000"}, {"price": "0.04", "size": "2500"}, {"price": "0.07", "size": "62"}, {"price": "0.08", "size": "66.66"}, {"price": "0.09", "size": "10"}, {"price": "0.1", "size": "20"}, {"price": "0.19", "size": "71.66"}], "asks": [{"price": "0.99", "size": "143.32"}, {"price": "0.98", "size": "55"}, {"price": "0.97", "size": "66.66"}], "event_type": "book", "last_trade_price": ""}, {"market": "0x47fd8303835d9108252343069ada769162976137e4e1c22b94b1cb305cd35d8a", "asset_id": "36087368699108837630068526518911366313227880114245979222947438453683556758111", "timestamp": "1769384298464", "hash": "5f10a805d4cd337c5a5bd2b44a94825b3a14d0f1", "bids": [{"price": "0.01", "size": "143.32"}, {"price": "0.02", "size": "55"}, {"price": "0.03", "size": "66.66"}], "asks": [{"price": "0.99", "size": "10066.66"}, {"price": "0.98", "size": "5000"}, {"price": "0.97", "size": "66"}, {"price": "0.96", "size": "2500"}, {"price": "0.94", "size": "750"}, {"price": "0.9", "size": "375"}, {"price": "0.89", "size": "30"}, {"price": "0.88", "size": "159.66"}, {"price": "0.77", "size": "71.66"}], "event_type": "book", "last_trade_price": ""}, {"market": "0x3b32ef6897c33e7cac03641f3b16f25de3bbba86c48193ae7250b81bd5dc8e36", "asset_id": "94178105025010587605551061804884711949946880458304780411387357983973214654267", "timestamp": "1769384348573", "hash": "69e945b10ea3cb32127b42e2838635a2fab01631", "bids": [{"price": "0.01", "size": "10066.66"}, {"price": "0.02", "size": "5000"}, {"price": "0.04", "size": "2500"}, {"price": "0.06", "size": "750"}, {"price": "0.1", "size": "441.66"}, {"price": "0.11", "size": "30"}, {"price": "0.12", "size": "5"}, {"price": "0.2", "size": "71.66"}], "asks": [{"price": "0.99", "size": "143.32"}, {"price": "0.98", "size": "55"}, {"price": "0.97", "size": "66.66"}], "event_type": "book", "last_trade_price": ""}, {"market": "0x47fd8303835d9108252343069ada769162976137e4e1c22b94b1cb305cd35d8a", "asset_id": "67693362484685031602902821937273102535915587968938088041888174799603605996322", "timestamp": "1769384298464", "hash": "b517166eee25fa2f1f7d024251c901b8ed39c15a", "bids": [{"price": "0.01", "size": "10066.66"}, {"price": "0.02", "size": "5000"}, {"price": "0.03", "size": "66"}, {"price": "0.04", "size": "2500"}, {"price": "0.06", "size": "750"}, {"price": "0.1", "size": "375"}, {"price": "0.11", "size": "30"}, {"price": "0.12", "size": "159.66"}, {"price": "0.23", "size": "71.66"}], "asks": [{"price": "0.99", "size": "143.32"}, {"price": "0.98", "size": "55"}, {"price": "0.97", "size": "66.66"}], "event_type": "book", "last_trade_price": ""}, {"market": "0xa30d0d62ddebe5a59d1567e5a95445b8e1dda8c9884f4342b4680000205d5f58", "asset_id": "100874815949847511385269867891927428085011282984378081156415582806859006418622", "timestamp": "1769384311373", "hash": "f1e4beca06307e52161e924963ceafd1cde2775c", "bids": [{"price": "0.01", "size": "10066.66"}, {"price": "0.02", "size": "5000"}, {"price": "0.04", "size": "2500"}, {"price": "0.06", "size": "10"}, {"price": "0.07", "size": "66.66"}, {"price": "0.08", "size": "10"}, {"price": "0.09", "size": "10"}, {"price": "0.1", "size": "20"}, {"price": "0.19", "size": "71.66"}], "asks": [{"price": "0.99", "size": "143.32"}, {"price": "0.98", "size": "55"}, {"price": "0.97", "size": "66.66"}], "event_type": "book", "last_trade_price": ""}, {"market": "0xd8eabfa8f66981b8d3a6eb675bb8af14c5f6efe031b4a5c32df905759f223879", "asset_id": "112512812049971030318594775213742917548833690085890279670946775909631461554878", "timestamp": "1769384297866", "hash": "08245e4164896c707e4413e41cb347d99e7c6ae9", "bids": [{"price": "0.01", "size": "143.32"}, {"price": "0.02", "size": "50"}, {"price": "0.03", "size": "66.66"}], "asks": [{"price": "0.99", "size": "10066.66"}, {"price": "0.98", "size": "5000"}, {"price": "0.97", "size": "66"}, {"price": "0.96", "size": "2500"}, {"price": "0.94", "size": "750"}, {"price": "0.9", "size": "375"}, {"price": "0.89", "size": "30"}, {"price": "0.88", "size": "172.66"}, {"price": "0.77", "size": "71.66"}], "event_type": "book", "last_trade_price": ""}]}
