{"_local_timestamp": "2026-01-25T23:33:38.177687+00:00", "data": [{"market": "0xc20bd18955fdcaea6f4f20c37d84d5388e91fc4638490ca4facf8be523dc6c13", "asset_id": "40380829381795973958306409949439163717944979125745463341977071152902853169349", "timestamp": "1769383846570", "hash": "284609715fea4e8d43e09c28ddf713958fb66080", "bids": [{"price": "0.01", "size": "10066.66"}, {"price": "0.02", "size": "5000"}, {"price": "0.04", "size": "2500"}, {"price": "0.05", "size": "40"}, {"price": "0.06", "size": "750"}, {"price": "0.1", "size": "375"}, {"price": "0.11", "size": "20"}, {"price": "0.13", "size": "76.66"}, {"price": "0.14", "size": "38"}, {"price": "0.25", "size": "71.66"}], "asks": [{"price": "0.99", "size": "86.66"}, {"price": "0.98", "size": "40"}, {"price": "0.97", "size": "38.33"}], "event_type": "book", "last_trade_price": ""}, {"market": "0xee58cd1c7231995c5ae2a91f48c350a22f87659a302101db4a3df99e6dc3a6ea", "asset_id": "21283325371787731209365391554654959446978032764029860917798309525771402585583", "timestamp": "1769384015688", "hash": "f17f684291b6e0998fa589adf0d62ee384af1aaa", "bids": [{"price": "0.01", "size": "10066.66"}, {"price": "0.02", "size": "5000"}, {"price": "0.04", "size": "2642"}, {"price": "0.06", "size": "750"}, {"price": "0.09", "size": "66.66"}, {"price": "0.1", "size": "375"}, {"price": "0.11", "size": "20"}, {"price": "0.14", "size": "73"}, {"price": "0.17", "size": "20"}, {"price": "0.18", "size": "66.66"}], "asks": [{"price": "0.99", "size": "91"}], "event_type": "book", "last_trade_price": ""}, {"market": "0x9a0de7353469fc7af319897a8a494334b8a286d5cd8ec4b4edb6b3445a4b1597", "asset_id": "82448464534710566057881902879012276545801914494658997880647276477323315813986", "timestamp": "1769384009431", "hash": "4a60ac26ff2245ad8c7435ae16c0c60830ec6be6", "bids": [{"price": "0.01", "size": "10066.66"}, {"price": "0.02", "size": "5000"}, {"price": "0.03", "size": "66"}, {"price": "0.04", "size": "2500"}, {"price": "0.06", "size": "10"}, {"price": "0.07", "size": "20"}, {"price": "0.1", "size": "10"}, {"price": "0.12", "size": "66.66"}, {"price": "0.24", "size": "71.66"}], "asks": [{"price": "0.99", "size": "31.66"}, {"price": "0.98", "size": "47"}, {"price": "0.97", "size": "31.66"}, {"price": "0.95", "size": "61.66"}], "event_type": "book", "last_trade_price": ""}, {"market": "0xee58cd1c7231995c5ae2a91f48c350a22f87659a302101db4a3df99e6dc3a6ea", "asset_id": "7803863184464146993115773330448529218170635474995115952766099510312723003472", "timestamp": "1769384015688", "hash": "1c2e3a4caddf07637d0a6d741573469e8e1d848b", "bids": [{"price": "0.01", "size": "91"}], "asks": [{"price": "0.99", "size": "10066.66"}, {"price": "0.98", "size": "5000"}, {"price": "0.96", "size": "2642"}, {"price": "0.94", "size": "750"}, {"price": "0.91", "size": "66.66"}, {"price": "0.9", "size": "375"}, {"price": "0.89", "size": "20"}, {"price": "0.86", "size": "73"}, {"price": "0.83", "size": "20"}, {"price": "0.82", "size": "66.66"}], "event_type": "book", "last_trade_price": ""}, {"market": "0xc20bd18955fdcaea6f4f20c37d84d5388e91fc4638490ca4facf8be523dc6c13", "asset_id": "89373461182969289579845172492872922158629123151223268658038449652837405119276", "timestamp": "1769383846570", "hash": "e36ffd44ee76f2f3c8e7a0ad7e8364acfdc38d5e", "bids": [{"price": "0.01", "size": "86.66"}, {"price": "0.02", "size": "40"}, {"price": "0.03", "size": "38.33"}], "asks": [{"price": "0.99", "size": "10066.66"}, {"price": "0.98", "size": "5000"}, {"price": "0.96", "size": "2500"}, {"price": "0.95", "size": "40"}, {"price": "0.94", "size": "750"}, {"price": "0.9", "size": "375"}, {"price": "0.89", "size": "20"}, {"price": "0.87", "size": "76.66"}, {"price": "0.86", "size": "38"}, {"price": "0.75", "size": "71.66"}], "event_type": "book", "last_trade_price": ""}, {"market": "0x949c8c782beaf0d71a8ddc42ce5c0d0bfe3ec3c6ae5a7f94daea10850e8c570d", "asset_id": "30539481741900915205478863896530423654330693287078895672964604758297530843731", "timestamp": "1769383844893", "hash": "d594f8fa640217e099273630f4997941cc07a19e", "bids": [{"price": "0.01", "size": "69.56"}, {"price": "0.02", "size": "43.35"}, {"price": "0.03", "size": "29.78"}], "asks": [{"price": "0.99", "size": "10066.66"}, {"price": "0.98", "size": "5000"}, {"price": "0.97", "size": "66"}, {"price": "0.96", "size": "2500"}, {"price": "0.94", "size": "750"}, {"price": "0.9", "size": "375"}, {"price": "0.89", "size": "20"}, {"price": "0.88", "size": "76.66"}, {"price": "0.87", "size": "5"}, {"price": "0.77", "size": "71.66"}], "event_type": "book", "last_trade_price": "0.020"}, {"market": "0x9a0de7353469fc7af319897a8a494334b8a286d5cd8ec4b4edb6b3445a4b1597", "asset_id": "43697661106139132419773585187886106203320732906584708348798041358649329039252", "timestamp": "1769384009431", "hash": "62fddc796d18d0efc8e4029249da4846535db8b4", "bids": [{"price": "0.01", "size": "31.66"}, {"price": "0.02", "size": "47"}, {"price": "0.03", "size": "31.66"}, {"price": "0.05", "size": "61.66"}], "asks": [{"price": "0.99", "size": "10066.66"}, {"price": "0.98", "size": "5000"}, {"price": "0.97", "size": "66"}, {"price": "0.96", "size": "2500"}, {"price": "0.94", "size": "10"}, {"price": "0.93", "size": "20"}, {"price": "0.9", "size": "10"}, {"price": "0.88", "size": "66.66"}, {"price": "0.76", "size": "71.66"}], "event_type": "book", "last_trade_price": ""}, {"market": "0xfe9d1a32b46991e6895baece1bf6bb1467b814a28aefd6f33f13c6ba91b8d3c9", "asset_id": "57979481369976477405471459370425139763472501428373244029900741691432131403521", "timestamp": "1769384007695", "hash": "3c2fecb3efdfe1a12feeb25b5251a554fcd91ca9", "bids": [{"price": "0.01", "size": "10066.66"}, {"price": "0.02", "size": "5000"}, {"price": "0.04", "size": "2500"}, {"price": "0.06", "size": "750"}, {"price": "0.08", "size": "66.66"}, {"price": "0.09", "size": "20"}, {"price": "0.1", "size": "375"}, {"price": "0.12", "size": "103"}, {"price": "0.14", "size": "20"}, {"price": "0.15", "size": "66.66"}], "asks": [{"price": "0.99", "size": "116.66"}, {"price": "0.98", "size": "26"}, {"price": "0.96", "size": "53.33"}], "event_type": "book", "last_trade_price": ""}, {"market": "0xfe9d1a32b46991e6895baece1bf6bb1467b814a28aefd6f33f13c6ba91b8d3c9", "asset_id": "71990823545476172057397539228999083435242402644332688321711165550800328090716", "timestamp": "1769384007695", "hash": "c2278c2813144898ff6bb700b1e7f7b73e7fe41c", "bids": [{"price": "0.01", "size": "116.66"}, {"price": "0.02", "size": "26"}, {"price": "0.04", "size": "53.33"}], "asks": [{"price": "0.99", "size": "10066.66"}, {"price": "0.98", "size": "5000"}, {"price": "0.96", "size": "2500"}, {"price": "0.94", "size": "750"}, {"price": "0.92", "size": "66.66"}, {"price": "0.91", "size": "20"}, {"price": "0.9", "size": "375"}, {"price": "0.88", "size": "103"}, {"price": "0.86", "size": "20"}, {"price": "0.85", "size": "66.66"}], "event_type": "book", "last_trade_price": ""}, {"market": "0x949c8c782beaf0d71a8ddc42ce5c0d0bfe3ec3c6ae5a7f94daea10850e8c570d", "asset_id": "87159419841688319639364568112345975815517805746054836624129542662189383490979", "timestamp": "1769383844893", "hash": "a709d6eb00e0124b834170cf5a68e27a70c7ba55", "bids": [{"price": "0.01", "size": "10066.66"}, {"price": "0.02", "size": "5000"}, {"price": "0.03", "size": "66"}, {"price": "0.04", "size": "2500"}, {"price": "0.06", "size": "750"}, {"price": "0.1", "size": "375"}, {"price": "0.11", "size": "20"}, {"price": "0.12", "size": "76.66"}, {"price": "0.13", "size": "5"}, {"price": "0.23", "size": "71.66"}], "asks": [{"price": "0.99", "size": "69.56"}, {"price": "0.98", "size": "43.35"}, {"price": "0.97", "size": "29.78"}], "event_type": "book", "last_trade_price": "0.020"}, {"market": "0x97d9efae9a1242a8a03dbcc185a8b86bd305d6d46b3f24ca1a4aca3fa9a6212e", "asset_id": "108294337269786211232053551884711256636202429160499226202163015019758017901843", "timestamp": "1769383962695", "hash": "623cd74162de054c20eedbd16ce7d0455928af2a", "bids": [{"price": "0.01", "size": "10072.34"}, {"price": "0.02", "size": "5000"}, {"price": "0.04", "size": "2500"}, {"price": "0.06", "size": "125"}, {"price": "0.08", "size": "66.66"}, {"price": "0.09", "size": "20"}, {"price": "0.15", "size": "20"}, {"price": "0.16", "size": "66.66"}], "asks": [{"price": "0.99", "size": "133.32"}, {"price": "0.98", "size": "47"}, {"price": "0.97", "size": "60.98"}], "event_type": "book", "last_trade_price": ""}, {"market": "0x97d9efae9a1242a8a03dbcc185a8b86bd305d6d46b3f24ca1a4aca3fa9a6212e", "asset_id": "104261134120343853622280944278231007806923775273920625091535282621751091388993", "timestamp": "1769383962695", "hash": "3048b3ec5dad2f424de646f895aac277060a9444", "bids": [{"price": "0.01", "size": "133.32"}, {"price": "0.02", "size": "47"}, {"price": "0.03", "size": "60.98"}], "asks": [{"price": "0.99", "size": "10072.34"}, {"price": "0.98", "size": "5000"}, {"price": "0.96", "size": "2500"}, {"price": "0.94", "size": "125"}, {"price": "0.92", "size": "66.66"}, {"price": "0.91", "size": "20"}, {"price": "0.85", "size": "20"}, {"price": "0.84", "size": "66.66"}], "event_type": "book", "last_trade_price": ""}]}
{"_local_timestamp": "2026-01-25T23:34:30.051091+00:00", "data": {"market": "0x9a0de7353469fc7af319897a8a494334b8a286d5cd8ec4b4edb6b3445a4b1597", "price_changes": [{"asset_id": "82448464534710566057881902879012276545801914494658997880647276477323315813986", "price": "0.1", "size": "0", "side": "BUY", "hash": "ebdc282576d0745033c988ea609c68934259b874", "best_bid": "0.24", "best_ask": "0.95"}, {"asset_id": "43697661106139132419773585187886106203320732906584708348798041358649329039252", "price": "0.9", "size": "0", "side": "SELL", "hash": "2dcab1bc2532d14381cccc2d33752cd1301479a9", "best_bid": "0.05", "best_ask": "0.76"}], "timestamp": "1769384069854", "event_type": "price_change"}}
{"_local_timestamp": "2026-01-25T23:34:30.113790+00:00", "data": {"market": "0x9a0de7353469fc7af319897a8a494334b8a286d5cd8ec4b4edb6b3445a4b1597", "price_changes": [{"asset_id": "82448464534710566057881902879012276545801914494658997880647276477323315813986", "price": "0.08", "size": "10", "side": "BUY", "hash": "1591d7d9b3970997451502f9d647ab1334cebcc0", "best_bid": "0.24", "best_ask": "0.95"}, {"asset_id": "43697661106139132419773585187886106203320732906584708348798041358649329039252", "price": "0.92", "size": "10", "side": "SELL", "hash": "8efc412e034377e811e8c913abf49dc6b66ad20d", "best_bid": "0.05", "best_ask": "0.76"}], "timestamp": "1769384069936", "event_type": "price_change"}}
{"_local_timestamp": "2026-01-25T23:34:34.075602+00:00", "data": {"market": "0x9a0de7353469fc7af319897a8a494334b8a286d5cd8ec4b4edb6b3445a4b1597", "price_changes": [{"asset_id": "82448464534710566057881902879012276545801914494658997880647276477323315813986", "price": "0.07", "size": "0", "side": "BUY", "hash": "c5fd864f6587528141f99b1586783dadb7e53a2c", "best_bid": "0.24", "best_ask": "0.95"}, {"asset_id": "43697661106139132419773585187886106203320732906584708348798041358649329039252", "price": "0.93", "size": "0", "side": "SELL", "hash": "e90c4623c5d8abfa1fbe3292047c10cc8daaee61", "best_bid": "0.05", "best_ask": "0.76"}], "timestamp": "1769384074002", "event_type": "price_change"}}
{"_local_timestamp": "2026-01-25T23:34:34.109949+00:00", "data": {"market": "0x9a0de7353469fc7af319897a8a494334b8a286d5cd8ec4b4edb6b3445a4b1597", "price_changes": [{"asset_id": "82448464534710566057881902879012276545801914494658997880647276477323315813986", "price": "0.09", "size": "20", "side": "BUY", "hash": "c17854ab8379f98a17f0b60b70198e6c6e321465", "best_bid": "0.24", "best_ask": "0.95"}, {"asset_id": "43697661106139132419773585187886106203320732906584708348798041358649329039252", "price": "0.91", "size": "20", "side": "SELL", "hash": "83adcc70e6060b57cf5b91048068c0e215ee957e", "best_bid": "0.05", "best_ask": "0.76"}], "timestamp": "1769384074027", "event_type": "price_change"}}
{"_local_timestamp": "2026-01-25T23:34:34.845323+00:00", "data": {"market": "0xee58cd1c7231995c5ae2a91f48c350a22f87659a302101db4a3df99e6dc3a6ea", "price_changes": [{"asset_id": "7803863184464146993115773330448529218170635474995115952766099510312723003472", "price": "0.02", "size": "59.99", "side": "BUY", "hash": "fef7ae2e53508da7a1b4d4cf319138508babccba", "best_bid": "0.02", "best_ask": "0.82"}, {"asset_id": "21283325371787731209365391554654959446978032764029860917798309525771402585583", "price": "0.98", "size": "59.99", "side": "SELL", "hash": "27eba7cb65adc8609d867087f387407aeeb200c0", "best_bid": "0.18", "best_ask": "0.98"}], "timestamp": "1769384074774", "event_type": "price_change"}}
{"_local_timestamp": "2026-01-25T23:34:34.857268+00:00", "data": {"market": "0x949c8c782beaf0d71a8ddc42ce5c0d0bfe3ec3c6ae5a7f94daea10850e8c570d", "price_changes": [{"asset_id": "30539481741900915205478863896530423654330693287078895672964604758297530843731", "price": "0.04", "size": "29.99", "side": "BUY", "hash": "1bfd1e1f814d12f94f4b903910896faba2b341ea", "best_bid": "0.04", "best_ask": "0.77"}, {"asset_id": "87159419841688319639364568112345975815517805746054836624129542662189383490979", "price": "0.96", "size": "29.99", "side": "SELL", "hash": "225d6455ef9c085407f71aed2c993c0c499eb27c", "best_bid": "0.23", "best_ask": "0.96"}], "timestamp": "1769384074774", "event_type": "price_change"}}
{"_local_timestamp": "2026-01-25T23:34:34.862986+00:00", "data": {"market": "0xfe9d1a32b46991e6895baece1bf6bb1467b814a28aefd6f33f13c6ba91b8d3c9", "price_changes": [{"asset_id": "71990823545476172057397539228999083435242402644332688321711165550800328090716", "price": "0.05", "size": "23.99", "side": "BUY", "hash": "e09a3c33020e5f51b59208228ec6d58ab4f7bdea", "best_bid": "0.05", "best_ask": "0.85"}, {"asset_id": "57979481369976477405471459370425139763472501428373244029900741691432131403521", "price": "0.95", "size": "23.99", "side": "SELL", "hash": "da753e47f10fcd9a3d5016ba31fe00e95396e95e", "best_bid": "0.15", "best_ask": "0.95"}], "timestamp": "1769384074774", "event_type": "price_change"}}
{"_local_timestamp": "2026-01-25T23:34:34.866987+00:00", "data": {"market": "0x97d9efae9a1242a8a03dbcc185a8b86bd305d6d46b3f24ca1a4aca3fa9a6212e", "price_changes": [{"asset_id": "108294337269786211232053551884711256636202429160499226202163015019758017901843", "price": "0.15", "size": "0", "side": "BUY", "hash": "cb0cc1b57d0e70ea375c86565fd43040c2d934e0", "best_bid": "0.16", "best_ask": "0.97"}, {"asset_id": "104261134120343853622280944278231007806923775273920625091535282621751091388993", "price": "0.85", "size": "0", "side": "SELL", "hash": "dad033e7872247416576e23a02c8dabba4837041", "best_bid": "0.03", "best_ask": "0.84"}], "timestamp": "1769384074793", "event_type": "price_change"}}
{"_local_timestamp": "2026-01-25T23:34:34.867354+00:00", "data": {"market": "0xee58cd1c7231995c5ae2a91f48c350a22f87659a302101db4a3df99e6dc3a6ea", "price_changes": [{"asset_id": "21283325371787731209365391554654959446978032764029860917798309525771402585583", "price": "0.17", "size": "0", "side": "BUY", "hash": "43808e2519b5042447df925c6f3147674013df59", "best_bid": "0.18", "best_ask": "0.98"}, {"asset_id": "7803863184464146993115773330448529218170635474995115952766099510312723003472", "price": "0.83", "size": "0", "side": "SELL", "hash": "c6afcfaafb3733cf2708590939c9d3af2bc26aa5", "best_bid": "0.02", "best_ask": "0.82"}], "timestamp": "1769384074793", "event_type": "price_change"}}
{"_local_timestamp": "2026-01-25T23:34:34.868148+00:00", "data": {"market": "0xfe9d1a32b46991e6895baece1bf6bb1467b814a28aefd6f33f13c6ba91b8d3c9", "price_changes": [{"asset_id": "57979481369976477405471459370425139763472501428373244029900741691432131403521", "price": "0.14", "size": "0", "side": "BUY", "hash": "ad74fb252454ca0d817dddd4c69d9cc112f7ef37", "best_bid": "0.15", "best_ask": "0.95"}, {"asset_id": "71990823545476172057397539228999083435242402644332688321711165550800328090716", "price": "0.86", "size": "0", "side": "SELL", "hash": "0bbb96c2680178484b40f06a407ad2c1fdee9761", "best_bid": "0.05", "best_ask": "0.85"}], "timestamp": "1769384074793", "event_type": "price_change"}}
{"_local_timestamp": "2026-01-25T23:34:34.883719+00:00", "data": {"market": "0x97d9efae9a1242a8a03dbcc185a8b86bd305d6d46b3f24ca1a4aca3fa9a6212e", "price_changes": [{"asset_id": "108294337269786211232053551884711256636202429160499226202163015019758017901843", "price": "0.18", "size": "20", "side": "BUY", "hash": "ca9fa0dd7d055ff6a0528291b0a04828194ef75f", "best_bid": "0.18", "best_ask": "0.97"}, {"asset_id": "104261134120343853622280944278231007806923775273920625091535282621751091388993", "price": "0.82", "size": "20", "side": "SELL", "hash": "77b92a84579e6f94e71a8e4c99211448b30a725a", "best_bid": "0.03", "best_ask": "0.82"}], "timestamp": "1769384074816", "event_type": "price_change"}}
{"_local_timestamp": "2026-01-25T23:34:34.910236+00:00", "data": {"market": "0xee58cd1c7231995c5ae2a91f48c350a22f87659a302101db4a3df99e6dc3a6ea", "price_changes": [{"asset_id": "21283325371787731209365391554654959446978032764029860917798309525771402585583", "price": "0.19", "size": "20", "side": "BUY", "hash": "0d9e2c65c9c0d706d6c7ae5ae598d9495747ce8e", "best_bid": "0.19", "best_ask": "0.98"}, {"asset_id": "7803863184464146993115773330448529218170635474995115952766099510312723003472", "price": "0.81", "size": "20", "side": "SELL", "hash": "65d6f2a90b63f8a4062a10b0910515abed849365", "best_bid": "0.02", "best_ask": "0.81"}], "timestamp": "1769384074843", "event_type": "price_change"}}
{"_local_timestamp": "2026-01-25T23:34:34.936233+00:00", "data": {"market": "0xfe9d1a32b46991e6895baece1bf6bb1467b814a28aefd6f33f13c6ba91b8d3c9", "price_changes": [{"asset_id": "57979481369976477405471459370425139763472501428373244029900741691432131403521", "price": "0.16", "size": "20", "side": "BUY", "hash": "0aab3235c72086bf38c3930501e1ade62f7bf3b1", "best_bid": "0.16", "best_ask": "0.95"}, {"asset_id": "71990823545476172057397539228999083435242402644332688321711165550800328090716", "price": "0.84", "size": "20", "side": "SELL", "hash": "0dbc19cdc9c5662a3e8c20dd1a9c2657152e617e", "best_bid": "0.05", "best_ask": "0.84"}], "timestamp": "1769384074867", "event_type": "price_change"}}
{"_local_timestamp": "2026-01-25T23:34:34.963447+00:00", "data": {"market": "0x97d9efae9a1242a8a03dbcc185a8b86bd305d6d46b3f24ca1a4aca3fa9a6212e", "price_changes": [{"asset_id": "104261134120343853622280944278231007806923775273920625091535282621751091388993", "price": "0.04", "size": "29.99", "side": "BUY", "hash": "31403f5733e446de799384dde939ebea4382c4b1", "best_bid": "0.04", "best_ask": "0.82"}, {"asset_id": "108294337269786211232053551884711256636202429160499226202163015019758017901843", "price": "0.96", "size": "29.99", "side": "SELL", "hash": "24463806b26b0179b9c7b4dc15c65d352f28abf4", "best_bid": "0.18", "best_ask": "0.96"}], "timestamp": "1769384074887", "event_type": "price_change"}}
{"_local_timestamp": "2026-01-25T23:34:34.974700+00:00", "data": {"market": "0xc20bd18955fdcaea6f4f20c37d84d5388e91fc4638490ca4facf8be523dc6c13", "price_changes": [{"asset_id": "89373461182969289579845172492872922158629123151223268658038449652837405119276", "price": "0.04", "size": "29.99", "side": "BUY", "hash": "2edf2a81aa49982b672a811e8497b8c9b74b4793", "best_bid": "0.04", "best_ask": "0.75"}, {"asset_id": "40380829381795973958306409949439163717944979125745463341977071152902853169349", "price": "0.96", "size": "29.99", "side": "SELL", "hash": "6688d9736c5ce7cdeb02c278d08a8a583baea51a", "best_bid": "0.25", "best_ask": "0.96"}], "timestamp": "1769384074886", "event_type": "price_change"}}
{"_local_timestamp": "2026-01-25T23:34:36.843190+00:00", "data": {"market": "0xee58cd1c7231995c5ae2a91f48c350a22f87659a302101db4a3df99e6dc3a6ea", "price_changes": [{"asset_id": "21283325371787731209365391554654959446978032764029860917798309525771402585583", "price": "0.11", "size": "0", "side": "BUY", "hash": "e425b239b616db92fc74983e7418a9ac57e34262", "best_bid": "0.19", "best_ask": "0.98"}, {"asset_id": "7803863184464146993115773330448529218170635474995115952766099510312723003472", "price": "0.89", "size": "0", "side": "SELL", "hash": "b7e6dfe019bb237c56c93ed39380666abebfc18a", "best_bid": "0.02", "best_ask": "0.81"}], "timestamp": "1769384076775", "event_type": "price_change"}}
{"_local_timestamp": "2026-01-25T23:34:36.845833+00:00", "data": {"market": "0xc20bd18955fdcaea6f4f20c37d84d5388e91fc4638490ca4facf8be523dc6c13", "price_changes": [{"asset_id": "40380829381795973958306409949439163717944979125745463341977071152902853169349", "price": "0.11", "size": "0", "side": "BUY", "hash": "f77842686a09c1e3c8e5249e4db3b05b30e3a086", "best_bid": "0.25", "best_ask": "0.96"}, {"asset_id": "89373461182969289579845172492872922158629123151223268658038449652837405119276", "price": "0.89", "size": "0", "side": "SELL", "hash": "d6c53370afcc47e5eeb76b3ae1180b2427086cec", "best_bid": "0.04", "best_ask": "0.75"}], "timestamp": "1769384076775", "event_type": "price_change"}}
{"_local_timestamp": "2026-01-25T23:34:36.846353+00:00", "data": {"market": "0x9a0de7353469fc7af319897a8a494334b8a286d5cd8ec4b4edb6b3445a4b1597", "price_changes": [{"asset_id": "82448464534710566057881902879012276545801914494658997880647276477323315813986", "price": "0.09", "size": "0", "side": "BUY", "hash": "b13d6756457b55af278f8b54fcc568890113246f", "best_bid": "0.24", "best_ask": "0.95"}, {"asset_id": "43697661106139132419773585187886106203320732906584708348798041358649329039252", "price": "0.91", "size": "0", "side": "SELL", "hash": "2a0ae87832e83902380850770ee0c6f1374f4106", "best_bid": "0.05", "best_ask": "0.76"}], "timestamp": "1769384076775", "event_type": "price_change"}}
{"_local_timestamp": "2026-01-25T23:34:36.846875+00:00", "data": {"market": "0xfe9d1a32b46991e6895baece1bf6bb1467b814a28aefd6f33f13c6ba91b8d3c9", "price_changes": [{"asset_id": "57979481369976477405471459370425139763472501428373244029900741691432131403521", "price": "0.09", "size": "0", "side": "BUY", "hash": "a87c25d9dbfdbed3ca5b8f1828ce06e93ffb94e8", "best_bid": "0.16", "best_ask": "0.95"}, {"asset_id": "71990823545476172057397539228999083435242402644332688321711165550800328090716", "price": "0.91", "size": "0", "side": "SELL", "hash": "9db693a9736a91c2e2d0f714328d5f59a8af0b50", "best_bid": "0.05", "best_ask": "0.84"}], "timestamp": "1769384076775", "event_type": "price_change"}}
{"_local_timestamp": "2026-01-25T23:34:36.847645+00:00", "data": {"market": "0x949c8c782beaf0d71a8ddc42ce5c0d0bfe3ec3c6ae5a7f94daea10850e8c570d", "price_changes": [{"asset_id": "87159419841688319639364568112345975815517805746054836624129542662189383490979", "price": "0.11", "size": "0", "side": "BUY", "hash": "dccbe0ef1a3247e919c1ec56cd0d9c142246071e", "best_bid": "0.23", "best_ask": "0.96"}, {"asset_id": "30539481741900915205478863896530423654330693287078895672964604758297530843731", "price": "0.89", "size": "0", "side": "SELL", "hash": "42a06a1f6ccf630ef9822af5ed7a450444e01db7", "best_bid": "0.04", "best_ask": "0.77"}], "timestamp": "1769384076775", "event_type": "price_change"}}
{"_local_timestamp": "2026-01-25T23:34:36.878648+00:00", "data": {"market": "0x949c8c782beaf0d71a8ddc42ce5c0d0bfe3ec3c6ae5a7f94daea10850e8c570d", "price_changes": [{"asset_id": "87159419841688319639364568112345975815517805746054836624129542662189383490979", "price": "0.13", "size": "25", "side": "BUY", "hash": "b41776d25fccf5f0676f353e61a18df0635583f4", "best_bid": "0.23", "best_ask": "0.96"}, {"asset_id": "30539481741900915205478863896530423654330693287078895672964604758297530843731", "price": "0.87", "size": "25", "side": "SELL", "hash": "f249e6fb2a17c7a009e788df0b60e63c8f55b5fd", "best_bid": "0.04", "best_ask": "0.77"}], "timestamp": "1769384076810", "event_type": "price_change"}}
{"_local_timestamp": "2026-01-25T23:34:36.879150+00:00", "data": {"market": "0xc20bd18955fdcaea6f4f20c37d84d5388e91fc4638490ca4facf8be523dc6c13", "price_changes": [{"asset_id": "40380829381795973958306409949439163717944979125745463341977071152902853169349", "price": "0.15", "size": "20", "side": "BUY", "hash": "97eeee0e533b627b3d8bcec0b5ee8b5b77a2934d", "best_bid": "0.25", "best_ask": "0.96"}, {"asset_id": "89373461182969289579845172492872922158629123151223268658038449652837405119276", "price": "0.85", "size": "20", "side": "SELL", "hash": "9342590a8ab644734ed129394f82efd6c690d5a1", "best_bid": "0.04", "best_ask": "0.75"}], "timestamp": "1769384076810", "event_type": "price_change"}}
{"_local_timestamp": "2026-01-25T23:34:36.879636+00:00", "data": {"market": "0xfe9d1a32b46991e6895baece1bf6bb1467b814a28aefd6f33f13c6ba91b8d3c9", "price_changes": [{"asset_id": "57979481369976477405471459370425139763472501428373244029900741691432131403521", "price": "0.13", "size": "20", "side": "BUY", "hash": "110cf5d086bcc83529608e8ba38a644afb102d0c", "best_bid": "0.16", "best_ask": "0.95"}, {"asset_id": "71990823545476172057397539228999083435242402644332688321711165550800328090716", "price": "0.87", "size": "20", "side": "SELL", "hash": "7bfbf9167e2a85ae33f5e85b8a947363e2754f59", "best_bid": "0.05", "best_ask": "0.84"}], "timestamp": "1769384076810", "event_type": "price_change"}}
{"_local_timestamp": "2026-01-25T23:34:36.880330+00:00", "data": {"market": "0x9a0de7353469fc7af319897a8a494334b8a286d5cd8ec4b4edb6b3445a4b1597", "price_changes": [{"asset_id": "82448464534710566057881902879012276545801914494658997880647276477323315813986", "price": "0.13", "size": "20", "side": "BUY", "hash": "0cbd40cf5154a173c973980062e004ef0f73b29f", "best_bid": "0.24", "best_ask": "0.95"}, {"asset_id": "43697661106139132419773585187886106203320732906584708348798041358649329039252", "price": "0.87", "size": "20", "side": "SELL", "hash": "0f7ec1e2bf38fa6b23c13386be1c456cb4b489ea", "best_bid": "0.05", "best_ask": "0.76"}], "timestamp": "1769384076810", "event_type": "price_change"}}
{"_local_timestamp": "2026-01-25T23:34:36.880919+00:00", "data": {"market": "0xee58cd1c7231995c5ae2a91f48c350a22f87659a302101db4a3df99e6dc3a6ea", "price_changes": [{"asset_id": "21283325371787731209365391554654959446978032764029860917798309525771402585583", "price": "0.15", "size": "20", "side": "BUY", "hash": "ef593eea863cf327fd5752851f3bcf3c06013074", "best_bid": "0.19", "best_ask": "0.98"}, {"asset_id": "7803863184464146993115773330448529218170635474995115952766099510312723003472", "price": "0.85", "size": "20", "side": "SELL", "hash": "f7ea0a577c31d32e33f09adec582573f88e86f6e", "best_bid": "0.02", "best_ask": "0.81"}], "timestamp": "1769384076810", "event_type": "price_change"}}
{"_local_timestamp": "2026-01-25T23:34:40.021461+00:00", "data": {"market": "0xee58cd1c7231995c5ae2a91f48c350a22f87659a302101db4a3df99e6dc3a6ea", "price_changes": [{"asset_id": "21283325371787731209365391554654959446978032764029860917798309525771402585583", "price": "0.14", "size": "63", "side": "BUY", "hash": "192c83962eb1af336c0b0116f1ad057d78ca9871", "best_bid": "0.19", "best_ask": "0.98"}, {"asset_id": "7803863184464146993115773330448529218170635474995115952766099510312723003472", "price": "0.86", "size": "63", "side": "SELL", "hash": "6ea4d15e4e1ab747a63169927f5e877fc2f1eadf", "best_bid": "0.02", "best_ask": "0.81"}], "timestamp": "1769384079856", "event_type": "price_change"}}
{"_local_timestamp": "2026-01-25T23:34:40.083261+00:00", "data": {"market": "0xee58cd1c7231995c5ae2a91f48c350a22f87659a302101db4a3df99e6dc3a6ea", "price_changes": [{"asset_id": "21283325371787731209365391554654959446978032764029860917798309525771402585583", "price": "0.15", "size": "30", "side": "BUY", "hash": "8628bf7646866c897f38e5252ecade5bd708ad75", "best_bid": "0.19", "best_ask": "0.98"}, {"asset_id": "7803863184464146993115773330448529218170635474995115952766099510312723003472", "price": "0.85", "size": "30", "side": "SELL", "hash": "18279f0cf5ec873576f6e7a40ea76f3c197ebd4e", "best_bid": "0.02", "best_ask": "0.81"}], "timestamp": "1769384079951", "event_type": "price_change"}}
{"_local_timestamp": "2026-01-25T23:34:44.133274+00:00", "data": {"market": "0xee58cd1c7231995c5ae2a91f48c350a22f87659a302101db4a3df99e6dc3a6ea", "price_changes": [{"asset_id": "21283325371787731209365391554654959446978032764029860917798309525771402585583", "price": "0.15", "size": "10", "side": "BUY", "hash": "d00f20f6605f1874aa3ea92f4a0be384ffcbd79b", "best_bid": "0.19", "best_ask": "0.98"}, {"asset_id": "7803863184464146993115773330448529218170635474995115952766099510312723003472", "price": "0.85", "size": "10", "side": "SELL", "hash": "25075ca64f139ee02931007c372adfed7bbccf1d", "best_bid": "0.02", "best_ask": "0.81"}], "timestamp": "1769384084022", "event_type": "price_change"}}
{"_local_timestamp": "2026-01-25T23:34:44.150127+00:00", "data": {"market": "0xee58cd1c7231995c5ae2a91f48c350a22f87659a302101db4a3df99e6dc3a6ea", "price_changes": [{"asset_id": "21283325371787731209365391554654959446978032764029860917798309525771402585583", "price": "0.16", "size": "20", "side": "BUY", "hash": "bdc8c4bafbfe23bbda2eda6ed4863c30403729a7", "best_bid": "0.19", "best_ask": "0.98"}, {"asset_id": "7803863184464146993115773330448529218170635474995115952766099510312723003472", "price": "0.84", "size": "20", "side": "SELL", "hash": "fa8d440aa43468e3fa4f64f698599aa1fa0b41d3", "best_bid": "0.02", "best_ask": "0.81"}], "timestamp": "1769384084047", "event_type": "price_change"}}
{"_local_timestamp": "2026-01-25T23:35:13.279604+00:00", "data": {"market": "0xfe9d1a32b46991e6895baece1bf6bb1467b814a28aefd6f33f13c6ba91b8d3c9", "price_changes": [{"asset_id": "57979481369976477405471459370425139763472501428373244029900741691432131403521", "price": "0.17", "size": "39", "side": "BUY", "hash": "712d8e04f32065718c3b8891ad08c9f24d8fda79", "best_bid": "0.17", "best_ask": "0.95"}, {"asset_id": "71990823545476172057397539228999083435242402644332688321711165550800328090716", "price": "0.83", "size": "39", "side": "SELL", "hash": "5540f47c856f731f742efe63b7bdf38a4de7d54f", "best_bid": "0.05", "best_ask": "0.83"}], "timestamp": "1769384113050", "event_type": "price_change"}}
{"_local_timestamp": "2026-01-25T23:35:13.281373+00:00", "data": {"market": "0xee58cd1c7231995c5ae2a91f48c350a22f87659a302101db4a3df99e6dc3a6ea", "price_changes": [{"asset_id": "21283325371787731209365391554654959446978032764029860917798309525771402585583", "price": "0.2", "size": "39", "side": "BUY", "hash": "8833c3b101f7317c73c6f3a9e18cf1c6ce71234f", "best_bid": "0.2", "best_ask": "0.98"}, {"asset_id": "7803863184464146993115773330448529218170635474995115952766099510312723003472", "price": "0.8", "size": "39", "side": "SELL", "hash": "efea5a660d76d797de0cb6ebc7b8d6d99e091c43", "best_bid": "0.02", "best_ask": "0.8"}], "timestamp": "1769384113050", "event_type": "price_change"}}
{"_local_timestamp": "2026-01-25T23:35:13.298820+00:00", "data": {"market": "0xee58cd1c7231995c5ae2a91f48c350a22f87659a302101db4a3df99e6dc3a6ea", "price_changes": [{"asset_id": "21283325371787731209365391554654959446978032764029860917798309525771402585583", "price": "0.19", "size": "0", "side": "BUY", "hash": "a7dcc472365c3bc45e1011637fea3a51d41ef047", "best_bid": "0.2", "best_ask": "0.98"}, {"asset_id": "7803863184464146993115773330448529218170635474995115952766099510312723003472", "price": "0.81", "size": "0", "side": "SELL", "hash": "b597ff1fd64c1360d45149c1657bb736f68efd48", "best_bid": "0.02", "best_ask": "0.8"}], "timestamp": "1769384113089", "event_type": "price_change"}}
{"_local_timestamp": "2026-01-25T23:35:13.299312+00:00", "data": {"market": "0xfe9d1a32b46991e6895baece1bf6bb1467b814a28aefd6f33f13c6ba91b8d3c9", "price_changes": [{"asset_id": "57979481369976477405471459370425139763472501428373244029900741691432131403521", "price": "0.16", "size": "0", "side": "BUY", "hash": "a0b536a74cc1b3303a277be7f795878f662448eb", "best_bid": "0.17", "best_ask": "0.95"}, {"asset_id": "71990823545476172057397539228999083435242402644332688321711165550800328090716", "price": "0.84", "size": "0", "side": "SELL", "hash": "0d3ae2b480f21d9ee89df961957ac93ab8c748aa", "best_bid": "0.05", "best_ask": "0.83"}], "timestamp": "1769384113089", "event_type": "price_change"}}
{"_local_timestamp": "2026-01-25T23:35:13.454099+00:00", "data": {"market": "0xee58cd1c7231995c5ae2a91f48c350a22f87659a302101db4a3df99e6dc3a6ea", "price_changes": [{"asset_id": "21283325371787731209365391554654959446978032764029860917798309525771402585583", "price": "0.21", "size": "20", "side": "BUY", "hash": "f10fd8bf54ca7a9d714e9cf656c2a49671ba44b2", "best_bid": "0.21", "best_ask": "0.98"}, {"asset_id": "7803863184464146993115773330448529218170635474995115952766099510312723003472", "price": "0.79", "size": "20", "side": "SELL", "hash": "d7d72815a5dc79235ead884837fb1aba281fd0be", "best_bid": "0.02", "best_ask": "0.79"}], "timestamp": "1769384113219", "event_type": "price_change"}}
{"_local_timestamp": "2026-01-25T23:35:13.545442+00:00", "data": {"market": "0xfe9d1a32b46991e6895baece1bf6bb1467b814a28aefd6f33f13c6ba91b8d3c9", "price_changes": [{"asset_id": "57979481369976477405471459370425139763472501428373244029900741691432131403521", "price": "0.18", "size": "20", "side": "BUY", "hash": "c086634b3d7a8c8e9d0901c8fad1d293c007bb1f", "best_bid": "0.18", "best_ask": "0.95"}, {"asset_id": "71990823545476172057397539228999083435242402644332688321711165550800328090716", "price": "0.82", "size": "20", "side": "SELL", "hash": "382cb658496f5cdb3545289ebbef56900ded5f00", "best_bid": "0.05", "best_ask": "0.82"}], "timestamp": "1769384113243", "event_type": "price_change"}}
{"_local_timestamp": "2026-01-25T23:35:25.481613+00:00", "data": {"market": "0xee58cd1c7231995c5ae2a91f48c350a22f87659a302101db4a3df99e6dc3a6ea", "price_changes": [{"asset_id": "7803863184464146993115773330448529218170635474995115952766099510312723003472", "price": "0.01", "size": "10", "side": "BUY", "hash": "c03b3091a0f90296a04270df23ac9d9d23df1327", "best_bid": "0.02", "best_ask": "0.79"}, {"asset_id": "21283325371787731209365391554654959446978032764029860917798309525771402585583", "price": "0.99", "size": "10", "side": "SELL", "hash": "fc2d0aa77892f8f59a0462944f64c5c0287862eb", "best_bid": "0.21", "best_ask": "0.98"}], "timestamp": "1769384125268", "event_type": "price_change"}}
{"_local_timestamp": "2026-01-25T23:35:25.482114+00:00", "data": {"market": "0xfe9d1a32b46991e6895baece1bf6bb1467b814a28aefd6f33f13c6ba91b8d3c9", "price_changes": [{"asset_id": "57979481369976477405471459370425139763472501428373244029900741691432131403521", "price": "0.15", "size": "0", "side": "BUY", "hash": "9471191bcb2fe92b6925cec8288721f8fe312c76", "best_bid": "0.18", "best_ask": "0.95"}, {"asset_id": "71990823545476172057397539228999083435242402644332688321711165550800328090716", "price": "0.85", "size": "0", "side": "SELL", "hash": "6bf599b9c4b79a26dd035b93f4c67906d21cc7b1", "best_bid": "0.05", "best_ask": "0.82"}], "timestamp": "1769384125268", "event_type": "price_change"}}
{"_local_timestamp": "2026-01-25T23:35:25.485824+00:00", "data": {"market": "0x97d9efae9a1242a8a03dbcc185a8b86bd305d6d46b3f24ca1a4aca3fa9a6212e", "price_changes": [{"asset_id": "108294337269786211232053551884711256636202429160499226202163015019758017901843", "price": "0.16", "size": "0", "side": "BUY", "hash": "dd661a7696acf171f80f0543b0d46885c80e1478", "best_bid": "0.18", "best_ask": "0.96"}, {"asset_id": "104261134120343853622280944278231007806923775273920625091535282621751091388993", "price": "0.84", "size": "0", "side": "SELL", "hash": "b517758b418dfa5b5fdbba90199508b35b02557e", "best_bid": "0.04", "best_ask": "0.82"}], "timestamp": "1769384125268", "event_type": "price_change"}}
{"_local_timestamp": "2026-01-25T23:35:25.486287+00:00", "data": {"market": "0xc20bd18955fdcaea6f4f20c37d84d5388e91fc4638490ca4facf8be523dc6c13", "price_changes": [{"asset_id": "89373461182969289579845172492872922158629123151223268658038449652837405119276", "price": "0.01", "size": "48.33", "side": "BUY", "hash": "691c112b70f94750ce587a2de72df2ecf38f602e", "best_bid": "0.04", "best_ask": "0.75"}, {"asset_id": "40380829381795973958306409949439163717944979125745463341977071152902853169349", "price": "0.99", "size": "48.33", "side": "SELL", "hash": "e6700ac56d4d8bd40f1824b2e66a8c2397fc75c2", "best_bid": "0.25", "best_ask": "0.96"}], "timestamp": "1769384125268", "event_type": "price_change"}}
{"_local_timestamp": "2026-01-25T23:35:25.486645+00:00", "data": {"market": "0xfe9d1a32b46991e6895baece1bf6bb1467b814a28aefd6f33f13c6ba91b8d3c9", "price_changes": [{"asset_id": "71990823545476172057397539228999083435242402644332688321711165550800328090716", "price": "0.01", "size": "63.33", "side": "BUY", "hash": "fdf6770896e9024b0511a033004ac4082a32b306", "best_bid": "0.05", "best_ask": "0.82"}, {"asset_id": "57979481369976477405471459370425139763472501428373244029900741691432131403521", "price": "0.99", "size": "63.33", "side": "SELL", "hash": "70ae2bc643bd355ed399d3253e836ff6ae2417d2", "best_bid": "0.18", "best_ask": "0.95"}], "timestamp": "1769384125269", "event_type": "price_change"}}
{"_local_timestamp": "2026-01-25T23:35:25.487032+00:00", "data": {"market": "0xee58cd1c7231995c5ae2a91f48c350a22f87659a302101db4a3df99e6dc3a6ea", "price_changes": [{"asset_id": "21283325371787731209365391554654959446978032764029860917798309525771402585583", "price": "0.18", "size": "0", "side": "BUY", "hash": "774521743f49d9e9f0b3a60f17bd3277fe52e903", "best_bid": "0.21", "best_ask": "0.98"}, {"asset_id": "7803863184464146993115773330448529218170635474995115952766099510312723003472", "price": "0.82", "size": "0", "side": "SELL", "hash": "b21cebb713f45ab1a50db005c2ad75a6f6877a44", "best_bid": "0.02", "best_ask": "0.79"}], "timestamp": "1769384125269", "event_type": "price_change"}}
{"_local_timestamp": "2026-01-25T23:35:25.487400+00:00", "data": {"market": "0x97d9efae9a1242a8a03dbcc185a8b86bd305d6d46b3f24ca1a4aca3fa9a6212e", "price_changes": [{"asset_id": "104261134120343853622280944278231007806923775273920625091535282621751091388993", "price": "0.01", "size": "66.66", "side": "BUY", "hash": "e9ec9987b55c5a1dbf063063e7990e25d75205e2", "best_bid": "0.04", "best_ask": "0.82"}, {"asset_id": "108294337269786211232053551884711256636202429160499226202163015019758017901843", "price": "0.99", "size": "66.66", "side": "SELL", "hash": "b8512913d9c6289179c25df527e3158c3c51f89d", "best_bid": "0.18", "best_ask": "0.96"}], "timestamp": "1769384125269", "event_type": "price_change"}}
{"_local_timestamp": "2026-01-25T23:35:25.487768+00:00", "data": {"market": "0x949c8c782beaf0d71a8ddc42ce5c0d0bfe3ec3c6ae5a7f94daea10850e8c570d", "price_changes": [{"asset_id": "30539481741900915205478863896530423654330693287078895672964604758297530843731", "price": "0.01", "size": "39.78", "side": "BUY", "hash": "0d801dcbf0882c017f7bf76223f0cad36d7059b9", "best_bid": "0.04", "best_ask": "0.77"}, {"asset_id": "87159419841688319639364568112345975815517805746054836624129542662189383490979", "price": "0.99", "size": "39.78", "side": "SELL", "hash": "a0e9ae8b5a9b003552f46118c778694c20f0df59", "best_bid": "0.23", "best_ask": "0.96"}], "timestamp": "1769384125268", "event_type": "price_change"}}
{"_local_timestamp": "2026-01-25T23:35:26.707265+00:00", "data": {"market": "0x97d9efae9a1242a8a03dbcc185a8b86bd305d6d46b3f24ca1a4aca3fa9a6212e", "price_changes": [{"asset_id": "104261134120343853622280944278231007806923775273920625091535282621751091388993", "price": "0.05", "size": "66.66", "side": "BUY", "hash": "f0466c5f6ac100d9edde28d07c23135c66afbbc9", "best_bid": "0.05", "best_ask": "0.82"}, {"asset_id": "108294337269786211232053551884711256636202429160499226202163015019758017901843", "price": "0.95", "size": "66.66", "side": "SELL", "hash": "79b181c36c6f1e7ff232e2884ea18c81ceb5501b", "best_bid": "0.18", "best_ask": "0.95"}], "timestamp": "1769384126489", "event_type": "price_change"}}
{"_local_timestamp": "2026-01-25T23:35:26.734945+00:00", "data": {"market": "0xee58cd1c7231995c5ae2a91f48c350a22f87659a302101db4a3df99e6dc3a6ea", "price_changes": [{"asset_id": "7803863184464146993115773330448529218170635474995115952766099510312723003472", "price": "0.03", "size": "27", "side": "BUY", "hash": "8600cfc38232cfcdb152ee8ed6285d24813f93e1", "best_bid": "0.03", "best_ask": "0.79"}, {"asset_id": "21283325371787731209365391554654959446978032764029860917798309525771402585583", "price": "0.97", "size": "27", "side": "SELL", "hash": "2cbd1ee98f229e7928fc1f4543e5647f4c69ef90", "best_bid": "0.21", "best_ask": "0.97"}], "timestamp": "1769384126514", "event_type": "price_change"}}
{"_local_timestamp": "2026-01-25T23:35:27.053444+00:00", "data": {"market": "0xee58cd1c7231995c5ae2a91f48c350a22f87659a302101db4a3df99e6dc3a6ea", "price_changes": [{"asset_id": "21283325371787731209365391554654959446978032764029860917798309525771402585583", "price": "0.22", "size": "66.66", "side": "BUY", "hash": "2b3a64060ce2f46f1f9e514d8a44e7a51aa15da2", "best_bid": "0.22", "best_ask": "0.97"}, {"asset_id": "7803863184464146993115773330448529218170635474995115952766099510312723003472", "price": "0.78", "size": "66.66", "side": "SELL", "hash": "91e063cf5c58f2c4eda5fa0e64886c732ee7232c", "best_bid": "0.03", "best_ask": "0.78"}], "timestamp": "1769384126666", "event_type": "price_change"}}
{"_local_timestamp": "2026-01-25T23:35:27.055242+00:00", "data": {"market": "0x97d9efae9a1242a8a03dbcc185a8b86bd305d6d46b3f24ca1a4aca3fa9a6212e", "price_changes": [{"asset_id": "108294337269786211232053551884711256636202429160499226202163015019758017901843", "price": "0.19", "size": "66.66", "side": "BUY", "hash": "4f4e4be6528b5d0f6fe1898ce374e7c933817bb4", "best_bid": "0.19", "best_ask": "0.95"}, {"asset_id": "104261134120343853622280944278231007806923775273920625091535282621751091388993", "price": "0.81", "size": "66.66", "side": "SELL", "hash": "90612bb5b273c62947235ea151a0d5b0d4444f25", "best_bid": "0.05", "best_ask": "0.81"}], "timestamp": "1769384126669", "event_type": "price_change"}}
{"_local_timestamp": "2026-01-25T23:35:27.055708+00:00", "data": {"market": "0x9a0de7353469fc7af319897a8a494334b8a286d5cd8ec4b4edb6b3445a4b1597", "price_changes": [{"asset_id": "82448464534710566057881902879012276545801914494658997880647276477323315813986", "price": "0.04", "size": "2510", "side": "BUY", "hash": "ebc440bf0137b675f0aafd7c88ea5ff1dae9ec6d", "best_bid": "0.24", "best_ask": "0.95"}, {"asset_id": "43697661106139132419773585187886106203320732906584708348798041358649329039252", "price": "0.96", "size": "2510", "side": "SELL", "hash": "64c32e0e1dfea9772af1d6c14b638a801ff897ac", "best_bid": "0.05", "best_ask": "0.76"}], "timestamp": "1769384126676", "event_type": "price_change"}}
{"_local_timestamp": "2026-01-25T23:35:27.058074+00:00", "data": {"market": "0x949c8c782beaf0d71a8ddc42ce5c0d0bfe3ec3c6ae5a7f94daea10850e8c570d", "price_changes": [{"asset_id": "30539481741900915205478863896530423654330693287078895672964604758297530843731", "price": "0.05", "size": "29.78", "side": "BUY", "hash": "22eb34bc40b6d86dda1c00838bf218de46f02ac2", "best_bid": "0.05", "best_ask": "0.77"}, {"asset_id": "87159419841688319639364568112345975815517805746054836624129542662189383490979", "price": "0.95", "size": "29.78", "side": "SELL", "hash": "81ef82023873374cb512759d99b25897a8cff2c2", "best_bid": "0.23", "best_ask": "0.95"}], "timestamp": "1769384126723", "event_type": "price_change"}}
{"_local_timestamp": "2026-01-25T23:35:27.061545+00:00", "data": {"market": "0xc20bd18955fdcaea6f4f20c37d84d5388e91fc4638490ca4facf8be523dc6c13", "price_changes": [{"asset_id": "89373461182969289579845172492872922158629123151223268658038449652837405119276", "price": "0.05", "size": "38.33", "side": "BUY", "hash": "8d4c59608f054c23b31086a792dac60a2e786179", "best_bid": "0.05", "best_ask": "0.75"}, {"asset_id": "40380829381795973958306409949439163717944979125745463341977071152902853169349", "price": "0.95", "size": "38.33", "side": "SELL", "hash": "7e82c5f87a6b54fa21ce59fe0d39f978291ec80b", "best_bid": "0.25", "best_ask": "0.95"}], "timestamp": "1769384126754", "event_type": "price_change"}}
{"_local_timestamp": "2026-01-25T23:35:27.066744+00:00", "data": {"market": "0xee58cd1c7231995c5ae2a91f48c350a22f87659a302101db4a3df99e6dc3a6ea", "price_changes": [{"asset_id": "7803863184464146993115773330448529218170635474995115952766099510312723003472", "price": "0.01", "size": "37", "side": "BUY", "hash": "6efd26857b823c30c264f0ba731c4f6e6b6c1860", "best_bid": "0.03", "best_ask": "0.78"}, {"asset_id": "21283325371787731209365391554654959446978032764029860917798309525771402585583", "price": "0.99", "size": "37", "side": "SELL", "hash": "114f89af2abe69a16988defab29df50d42aab091", "best_bid": "0.22", "best_ask": "0.97"}], "timestamp": "1769384126757", "event_type": "price_change"}}
{"_local_timestamp": "2026-01-25T23:35:27.067383+00:00", "data": {"market": "0xee58cd1c7231995c5ae2a91f48c350a22f87659a302101db4a3df99e6dc3a6ea", "price_changes": [{"asset_id": "7803863184464146993115773330448529218170635474995115952766099510312723003472", "price": "0.02", "size": "86.99", "side": "BUY", "hash": "11c25a3ec21e10e03888b3d038dcbd0253e7d653", "best_bid": "0.03", "best_ask": "0.78"}, {"asset_id": "21283325371787731209365391554654959446978032764029860917798309525771402585583", "price": "0.98", "size": "86.99", "side": "SELL", "hash": "b9da2ea374e9795cd3a07fe3a4099f12acdbb9f7", "best_bid": "0.22", "best_ask": "0.97"}], "timestamp": "1769384126760", "event_type": "price_change"}}
{"_local_timestamp": "2026-01-25T23:35:27.067862+00:00", "data": {"market": "0xfe9d1a32b46991e6895baece1bf6bb1467b814a28aefd6f33f13c6ba91b8d3c9", "price_changes": [{"asset_id": "71990823545476172057397539228999083435242402644332688321711165550800328090716", "price": "0.06", "size": "53.33", "side": "BUY", "hash": "2e0f462d819a690b00a0435b6546ec5484115349", "best_bid": "0.06", "best_ask": "0.82"}, {"asset_id": "57979481369976477405471459370425139763472501428373244029900741691432131403521", "price": "0.94", "size": "53.33", "side": "SELL", "hash": "6a86a849c4445990bb0e330ca04ea4f319a593ed", "best_bid": "0.18", "best_ask": "0.94"}], "timestamp": "1769384126775", "event_type": "price_change"}}
{"_local_timestamp": "2026-01-25T23:35:27.068280+00:00", "data": {"market": "0xee58cd1c7231995c5ae2a91f48c350a22f87659a302101db4a3df99e6dc3a6ea", "price_changes": [{"asset_id": "21283325371787731209365391554654959446978032764029860917798309525771402585583", "price": "0.21", "size": "0", "side": "BUY", "hash": "cc55c410d7e1522f5665074e6b2959b4c9cf53c5", "best_bid": "0.22", "best_ask": "0.97"}, {"asset_id": "7803863184464146993115773330448529218170635474995115952766099510312723003472", "price": "0.79", "size": "0", "side": "SELL", "hash": "9ac7d83b71b762992007d100c018565393deb7c5", "best_bid": "0.03", "best_ask": "0.78"}], "timestamp": "1769384126793", "event_type": "price_change"}}
{"_local_timestamp": "2026-01-25T23:35:27.076347+00:00", "data": {"market": "0xfe9d1a32b46991e6895baece1bf6bb1467b814a28aefd6f33f13c6ba91b8d3c9", "price_changes": [{"asset_id": "57979481369976477405471459370425139763472501428373244029900741691432131403521", "price": "0.19", "size": "66.66", "side": "BUY", "hash": "b8eca6812f72c1d4245410d26be2696f8a19becc", "best_bid": "0.19", "best_ask": "0.94"}, {"asset_id": "71990823545476172057397539228999083435242402644332688321711165550800328090716", "price": "0.81", "size": "66.66", "side": "SELL", "hash": "47aa8c07af4a786f110e18a1e33b8ea930930d54", "best_bid": "0.06", "best_ask": "0.81"}], "timestamp": "1769384126809", "event_type": "price_change"}}
{"_local_timestamp": "2026-01-25T23:35:27.283595+00:00", "data": {"market": "0x97d9efae9a1242a8a03dbcc185a8b86bd305d6d46b3f24ca1a4aca3fa9a6212e", "price_changes": [{"asset_id": "108294337269786211232053551884711256636202429160499226202163015019758017901843", "price": "0.18", "size": "0", "side": "BUY", "hash": "e6123911d2ade5619243b9333ae2eb6247bb7e14", "best_bid": "0.19", "best_ask": "0.95"}, {"asset_id": "104261134120343853622280944278231007806923775273920625091535282621751091388993", "price": "0.82", "size": "0", "side": "SELL", "hash": "b34ec0035aa84ce43a071489bbcf7c6be0e69a22", "best_bid": "0.05", "best_ask": "0.81"}], "timestamp": "1769384126813", "event_type": "price_change"}}
{"_local_timestamp": "2026-01-25T23:35:27.291677+00:00", "data": {"market": "0x97d9efae9a1242a8a03dbcc185a8b86bd305d6d46b3f24ca1a4aca3fa9a6212e", "price_changes": [{"asset_id": "108294337269786211232053551884711256636202429160499226202163015019758017901843", "price": "0.2", "size": "20", "side": "BUY", "hash": "74d64e2f0e1f43641c1c8b25faf7ad9ed7f50f3b", "best_bid": "0.2", "best_ask": "0.95"}, {"asset_id": "104261134120343853622280944278231007806923775273920625091535282621751091388993", "price": "0.8", "size": "20", "side": "SELL", "hash": "855b85759d511f872880572c775cad3e6c991217", "best_bid": "0.05", "best_ask": "0.8"}], "timestamp": "1769384126836", "event_type": "price_change"}}
{"_local_timestamp": "2026-01-25T23:35:27.292151+00:00", "data": {"market": "0xee58cd1c7231995c5ae2a91f48c350a22f87659a302101db4a3df99e6dc3a6ea", "price_changes": [{"asset_id": "21283325371787731209365391554654959446978032764029860917798309525771402585583", "price": "0.23", "size": "20", "side": "BUY", "hash": "b52bbb09c6c0fb73b38074dab1731103f0a23589", "best_bid": "0.23", "best_ask": "0.97"}, {"asset_id": "7803863184464146993115773330448529218170635474995115952766099510312723003472", "price": "0.77", "size": "20", "side": "SELL", "hash": "973c5aef3cf381193bf6b6d83b4da2a0a5b3ad0e", "best_bid": "0.03", "best_ask": "0.77"}], "timestamp": "1769384126857", "event_type": "price_change"}}
{"_local_timestamp": "2026-01-25T23:35:27.292694+00:00", "data": {"market": "0xfe9d1a32b46991e6895baece1bf6bb1467b814a28aefd6f33f13c6ba91b8d3c9", "price_changes": [{"asset_id": "57979481369976477405471459370425139763472501428373244029900741691432131403521", "price": "0.18", "size": "0", "side": "BUY", "hash": "78dece946bbbb033bc45ac1ead579805dc7b8f0c", "best_bid": "0.19", "best_ask": "0.94"}, {"asset_id": "71990823545476172057397539228999083435242402644332688321711165550800328090716", "price": "0.82", "size": "0", "side": "SELL", "hash": "5b125737e84829ec41d04fc56e203e8359370725", "best_bid": "0.06", "best_ask": "0.81"}], "timestamp": "1769384126879", "event_type": "price_change"}}
{"_local_timestamp": "2026-01-25T23:35:27.293204+00:00", "data": {"market": "0xfe9d1a32b46991e6895baece1bf6bb1467b814a28aefd6f33f13c6ba91b8d3c9", "price_changes": [{"asset_id": "57979481369976477405471459370425139763472501428373244029900741691432131403521", "price": "0.21", "size": "20", "side": "BUY", "hash": "5e1ab867a98a834449c6c8ce3024d6ec054707d3", "best_bid": "0.21", "best_ask": "0.94"}, {"asset_id": "71990823545476172057397539228999083435242402644332688321711165550800328090716", "price": "0.79", "size": "20", "side": "SELL", "hash": "9f5da2d57be74b6c276d86d1ffee2b2f4191c86f", "best_bid": "0.06", "best_ask": "0.79"}], "timestamp": "1769384126902", "event_type": "price_change"}}
{"_local_timestamp": "2026-01-25T23:35:27.298773+00:00", "data": {"market": "0x949c8c782beaf0d71a8ddc42ce5c0d0bfe3ec3c6ae5a7f94daea10850e8c570d", "price_changes": [{"asset_id": "87159419841688319639364568112345975815517805746054836624129542662189383490979", "price": "0.23", "size": "91.66", "side": "BUY", "hash": "1368b7c2fa13d28e48c3422e4111289b53899956", "best_bid": "0.23", "best_ask": "0.95"}, {"asset_id": "30539481741900915205478863896530423654330693287078895672964604758297530843731", "price": "0.77", "size": "91.66", "side": "SELL", "hash": "d67bd0d61c9aae475846711e117df87f1fe61e71", "best_bid": "0.05", "best_ask": "0.77"}], "timestamp": "1769384126927", "event_type": "price_change"}}
{"_local_timestamp": "2026-01-25T23:35:28.374189+00:00", "data": {"market": "0xfe9d1a32b46991e6895baece1bf6bb1467b814a28aefd6f33f13c6ba91b8d3c9", "price_changes": [{"asset_id": "57979481369976477405471459370425139763472501428373244029900741691432131403521", "price": "0.13", "size": "0", "side": "BUY", "hash": "f7deaddc9c6fd4f9f56cf8a00767d3a13f7e4ee0", "best_bid": "0.21", "best_ask": "0.94"}, {"asset_id": "71990823545476172057397539228999083435242402644332688321711165550800328090716", "price": "0.87", "size": "0", "side": "SELL", "hash": "8d2de5e6a23784eba0fef39bc508f281d1c2497f", "best_bid": "0.06", "best_ask": "0.79"}], "timestamp": "1769384128017", "event_type": "price_change"}}
{"_local_timestamp": "2026-01-25T23:35:28.374981+00:00", "data": {"market": "0xee58cd1c7231995c5ae2a91f48c350a22f87659a302101db4a3df99e6dc3a6ea", "price_changes": [{"asset_id": "21283325371787731209365391554654959446978032764029860917798309525771402585583", "price": "0.16", "size": "0", "side": "BUY", "hash": "2474b9ebcf86d8cd0a3e761b302836f8cd02c4cd", "best_bid": "0.23", "best_ask": "0.97"}, {"asset_id": "7803863184464146993115773330448529218170635474995115952766099510312723003472", "price": "0.84", "size": "0", "side": "SELL", "hash": "c9ac24d5f3087ff8e89f4ee405db8e3a61006a23", "best_bid": "0.03", "best_ask": "0.77"}], "timestamp": "1769384128017", "event_type": "price_change"}}
{"_local_timestamp": "2026-01-25T23:35:28.375443+00:00", "data": {"market": "0xfe9d1a32b46991e6895baece1bf6bb1467b814a28aefd6f33f13c6ba91b8d3c9", "price_changes": [{"asset_id": "57979481369976477405471459370425139763472501428373244029900741691432131403521", "price": "0.18", "size": "20", "side": "BUY", "hash": "052011b0f63628a2a8bdf1fb7d323499a850dc92", "best_bid": "0.21", "best_ask": "0.94"}, {"asset_id": "71990823545476172057397539228999083435242402644332688321711165550800328090716", "price": "0.82", "size": "20", "side": "SELL", "hash": "f3093cb04ea01eea46eb12e22f700e1d0e03f517", "best_bid": "0.06", "best_ask": "0.79"}], "timestamp": "1769384128045", "event_type": "price_change"}}
{"_local_timestamp": "2026-01-25T23:35:28.375916+00:00", "data": {"market": "0xee58cd1c7231995c5ae2a91f48c350a22f87659a302101db4a3df99e6dc3a6ea", "price_changes": [{"asset_id": "21283325371787731209365391554654959446978032764029860917798309525771402585583", "price": "0.21", "size": "20", "side": "BUY", "hash": "2df81e68728f3d775e2cbdc1882ec2d608f8aca6", "best_bid": "0.23", "best_ask": "0.97"}, {"asset_id": "7803863184464146993115773330448529218170635474995115952766099510312723003472", "price": "0.79", "size": "20", "side": "SELL", "hash": "36890bc8dfba2d0a44eb8139834d51bd05336fa0", "best_bid": "0.03", "best_ask": "0.77"}], "timestamp": "1769384128045", "event_type": "price_change"}}
{"_local_timestamp": "2026-01-25T23:35:29.506726+00:00", "data": {"market": "0xfe9d1a32b46991e6895baece1bf6bb1467b814a28aefd6f33f13c6ba91b8d3c9", "price_changes": [{"asset_id": "71990823545476172057397539228999083435242402644332688321711165550800328090716", "price": "0.01", "size": "53.33", "side": "BUY", "hash": "9423cfc2c1393a799ba948b6d45743d58d521b6d", "best_bid": "0.06", "best_ask": "0.79"}, {"asset_id": "57979481369976477405471459370425139763472501428373244029900741691432131403521", "price": "0.99", "size": "53.33", "side": "SELL", "hash": "8bcd429b8f7eb4a20218edeaab5a06542c15e317", "best_bid": "0.21", "best_ask": "0.94"}], "timestamp": "1769384129268", "event_type": "price_change"}}
{"_local_timestamp": "2026-01-25T23:35:29.607471+00:00", "data": {"market": "0xfe9d1a32b46991e6895baece1bf6bb1467b814a28aefd6f33f13c6ba91b8d3c9", "price_changes": [{"asset_id": "71990823545476172057397539228999083435242402644332688321711165550800328090716", "price": "0.03", "size": "10", "side": "BUY", "hash": "9be6073b7206eb1b84bf4925eb059e509ff828cf", "best_bid": "0.06", "best_ask": "0.79"}, {"asset_id": "57979481369976477405471459370425139763472501428373244029900741691432131403521", "price": "0.97", "size": "10", "side": "SELL", "hash": "c9733707c889fcf3efa7baab89b2b5b68eedecb6", "best_bid": "0.21", "best_ask": "0.94"}], "timestamp": "1769384129366", "event_type": "price_change"}}
{"_local_timestamp": "2026-01-25T23:35:29.671058+00:00", "data": {"market": "0xfe9d1a32b46991e6895baece1bf6bb1467b814a28aefd6f33f13c6ba91b8d3c9", "price_changes": [{"asset_id": "57979481369976477405471459370425139763472501428373244029900741691432131403521", "price": "0.12", "size": "93", "side": "BUY", "hash": "b797e800b7f83a7e734982de949fffa09933fc58", "best_bid": "0.21", "best_ask": "0.94"}, {"asset_id": "71990823545476172057397539228999083435242402644332688321711165550800328090716", "price": "0.88", "size": "93", "side": "SELL", "hash": "154996478de9813490687c6bb233b7933a3c35be", "best_bid": "0.06", "best_ask": "0.79"}], "timestamp": "1769384129450", "event_type": "price_change"}}
{"_local_timestamp": "2026-01-25T23:35:29.807343+00:00", "data": {"market": "0xfe9d1a32b46991e6895baece1bf6bb1467b814a28aefd6f33f13c6ba91b8d3c9", "price_changes": [{"asset_id": "57979481369976477405471459370425139763472501428373244029900741691432131403521", "price": "0.18", "size": "30", "side": "BUY", "hash": "185e29336e5809f461baf8c6846f78e5c4dabe49", "best_bid": "0.21", "best_ask": "0.94"}, {"asset_id": "71990823545476172057397539228999083435242402644332688321711165550800328090716", "price": "0.82", "size": "30", "side": "SELL", "hash": "9bd8de14ec4a95b16576eccf557a4ac4223a6f44", "best_bid": "0.06", "best_ask": "0.79"}], "timestamp": "1769384129554", "event_type": "price_change"}}
{"_local_timestamp": "2026-01-25T23:35:32.167044+00:00", "data": {"market": "0x949c8c782beaf0d71a8ddc42ce5c0d0bfe3ec3c6ae5a7f94daea10850e8c570d", "price_changes": [{"asset_id": "30539481741900915205478863896530423654330693287078895672964604758297530843731", "price": "0.01", "size": "29.78", "side": "BUY", "hash": "30eb51450f4ced6e7c0ffa174a4aafc20cfe9862", "best_bid": "0.05", "best_ask": "0.77"}, {"asset_id": "87159419841688319639364568112345975815517805746054836624129542662189383490979", "price": "0.99", "size": "29.78", "side": "SELL", "hash": "6e03e91771a45b8b125567da3462bc4030cf1542", "best_bid": "0.23", "best_ask": "0.95"}], "timestamp": "1769384131947", "event_type": "price_change"}}
{"_local_timestamp": "2026-01-25T23:35:32.276621+00:00", "data": {"market": "0x949c8c782beaf0d71a8ddc42ce5c0d0bfe3ec3c6ae5a7f94daea10850e8c570d", "price_changes": [{"asset_id": "30539481741900915205478863896530423654330693287078895672964604758297530843731", "price": "0.02", "size": "53.35", "side": "BUY", "hash": "7a45ee290605352c856f8c80fdfd438d00aa4e07", "best_bid": "0.05", "best_ask": "0.77"}, {"asset_id": "87159419841688319639364568112345975815517805746054836624129542662189383490979", "price": "0.98", "size": "53.35", "side": "SELL", "hash": "4eee4d9b4414c7c7cdfecb6c5ad32b03eb6f6f9e", "best_bid": "0.23", "best_ask": "0.95"}], "timestamp": "1769384132038", "event_type": "price_change"}}
{"_local_timestamp": "2026-01-25T23:35:33.167344+00:00", "data": {"market": "0xfe9d1a32b46991e6895baece1bf6bb1467b814a28aefd6f33f13c6ba91b8d3c9", "price_changes": [{"asset_id": "57979481369976477405471459370425139763472501428373244029900741691432131403521", "price": "0.17", "size": "0", "side": "BUY", "hash": "26c7c1cc141852d94321eb0beb5cad8c1da72a6b", "best_bid": "0.21", "best_ask": "0.94"}, {"asset_id": "71990823545476172057397539228999083435242402644332688321711165550800328090716", "price": "0.83", "size": "0", "side": "SELL", "hash": "2cfc3d09fafe08a8ac4a0ef82982dfedd21ba879", "best_bid": "0.06", "best_ask": "0.79"}], "timestamp": "1769384132931", "event_type": "price_change"}}
{"_local_timestamp": "2026-01-25T23:35:33.167984+00:00", "data": {"market": "0xee58cd1c7231995c5ae2a91f48c350a22f87659a302101db4a3df99e6dc3a6ea", "price_changes": [{"asset_id": "21283325371787731209365391554654959446978032764029860917798309525771402585583", "price": "0.2", "size": "0", "side": "BUY", "hash": "cb584d05ec08b047919df0b11abbfb817f1aaa73", "best_bid": "0.23", "best_ask": "0.97"}, {"asset_id": "7803863184464146993115773330448529218170635474995115952766099510312723003472", "price": "0.8", "size": "0", "side": "SELL", "hash": "f2182b3e5a8afcd8d53d407dc0ea6e64de963e36", "best_bid": "0.03", "best_ask": "0.77"}], "timestamp": "1769384132931", "event_type": "price_change"}}
{"_local_timestamp": "2026-01-25T23:35:34.292158+00:00", "data": {"market": "0xc20bd18955fdcaea6f4f20c37d84d5388e91fc4638490ca4facf8be523dc6c13", "price_changes": [{"asset_id": "89373461182969289579845172492872922158629123151223268658038449652837405119276", "price": "0.01", "size": "38.33", "side": "BUY", "hash": "fde67faabb48e6b97af7ee88c6d38e0b03ac7cc1", "best_bid": "0.05", "best_ask": "0.75"}, {"asset_id": "40380829381795973958306409949439163717944979125745463341977071152902853169349", "price": "0.99", "size": "38.33", "side": "SELL", "hash": "c53c0b411da3ce140eb2736697c748c022c01e11", "best_bid": "0.25", "best_ask": "0.95"}], "timestamp": "1769384134086", "event_type": "price_change"}}
{"_local_timestamp": "2026-01-25T23:35:34.442923+00:00", "data": {"market": "0xc20bd18955fdcaea6f4f20c37d84d5388e91fc4638490ca4facf8be523dc6c13", "price_changes": [{"asset_id": "89373461182969289579845172492872922158629123151223268658038449652837405119276", "price": "0.02", "size": "50", "side": "BUY", "hash": "792672d90a24f1a1f3b34848fd44a73be9a664f0", "best_bid": "0.05", "best_ask": "0.75"}, {"asset_id": "40380829381795973958306409949439163717944979125745463341977071152902853169349", "price": "0.98", "size": "50", "side": "SELL", "hash": "1270560cd630ab853116ce1de08491720e44fa83", "best_bid": "0.25", "best_ask": "0.95"}], "timestamp": "1769384134223", "event_type": "price_change"}}
{"_local_timestamp": "2026-01-25T23:35:34.537338+00:00", "data": {"market": "0xc20bd18955fdcaea6f4f20c37d84d5388e91fc4638490ca4facf8be523dc6c13", "price_changes": [{"asset_id": "40380829381795973958306409949439163717944979125745463341977071152902853169349", "price": "0.13", "size": "66.66", "side": "BUY", "hash": "62a81340c9e69decf65a1596b0aec5ca5f9bc11d", "best_bid": "0.25", "best_ask": "0.95"}, {"asset_id": "89373461182969289579845172492872922158629123151223268658038449652837405119276", "price": "0.87", "size": "66.66", "side": "SELL", "hash": "0d6dbde14831c534a88b23b339706aa1dda8544e", "best_bid": "0.05", "best_ask": "0.75"}], "timestamp": "1769384134305", "event_type": "price_change"}}
{"_local_timestamp": "2026-01-25T23:35:34.620362+00:00", "data": {"market": "0xc20bd18955fdcaea6f4f20c37d84d5388e91fc4638490ca4facf8be523dc6c13", "price_changes": [{"asset_id": "40380829381795973958306409949439163717944979125745463341977071152902853169349", "price": "0.14", "size": "48", "side": "BUY", "hash": "df743df387d17661e4f1a08f53ffab9dad72de0d", "best_bid": "0.25", "best_ask": "0.95"}, {"asset_id": "89373461182969289579845172492872922158629123151223268658038449652837405119276", "price": "0.86", "size": "48", "side": "SELL", "hash": "39b19f2d09ac76df0ebe225b4c093b3b9168be66", "best_bid": "0.05", "best_ask": "0.75"}], "timestamp": "1769384134389", "event_type": "price_change"}}
{"_local_timestamp": "2026-01-25T23:35:34.984562+00:00", "data": {"market": "0xee58cd1c7231995c5ae2a91f48c350a22f87659a302101db4a3df99e6dc3a6ea", "price_changes": [{"asset_id": "21283325371787731209365391554654959446978032764029860917798309525771402585583", "price": "0.21", "size": "0", "side": "BUY", "hash": "b9af401646710e60ad2e3ecf6a7081351511f4c0", "best_bid": "0.23", "best_ask": "0.97"}, {"asset_id": "7803863184464146993115773330448529218170635474995115952766099510312723003472", "price": "0.79", "size": "0", "side": "SELL", "hash": "2bff701aaf50cddbd94e4705ffd3a736c1d511b1", "best_bid": "0.03", "best_ask": "0.77"}], "timestamp": "1769384134727", "event_type": "price_change"}}
{"_local_timestamp": "2026-01-25T23:35:34.994991+00:00", "data": {"market": "0xfe9d1a32b46991e6895baece1bf6bb1467b814a28aefd6f33f13c6ba91b8d3c9", "price_changes": [{"asset_id": "57979481369976477405471459370425139763472501428373244029900741691432131403521", "price": "0.18", "size": "10", "side": "BUY", "hash": "111bf40100ccfc0d135df7b247548ead12ae90ff", "best_bid": "0.21", "best_ask": "0.94"}, {"asset_id": "71990823545476172057397539228999083435242402644332688321711165550800328090716", "price": "0.82", "size": "10", "side": "SELL", "hash": "1df2d2314d184e404a8f36cb740d289a1a1ffe7f", "best_bid": "0.06", "best_ask": "0.79"}], "timestamp": "1769384134726", "event_type": "price_change"}}
{"_local_timestamp": "2026-01-25T23:35:35.032612+00:00", "data": {"market": "0xee58cd1c7231995c5ae2a91f48c350a22f87659a302101db4a3df99e6dc3a6ea", "price_changes": [{"asset_id": "21283325371787731209365391554654959446978032764029860917798309525771402585583", "price": "0.16", "size": "20", "side": "BUY", "hash": "b86892b45c55c0d3ea768577737d639571c09ce7", "best_bid": "0.23", "best_ask": "0.97"}, {"asset_id": "7803863184464146993115773330448529218170635474995115952766099510312723003472", "price": "0.84", "size": "20", "side": "SELL", "hash": "968717f3089f5304511ce388a28a0d8adc2eaf78", "best_bid": "0.03", "best_ask": "0.77"}], "timestamp": "1769384134775", "event_type": "price_change"}}
{"_local_timestamp": "2026-01-25T23:35:35.035993+00:00", "data": {"market": "0xfe9d1a32b46991e6895baece1bf6bb1467b814a28aefd6f33f13c6ba91b8d3c9", "price_changes": [{"asset_id": "57979481369976477405471459370425139763472501428373244029900741691432131403521", "price": "0.13", "size": "20", "side": "BUY", "hash": "17c35fd5f47ad4125758f71dcfe0c08b7e75b8f9", "best_bid": "0.21", "best_ask": "0.94"}, {"asset_id": "71990823545476172057397539228999083435242402644332688321711165550800328090716", "price": "0.87", "size": "20", "side": "SELL", "hash": "2ed4a023e3833a7ec3bc9265f0c59a762fea62ac", "best_bid": "0.06", "best_ask": "0.79"}], "timestamp": "1769384134776", "event_type": "price_change"}}
{"_local_timestamp": "2026-01-25T23:35:50.697678+00:00", "data": {"market": "0x9a0de7353469fc7af319897a8a494334b8a286d5cd8ec4b4edb6b3445a4b1597", "price_changes": [{"asset_id": "82448464534710566057881902879012276545801914494658997880647276477323315813986", "price": "0.08", "size": "0", "side": "BUY", "hash": "5b8d053e6407f57799db4a577721e5c71d4bf705", "best_bid": "0.24", "best_ask": "0.95"}, {"asset_id": "43697661106139132419773585187886106203320732906584708348798041358649329039252", "price": "0.92", "size": "0", "side": "SELL", "hash": "094462ffa9e52496bed8c2215b82a8d01f9a584d", "best_bid": "0.05", "best_ask": "0.76"}], "timestamp": "1769384150626", "event_type": "price_change"}}
{"_local_timestamp": "2026-01-25T23:35:50.784210+00:00", "data": {"market": "0x9a0de7353469fc7af319897a8a494334b8a286d5cd8ec4b4edb6b3445a4b1597", "price_changes": [{"asset_id": "82448464534710566057881902879012276545801914494658997880647276477323315813986", "price": "0.12", "size": "76.66", "side": "BUY", "hash": "fb60484656d927f7be57beceb0ce5c864c4be4a4", "best_bid": "0.24", "best_ask": "0.95"}, {"asset_id": "43697661106139132419773585187886106203320732906584708348798041358649329039252", "price": "0.88", "size": "76.66", "side": "SELL", "hash": "e4a5333d6f6c64d02a53d62a1b664060e202edf3", "best_bid": "0.05", "best_ask": "0.76"}], "timestamp": "1769384150714", "event_type": "price_change"}}
{"_local_timestamp": "2026-01-25T23:36:03.841308+00:00", "data": {"market": "0x97d9efae9a1242a8a03dbcc185a8b86bd305d6d46b3f24ca1a4aca3fa9a6212e", "price_changes": [{"asset_id": "104261134120343853622280944278231007806923775273920625091535282621751091388993", "price": "0.04", "size": "0", "side": "BUY", "hash": "1a4c994d19606eea22395da1eb70777a74152ee4", "best_bid": "0.05", "best_ask": "0.8"}, {"asset_id": "108294337269786211232053551884711256636202429160499226202163015019758017901843", "price": "0.96", "size": "0", "side": "SELL", "hash": "d52afb21108752a6694fba6556bd20c6c0d44909", "best_bid": "0.2", "best_ask": "0.95"}], "timestamp": "1769384163765", "event_type": "price_change"}}
{"_local_timestamp": "2026-01-25T23:36:03.938804+00:00", "data": {"market": "0xee58cd1c7231995c5ae2a91f48c350a22f87659a302101db4a3df99e6dc3a6ea", "price_changes": [{"asset_id": "7803863184464146993115773330448529218170635474995115952766099510312723003472", "price": "0.02", "size": "27", "side": "BUY", "hash": "2692665819a8009b7c1900f409272773da87fe33", "best_bid": "0.03", "best_ask": "0.77"}, {"asset_id": "21283325371787731209365391554654959446978032764029860917798309525771402585583", "price": "0.98", "size": "27", "side": "SELL", "hash": "49c912bf2adf18914a0a4ba8e4d47aa27acfd6cb", "best_bid": "0.23", "best_ask": "0.97"}], "timestamp": "1769384163870", "event_type": "price_change"}}
{"_local_timestamp": "2026-01-25T23:36:03.939433+00:00", "data": {"market": "0xc20bd18955fdcaea6f4f20c37d84d5388e91fc4638490ca4facf8be523dc6c13", "price_changes": [{"asset_id": "89373461182969289579845172492872922158629123151223268658038449652837405119276", "price": "0.04", "size": "0", "side": "BUY", "hash": "fecefc808c2459a5dc47069557621d85015b02a8", "best_bid": "0.05", "best_ask": "0.75"}, {"asset_id": "40380829381795973958306409949439163717944979125745463341977071152902853169349", "price": "0.96", "size": "0", "side": "SELL", "hash": "359fcb6d38b4f864d8f53cc6670957968ff04ac8", "best_bid": "0.25", "best_ask": "0.95"}], "timestamp": "1769384163870", "event_type": "price_change"}}
{"_local_timestamp": "2026-01-25T23:36:03.939923+00:00", "data": {"market": "0x949c8c782beaf0d71a8ddc42ce5c0d0bfe3ec3c6ae5a7f94daea10850e8c570d", "price_changes": [{"asset_id": "30539481741900915205478863896530423654330693287078895672964604758297530843731", "price": "0.04", "size": "0", "side": "BUY", "hash": "b01ee28d14f63fecfb38cbf34441f374acc73219", "best_bid": "0.05", "best_ask": "0.77"}, {"asset_id": "87159419841688319639364568112345975815517805746054836624129542662189383490979", "price": "0.96", "size": "0", "side": "SELL", "hash": "21903c1342194389f1f987d320e8e268f3596689", "best_bid": "0.23", "best_ask": "0.95"}], "timestamp": "1769384163870", "event_type": "price_change"}}
{"_local_timestamp": "2026-01-25T23:36:03.940429+00:00", "data": {"market": "0xfe9d1a32b46991e6895baece1bf6bb1467b814a28aefd6f33f13c6ba91b8d3c9", "price_changes": [{"asset_id": "71990823545476172057397539228999083435242402644332688321711165550800328090716", "price": "0.05", "size": "0", "side": "BUY", "hash": "9161877cf38404ed34cfe90a1b85324a332aff78", "best_bid": "0.06", "best_ask": "0.79"}, {"asset_id": "57979481369976477405471459370425139763472501428373244029900741691432131403521", "price": "0.95", "size": "0", "side": "SELL", "hash": "2857973559e0bf5d8a6a4363257be5719bbfe6a6", "best_bid": "0.21", "best_ask": "0.94"}], "timestamp": "1769384163870", "event_type": "price_change"}}
{"_local_timestamp": "2026-01-25T23:36:04.047141+00:00", "data": {"market": "0x9a0de7353469fc7af319897a8a494334b8a286d5cd8ec4b4edb6b3445a4b1597", "price_changes": [{"asset_id": "82448464534710566057881902879012276545801914494658997880647276477323315813986", "price": "0.04", "size": "2500", "side": "BUY", "hash": "c3236df3c0753b8fea8c59cbf55a8fe8774c5fe6", "best_bid": "0.24", "best_ask": "0.95"}, {"asset_id": "43697661106139132419773585187886106203320732906584708348798041358649329039252", "price": "0.96", "size": "2500", "side": "SELL", "hash": "0a1a7a6ad2bb1aa77b172e48e0c491170ecb085a", "best_bid": "0.05", "best_ask": "0.76"}], "timestamp": "1769384163977", "event_type": "price_change"}}
{"_local_timestamp": "2026-01-25T23:36:29.868602+00:00", "data": {"market": "0xee58cd1c7231995c5ae2a91f48c350a22f87659a302101db4a3df99e6dc3a6ea", "price_changes": [{"asset_id": "21283325371787731209365391554654959446978032764029860917798309525771402585583", "price": "0.15", "size": "0", "side": "BUY", "hash": "bbc8b9f982b7c5b62081736ec47c5734b86a4dee", "best_bid": "0.23", "best_ask": "0.97"}, {"asset_id": "7803863184464146993115773330448529218170635474995115952766099510312723003472", "price": "0.85", "size": "0", "side": "SELL", "hash": "bea41d70dce3de9904e83f7278f59b478965585e", "best_bid": "0.03", "best_ask": "0.77"}], "timestamp": "1769384189795", "event_type": "price_change"}}
{"_local_timestamp": "2026-01-25T23:36:29.969836+00:00", "data": {"market": "0xee58cd1c7231995c5ae2a91f48c350a22f87659a302101db4a3df99e6dc3a6ea", "price_changes": [{"asset_id": "21283325371787731209365391554654959446978032764029860917798309525771402585583", "price": "0.16", "size": "30", "side": "BUY", "hash": "d229a569f5e8fe52bee6f51aa2b3d6eb4ff5788c", "best_bid": "0.23", "best_ask": "0.97"}, {"asset_id": "7803863184464146993115773330448529218170635474995115952766099510312723003472", "price": "0.84", "size": "30", "side": "SELL", "hash": "eddbe909804d7665eac9ca0dbdea15027d1365f2", "best_bid": "0.03", "best_ask": "0.77"}], "timestamp": "1769384189898", "event_type": "price_change"}}
{"_local_timestamp": "2026-01-25T23:36:33.052708+00:00", "data": {"market": "0xee58cd1c7231995c5ae2a91f48c350a22f87659a302101db4a3df99e6dc3a6ea", "price_changes": [{"asset_id": "21283325371787731209365391554654959446978032764029860917798309525771402585583", "price": "0.16", "size": "10", "side": "BUY", "hash": "fb481d09eaa032f5eacc3046f257b2bcba9f79fd", "best_bid": "0.23", "best_ask": "0.97"}, {"asset_id": "7803863184464146993115773330448529218170635474995115952766099510312723003472", "price": "0.84", "size": "10", "side": "SELL", "hash": "fe15548ad7ef1e0a3736de60a799f906b9a23cc9", "best_bid": "0.03", "best_ask": "0.77"}], "timestamp": "1769384192969", "event_type": "price_change"}}
{"_local_timestamp": "2026-01-25T23:36:33.096877+00:00", "data": {"market": "0xee58cd1c7231995c5ae2a91f48c350a22f87659a302101db4a3df99e6dc3a6ea", "price_changes": [{"asset_id": "21283325371787731209365391554654959446978032764029860917798309525771402585583", "price": "0.17", "size": "20", "side": "BUY", "hash": "13ca49d0113a6a08f105ece82a6636dd90f0d272", "best_bid": "0.23", "best_ask": "0.97"}, {"asset_id": "7803863184464146993115773330448529218170635474995115952766099510312723003472", "price": "0.83", "size": "20", "side": "SELL", "hash": "9914a3a6a40944c9c55b43e14991f4c96a1d3c04", "best_bid": "0.03", "best_ask": "0.77"}], "timestamp": "1769384192997", "event_type": "price_change"}}
{"_local_timestamp": "2026-01-25T23:36:49.014272+00:00", "data": {"market": "0xfe9d1a32b46991e6895baece1bf6bb1467b814a28aefd6f33f13c6ba91b8d3c9", "price_changes": [{"asset_id": "57979481369976477405471459370425139763472501428373244029900741691432131403521", "price": "0.18", "size": "0", "side": "BUY", "hash": "8b7cc65a4104a63c334401fdcec90166c358b97d", "best_bid": "0.21", "best_ask": "0.94"}, {"asset_id": "71990823545476172057397539228999083435242402644332688321711165550800328090716", "price": "0.82", "size": "0", "side": "SELL", "hash": "6284b13c72ff00711f75ed6d2de73032b2625496", "best_bid": "0.06", "best_ask": "0.79"}], "timestamp": "1769384208948", "event_type": "price_change"}}
{"_local_timestamp": "2026-01-25T23:36:49.114100+00:00", "data": {"market": "0xfe9d1a32b46991e6895baece1bf6bb1467b814a28aefd6f33f13c6ba91b8d3c9", "price_changes": [{"asset_id": "57979481369976477405471459370425139763472501428373244029900741691432131403521", "price": "0.14", "size": "10", "side": "BUY", "hash": "24617cf137f19f11a28cfd75c3148b98d42106c2", "best_bid": "0.21", "best_ask": "0.94"}, {"asset_id": "71990823545476172057397539228999083435242402644332688321711165550800328090716", "price": "0.86", "size": "10", "side": "SELL", "hash": "f467a99bee85a6f6b7ff98932f4e359a1e1b7d1a", "best_bid": "0.06", "best_ask": "0.79"}], "timestamp": "1769384209042", "event_type": "price_change"}}
{"_local_timestamp": "2026-01-25T23:36:50.134624+00:00", "data": {"market": "0xfe9d1a32b46991e6895baece1bf6bb1467b814a28aefd6f33f13c6ba91b8d3c9", "price_changes": [{"asset_id": "57979481369976477405471459370425139763472501428373244029900741691432131403521", "price": "0.13", "size": "0", "side": "BUY", "hash": "bb42f94b201dc76f772f5050f6b8ed0d65a8ba61", "best_bid": "0.21", "best_ask": "0.94"}, {"asset_id": "71990823545476172057397539228999083435242402644332688321711165550800328090716", "price": "0.87", "size": "0", "side": "SELL", "hash": "977475b4b185c549581237e28bd3df9c91840854", "best_bid": "0.06", "best_ask": "0.79"}], "timestamp": "1769384210043", "event_type": "price_change"}}
{"_local_timestamp": "2026-01-25T23:36:50.146762+00:00", "data": {"market": "0xfe9d1a32b46991e6895baece1bf6bb1467b814a28aefd6f33f13c6ba91b8d3c9", "price_changes": [{"asset_id": "57979481369976477405471459370425139763472501428373244029900741691432131403521", "price": "0.15", "size": "20", "side": "BUY", "hash": "463e6f08ce313626cab811feb312a652e676efd9", "best_bid": "0.21", "best_ask": "0.94"}, {"asset_id": "71990823545476172057397539228999083435242402644332688321711165550800328090716", "price": "0.85", "size": "20", "side": "SELL", "hash": "33381cd26f1f79284b12d55bff3c5da7905c26f9", "best_bid": "0.06", "best_ask": "0.79"}], "timestamp": "1769384210070", "event_type": "price_change"}}
{"_local_timestamp": "2026-01-25T23:36:57.433750+00:00", "data": {"market": "0x97d9efae9a1242a8a03dbcc185a8b86bd305d6d46b3f24ca1a4aca3fa9a6212e", "price_changes": [{"asset_id": "108294337269786211232053551884711256636202429160499226202163015019758017901843", "price": "0.06", "size": "0", "side": "BUY", "hash": "66fbfb76c22faa8a2508535e3726dadf78b61d63", "best_bid": "0.2", "best_ask": "0.95"}, {"asset_id": "104261134120343853622280944278231007806923775273920625091535282621751091388993", "price": "0.94", "size": "0", "side": "SELL", "hash": "1b2e8c934e2fad96db337ded555a510841dda67d", "best_bid": "0.05", "best_ask": "0.8"}], "timestamp": "1769384217222", "event_type": "price_change"}}
