{"_local_timestamp": "2026-01-25T23:33:38.074804+00:00", "data": [{"market": "0x92d9b1b2184185bcd2f636f8b1c00d2e8900037541c5530b31cd241a2eab239b", "asset_id": "61569645404255728258034880900232154069864126111347760075858298497771392596261", "timestamp": "1769383854753", "hash": "4b67a4aa82c4d82a080da082aafd0762e4b447ce", "bids": [{"price": "0.01", "size": "143.32"}, {"price": "0.02", "size": "50"}, {"price": "0.04", "size": "66.66"}], "asks": [{"price": "0.99", "size": "10066.66"}, {"price": "0.98", "size": "5000"}, {"price": "0.96", "size": "2500"}, {"price": "0.95", "size": "40"}, {"price": "0.94", "size": "750"}, {"price": "0.93", "size": "20"}, {"price": "0.9", "size": "375"}, {"price": "0.89", "size": "10"}, {"price": "0.88", "size": "181.66"}, {"price": "0.75", "size": "71.66"}], "event_type": "book", "last_trade_price": ""}, {"market": "0x26d14a0493969677b36b61f22d36675350c18794efe409a1b596a70ab8dde460", "asset_id": "4922858101891993317973090956426199126889194706037483998826954590755280826537", "timestamp": "1769383844551", "hash": "74e6cc7e15a968df3cef8953df722486854295e1", "bids": [{"price": "0.01", "size": "143.32"}, {"price": "0.02", "size": "55"}, {"price": "0.03", "size": "66.66"}], "asks": [{"price": "0.99", "size": "10066.66"}, {"price": "0.98", "size": "5000"}, {"price": "0.96", "size": "2500"}, {"price": "0.93", "size": "62"}, {"price": "0.92", "size": "66.66"}, {"price": "0.91", "size": "20"}, {"price": "0.9", "size": "20"}, {"price": "0.81", "size": "71.66"}], "event_type": "book", "last_trade_price": ""}, {"market": "0x3b32ef6897c33e7cac03641f3b16f25de3bbba86c48193ae7250b81bd5dc8e36", "asset_id": "94178105025010587605551061804884711949946880458304780411387357983973214654267", "timestamp": "1769384016150", "hash": "b1921805c2c80cf0114cd11e2eac4a4ce5679c8b", "bids": [{"price": "0.01", "size": "10100"}, {"price": "0.02", "size": "5000"}, {"price": "0.04", "size": "2500"}, {"price": "0.06", "size": "750"}, {"price": "0.1", "size": "375"}, {"price": "0.11", "size": "30"}, {"price": "0.12", "size": "105"}, {"price": "0.14", "size": "20"}], "asks": [{"price": "0.99", "size": "143.32"}, {"price": "0.98", "size": "55"}, {"price": "0.97", "size": "66.66"}], "event_type": "book", "last_trade_price": ""}, {"market": "0xd8eabfa8f66981b8d3a6eb675bb8af14c5f6efe031b4a5c32df905759f223879", "asset_id": "93427470351544238513526892778862660244461908155491853908352970314446781168681", "timestamp": "1769383846874", "hash": "d3ca9e5acec02a636434dbb0e5c5b439efd55c7d", "bids": [{"price": "0.01", "size": "10066.66"}, {"price": "0.02", "size": "5000"}, {"price": "0.03", "size": "66"}, {"price": "0.04", "size": "2500"}, {"price": "0.06", "size": "750"}, {"price": "0.1", "size": "375"}, {"price": "0.11", "size": "30"}, {"price": "0.12", "size": "172.66"}, {"price": "0.23", "size": "71.66"}], "asks": [{"price": "0.99", "size": "143.32"}, {"price": "0.98", "size": "50"}, {"price": "0.97", "size": "66.66"}], "event_type": "book", "last_trade_price": ""}, {"market": "0x26d14a0493969677b36b61f22d36675350c18794efe409a1b596a70ab8dde460", "asset_id": "106482657940160172792420808683871220884614775895702575094685323356692868972691", "timestamp": "1769383844551", "hash": "1b93e43ebc8ef268268300544c2d7884761b773b", "bids": [{"price": "0.01", "size": "10066.66"}, {"price": "0.02", "size": "5000"}, {"price": "0.04", "size": "2500"}, {"price": "0.07", "size": "62"}, {"price": "0.08", "size": "66.66"}, {"price": "0.09", "size": "20"}, {"price": "0.1", "size": "20"}, {"price": "0.19", "size": "71.66"}], "asks": [{"price": "0.99", "size": "143.32"}, {"price": "0.98", "size": "55"}, {"price": "0.97", "size": "66.66"}], "event_type": "book", "last_trade_price": ""}, {"market": "0xa30d0d62ddebe5a59d1567e5a95445b8e1dda8c9884f4342b4680000205d5f58", "asset_id": "101313263892942797820449986417343739651434504986390071424946051436429538023924", "timestamp": "1769384016996", "hash": "0326f765f47af9b87b723ef6ae8376cad8950866", "bids": [{"price": "0.01", "size": "143.32"}, {"price": "0.02", "size": "55"}, {"price": "0.03", "size": "66.66"}], "asks": [{"price": "0.99", "size": "10066.66"}, {"price": "0.98", "size": "5000"}, {"price": "0.96", "size": "2500"}, {"price": "0.94", "size": "10"}, {"price": "0.93", "size": "66.66"}, {"price": "0.92", "size": "10"}, {"price": "0.91", "size": "10"}, {"price": "0.9", "size": "20"}, {"price": "0.81", "size": "71.66"}], "event_type": "book", "last_trade_price": ""}, {"market": "0x47fd8303835d9108252343069ada769162976137e4e1c22b94b1cb305cd35d8a", "asset_id": "67693362484685031602902821937273102535915587968938088041888174799603605996322", "timestamp": "1769383845815", "hash": "a0b4e10d409dfe87eb9634fdd7adec47fa45e558", "bids": [{"price": "0.01", "size": "10066.66"}, {"price": "0.02", "size": "5000"}, {"price": "0.03", "size": "66"}, {"price": "0.04", "size": "2500"}, {"price": "0.06", "size": "750"}, {"price": "0.1", "size": "375"}, {"price": "0.11", "size": "30"}, {"price": "0.12", "size": "159.66"}, {"price": "0.23", "size": "71.66"}], "asks": [{"price": "0.99", "size": "143.32"}, {"price": "0.98", "size": "55"}, {"price": "0.97", "size": "66.66"}], "event_type": "book", "last_trade_price": ""}, {"market": "0x3b32ef6897c33e7cac03641f3b16f25de3bbba86c48193ae7250b81bd5dc8e36", "asset_id": "17972610624679517127262054229981683562086894472126949625769427736325964002189", "timestamp": "1769384016150", "hash": "56fa92f5777f603c6592d97adea5e2eece361349", "bids": [{"price": "0.01", "size": "143.32"}, {"price": "0.02", "size": "55"}, {"price": "0.03", "size": "66.66"}], "asks": [{"price": "0.99", "size": "10100"}, {"price": "0.98", "size": "5000"}, {"price": "0.96", "size": "2500"}, {"price": "0.94", "size": "750"}, {"price": "0.9", "size": "375"}, {"price": "0.89", "size": "30"}, {"price": "0.88", "size": "105"}, {"price": "0.86", "size": "20"}], "event_type": "book", "last_trade_price": ""}, {"market": "0xa30d0d62ddebe5a59d1567e5a95445b8e1dda8c9884f4342b4680000205d5f58", "asset_id": "100874815949847511385269867891927428085011282984378081156415582806859006418622", "timestamp": "1769384016996", "hash": "288436361cce823968365de8c84a3323e8c73a75", "bids": [{"price": "0.01", "size": "10066.66"}, {"price": "0.02", "size": "5000"}, {"price": "0.04", "size": "2500"}, {"price": "0.06", "size": "10"}, {"price": "0.07", "size": "66.66"}, {"price": "0.08", "size": "10"}, {"price": "0.09", "size": "10"}, {"price": "0.1", "size": "20"}, {"price": "0.19", "size": "71.66"}], "asks": [{"price": "0.99", "size": "143.32"}, {"price": "0.98", "size": "55"}, {"price": "0.97", "size": "66.66"}], "event_type": "book", "last_trade_price": ""}, {"market": "0x47fd8303835d9108252343069ada769162976137e4e1c22b94b1cb305cd35d8a", "asset_id": "36087368699108837630068526518911366313227880114245979222947438453683556758111", "timestamp": "1769383845815", "hash": "3f0285e17773af1605dc0d62913d4d02dbdc0ac4", "bids": [{"price": "0.01", "size": "143.32"}, {"price": "0.02", "size": "55"}, {"price": "0.03", "size": "66.66"}], "asks": [{"price": "0.99", "size": "10066.66"}, {"price": "0.98", "size": "5000"}, {"price": "0.97", "size": "66"}, {"price": "0.96", "size": "2500"}, {"price": "0.94", "size": "750"}, {"price": "0.9", "size": "375"}, {"price": "0.89", "size": "30"}, {"price": "0.88", "size": "159.66"}, {"price": "0.77", "size": "71.66"}], "event_type": "book", "last_trade_price": ""}, {"market": "0x92d9b1b2184185bcd2f636f8b1c00d2e8900037541c5530b31cd241a2eab239b", "asset_id": "109219029248620472089454746502736175063492512175080091770615531566788580709265", "timestamp": "1769383854753", "hash": "6ccbf209107dca4d7213b6c5329b9b18854f7719", "bids": [{"price": "0.01", "size": "10066.66"}, {"price": "0.02", "size": "5000"}, {"price": "0.04", "size": "2500"}, {"price": "0.05", "size": "40"}, {"price": "0.06", "size": "750"}, {"price": "0.07", "size": "20"}, {"price": "0.1", "size": "375"}, {"price": "0.11", "size": "10"}, {"price": "0.12", "size": "181.66"}, {"price": "0.25", "size": "71.66"}], "asks": [{"price": "0.99", "size": "143.32"}, {"price": "0.98", "size": "50"}, {"price": "0.96", "size": "66.66"}], "event_type": "book", "last_trade_price": ""}, {"market": "0xd8eabfa8f66981b8d3a6eb675bb8af14c5f6efe031b4a5c32df905759f223879", "asset_id": "112512812049971030318594775213742917548833690085890279670946775909631461554878", "timestamp": "1769383846874", "hash": "c6e2d406752def2f96621e8c35a1a6e59d42a8ea", "bids": [{"price": "0.01", "size": "143.32"}, {"price": "0.02", "size": "50"}, {"price": "0.03", "size": "66.66"}], "asks": [{"price": "0.99", "size": "10066.66"}, {"price": "0.98", "size": "5000"}, {"price": "0.97", "size": "66"}, {"price": "0.96", "size": "2500"}, {"price": "0.94", "size": "750"}, {"price": "0.9", "size": "375"}, {"price": "0.89", "size": "30"}, {"price": "0.88", "size": "172.66"}, {"price": "0.77", "size": "71.66"}], "event_type": "book", "last_trade_price": ""}]}
{"_local_timestamp": "2026-01-25T23:33:51.961463+00:00", "data": {"market": "0x3b32ef6897c33e7cac03641f3b16f25de3bbba86c48193ae7250b81bd5dc8e36", "price_changes": [{"asset_id": "17972610624679517127262054229981683562086894472126949625769427736325964002189", "price": "0.86", "size": "25", "side": "SELL", "hash": "933b0968d91dc31d313aa0008199420dc6e5609d", "best_bid": "0.03", "best_ask": "0.86"}, {"asset_id": "94178105025010587605551061804884711949946880458304780411387357983973214654267", "price": "0.14", "size": "25", "side": "BUY", "hash": "cc023a54feee098c69b2d56a53c5665b1e1ef272", "best_bid": "0.14", "best_ask": "0.97"}], "timestamp": "1769384031892", "event_type": "price_change"}}
{"_local_timestamp": "2026-01-25T23:34:34.855900+00:00", "data": {"market": "0xa30d0d62ddebe5a59d1567e5a95445b8e1dda8c9884f4342b4680000205d5f58", "price_changes": [{"asset_id": "101313263892942797820449986417343739651434504986390071424946051436429538023924", "price": "0.04", "size": "29.99", "side": "BUY", "hash": "2f2704186230ee68658d62b285e0d99aa4795e0d", "best_bid": "0.04", "best_ask": "0.81"}, {"asset_id": "100874815949847511385269867891927428085011282984378081156415582806859006418622", "price": "0.96", "size": "29.99", "side": "SELL", "hash": "992da1ac6f6342322c8ab11d4f09c126066e7594", "best_bid": "0.19", "best_ask": "0.96"}], "timestamp": "1769384074773", "event_type": "price_change"}}
{"_local_timestamp": "2026-01-25T23:34:34.862472+00:00", "data": {"market": "0x3b32ef6897c33e7cac03641f3b16f25de3bbba86c48193ae7250b81bd5dc8e36", "price_changes": [{"asset_id": "17972610624679517127262054229981683562086894472126949625769427736325964002189", "price": "0.04", "size": "29.99", "side": "BUY", "hash": "b4e1c4285f267e2f6f6c22392303af5aabbf1dd9", "best_bid": "0.04", "best_ask": "0.86"}, {"asset_id": "94178105025010587605551061804884711949946880458304780411387357983973214654267", "price": "0.96", "size": "29.99", "side": "SELL", "hash": "d22ff2d338218cbfb02aa4b842afa3cba5447a57", "best_bid": "0.14", "best_ask": "0.96"}], "timestamp": "1769384074774", "event_type": "price_change"}}
{"_local_timestamp": "2026-01-25T23:34:34.864799+00:00", "data": {"market": "0x92d9b1b2184185bcd2f636f8b1c00d2e8900037541c5530b31cd241a2eab239b", "price_changes": [{"asset_id": "61569645404255728258034880900232154069864126111347760075858298497771392596261", "price": "0.05", "size": "23.99", "side": "BUY", "hash": "ffb90619b5cadd856f00b403908c327d067e0bae", "best_bid": "0.05", "best_ask": "0.75"}, {"asset_id": "109219029248620472089454746502736175063492512175080091770615531566788580709265", "price": "0.95", "size": "23.99", "side": "SELL", "hash": "c556a5b89eaa924ce60060636f61c52f9a24835b", "best_bid": "0.25", "best_ask": "0.95"}], "timestamp": "1769384074774", "event_type": "price_change"}}
{"_local_timestamp": "2026-01-25T23:34:34.936236+00:00", "data": {"market": "0x47fd8303835d9108252343069ada769162976137e4e1c22b94b1cb305cd35d8a", "price_changes": [{"asset_id": "67693362484685031602902821937273102535915587968938088041888174799603605996322", "price": "0.12", "size": "169.66", "side": "BUY", "hash": "4480853e588668d50d3785f6a364a7cf917b484a", "best_bid": "0.23", "best_ask": "0.97"}, {"asset_id": "36087368699108837630068526518911366313227880114245979222947438453683556758111", "price": "0.88", "size": "169.66", "side": "SELL", "hash": "348920289093f6e31de2fcfdd531165ed0971bc0", "best_bid": "0.03", "best_ask": "0.77"}], "timestamp": "1769384074863", "event_type": "price_change"}}
{"_local_timestamp": "2026-01-25T23:34:34.963145+00:00", "data": {"market": "0x26d14a0493969677b36b61f22d36675350c18794efe409a1b596a70ab8dde460", "price_changes": [{"asset_id": "4922858101891993317973090956426199126889194706037483998826954590755280826537", "price": "0.04", "size": "29.99", "side": "BUY", "hash": "fbafe5fdf061f3d201ff885fa2f1e65f757725b7", "best_bid": "0.04", "best_ask": "0.81"}, {"asset_id": "106482657940160172792420808683871220884614775895702575094685323356692868972691", "price": "0.96", "size": "29.99", "side": "SELL", "hash": "4215f20a588978a43519fcd5f33360169ae65861", "best_bid": "0.19", "best_ask": "0.96"}], "timestamp": "1769384074886", "event_type": "price_change"}}
{"_local_timestamp": "2026-01-25T23:34:34.964985+00:00", "data": {"market": "0x47fd8303835d9108252343069ada769162976137e4e1c22b94b1cb305cd35d8a", "price_changes": [{"asset_id": "36087368699108837630068526518911366313227880114245979222947438453683556758111", "price": "0.04", "size": "29.99", "side": "BUY", "hash": "b03c855e494fa7c74c1ba3a750da912dd9fd6e77", "best_bid": "0.04", "best_ask": "0.77"}, {"asset_id": "67693362484685031602902821937273102535915587968938088041888174799603605996322", "price": "0.96", "size": "29.99", "side": "SELL", "hash": "ddcbd35ce6e27081aed21cd06161b378e48ba65f", "best_bid": "0.23", "best_ask": "0.96"}], "timestamp": "1769384074886", "event_type": "price_change"}}
{"_local_timestamp": "2026-01-25T23:34:34.977157+00:00", "data": {"market": "0x26d14a0493969677b36b61f22d36675350c18794efe409a1b596a70ab8dde460", "price_changes": [{"asset_id": "106482657940160172792420808683871220884614775895702575094685323356692868972691", "price": "0.19", "size": "91.66", "side": "BUY", "hash": "5a9074eef086cc833634b994fda63fb221a20016", "best_bid": "0.19", "best_ask": "0.96"}, {"asset_id": "4922858101891993317973090956426199126889194706037483998826954590755280826537", "price": "0.81", "size": "91.66", "side": "SELL", "hash": "75df39fabed862a0ea85c1cdf4cb961d24a059f9", "best_bid": "0.04", "best_ask": "0.81"}], "timestamp": "1769384074910", "event_type": "price_change"}}
{"_local_timestamp": "2026-01-25T23:34:35.001778+00:00", "data": {"market": "0xa30d0d62ddebe5a59d1567e5a95445b8e1dda8c9884f4342b4680000205d5f58", "price_changes": [{"asset_id": "100874815949847511385269867891927428085011282984378081156415582806859006418622", "price": "0.19", "size": "91.66", "side": "BUY", "hash": "3df12f7344d8b1b99f31705c193bd25859577376", "best_bid": "0.19", "best_ask": "0.96"}, {"asset_id": "101313263892942797820449986417343739651434504986390071424946051436429538023924", "price": "0.81", "size": "91.66", "side": "SELL", "hash": "7ce57d3bc62e057fac076171dd0433fbff9a66d0", "best_bid": "0.04", "best_ask": "0.81"}], "timestamp": "1769384074932", "event_type": "price_change"}}
{"_local_timestamp": "2026-01-25T23:34:35.049209+00:00", "data": {"market": "0x26d14a0493969677b36b61f22d36675350c18794efe409a1b596a70ab8dde460", "price_changes": [{"asset_id": "106482657940160172792420808683871220884614775895702575094685323356692868972691", "price": "0.09", "size": "10", "side": "BUY", "hash": "aaae77c27f0daa061c38544f6e0c6aaa35718a31", "best_bid": "0.19", "best_ask": "0.96"}, {"asset_id": "4922858101891993317973090956426199126889194706037483998826954590755280826537", "price": "0.91", "size": "10", "side": "SELL", "hash": "60ddcccdbeeea4577506f9b2b4c9ef2d39698570", "best_bid": "0.04", "best_ask": "0.81"}], "timestamp": "1769384074979", "event_type": "price_change"}}
{"_local_timestamp": "2026-01-25T23:34:35.096219+00:00", "data": {"market": "0x3b32ef6897c33e7cac03641f3b16f25de3bbba86c48193ae7250b81bd5dc8e36", "price_changes": [{"asset_id": "94178105025010587605551061804884711949946880458304780411387357983973214654267", "price": "0.12", "size": "115", "side": "BUY", "hash": "47e34bacf1ee9afc959225c7257b38ab6ab8ca10", "best_bid": "0.14", "best_ask": "0.96"}, {"asset_id": "17972610624679517127262054229981683562086894472126949625769427736325964002189", "price": "0.88", "size": "115", "side": "SELL", "hash": "59897eb5cd39894a4cd5fa7b850bb777c4de07f3", "best_bid": "0.04", "best_ask": "0.86"}], "timestamp": "1769384075015", "event_type": "price_change"}}
{"_local_timestamp": "2026-01-25T23:34:35.096694+00:00", "data": {"market": "0x92d9b1b2184185bcd2f636f8b1c00d2e8900037541c5530b31cd241a2eab239b", "price_changes": [{"asset_id": "109219029248620472089454746502736175063492512175080091770615531566788580709265", "price": "0.12", "size": "191.66", "side": "BUY", "hash": "5cba62680b84a66854e306650925178796114fbc", "best_bid": "0.25", "best_ask": "0.95"}, {"asset_id": "61569645404255728258034880900232154069864126111347760075858298497771392596261", "price": "0.88", "size": "191.66", "side": "SELL", "hash": "8e22a5cdf3678205f24482ee51e382a04a687b2b", "best_bid": "0.05", "best_ask": "0.75"}], "timestamp": "1769384075015", "event_type": "price_change"}}
{"_local_timestamp": "2026-01-25T23:34:35.097207+00:00", "data": {"market": "0xd8eabfa8f66981b8d3a6eb675bb8af14c5f6efe031b4a5c32df905759f223879", "price_changes": [{"asset_id": "93427470351544238513526892778862660244461908155491853908352970314446781168681", "price": "0.12", "size": "182.66", "side": "BUY", "hash": "c146e4c31f0ffb406c8d79efc2fcb070470d7573", "best_bid": "0.23", "best_ask": "0.97"}, {"asset_id": "112512812049971030318594775213742917548833690085890279670946775909631461554878", "price": "0.88", "size": "182.66", "side": "SELL", "hash": "102515bfd887f1637ad0c7d29fd709ac80153bc4", "best_bid": "0.03", "best_ask": "0.77"}], "timestamp": "1769384075015", "event_type": "price_change"}}
{"_local_timestamp": "2026-01-25T23:34:35.249100+00:00", "data": {"market": "0x26d14a0493969677b36b61f22d36675350c18794efe409a1b596a70ab8dde460", "price_changes": [{"asset_id": "106482657940160172792420808683871220884614775895702575094685323356692868972691", "price": "0.08", "size": "76.66", "side": "BUY", "hash": "634d1698229c9030667945f3cb097c0519371e4f", "best_bid": "0.19", "best_ask": "0.96"}, {"asset_id": "4922858101891993317973090956426199126889194706037483998826954590755280826537", "price": "0.92", "size": "76.66", "side": "SELL", "hash": "5b372cfcac969044ff18f8a6089dcadea217308d", "best_bid": "0.04", "best_ask": "0.81"}], "timestamp": "1769384075183", "event_type": "price_change"}}
{"_local_timestamp": "2026-01-25T23:34:39.602869+00:00", "data": {"market": "0xd8eabfa8f66981b8d3a6eb675bb8af14c5f6efe031b4a5c32df905759f223879", "price_changes": [{"asset_id": "93427470351544238513526892778862660244461908155491853908352970314446781168681", "price": "0.11", "size": "10", "side": "BUY", "hash": "2e1d39be5e6bdf6790d7c276f1cae8cb1c7cfbf9", "best_bid": "0.23", "best_ask": "0.97"}, {"asset_id": "112512812049971030318594775213742917548833690085890279670946775909631461554878", "price": "0.89", "size": "10", "side": "SELL", "hash": "3bb300fc1da6fcf8ac84ac412403006df7c5b26d", "best_bid": "0.03", "best_ask": "0.77"}], "timestamp": "1769384079533", "event_type": "price_change"}}
{"_local_timestamp": "2026-01-25T23:34:39.603237+00:00", "data": {"market": "0x92d9b1b2184185bcd2f636f8b1c00d2e8900037541c5530b31cd241a2eab239b", "price_changes": [{"asset_id": "109219029248620472089454746502736175063492512175080091770615531566788580709265", "price": "0.07", "size": "0", "side": "BUY", "hash": "8f9c1bb701016e156880175adc7ac168330ac28e", "best_bid": "0.25", "best_ask": "0.95"}, {"asset_id": "61569645404255728258034880900232154069864126111347760075858298497771392596261", "price": "0.93", "size": "0", "side": "SELL", "hash": "c8f4574bb8fadd9ee51e696828e5dcbcfd3d2637", "best_bid": "0.05", "best_ask": "0.75"}], "timestamp": "1769384079534", "event_type": "price_change"}}
{"_local_timestamp": "2026-01-25T23:34:39.603531+00:00", "data": {"market": "0x47fd8303835d9108252343069ada769162976137e4e1c22b94b1cb305cd35d8a", "price_changes": [{"asset_id": "67693362484685031602902821937273102535915587968938088041888174799603605996322", "price": "0.11", "size": "10", "side": "BUY", "hash": "58fd705bb1167c55c13f93d0221dca5571a388d5", "best_bid": "0.23", "best_ask": "0.96"}, {"asset_id": "36087368699108837630068526518911366313227880114245979222947438453683556758111", "price": "0.89", "size": "10", "side": "SELL", "hash": "419112d293a9319df9db6d29b7515eaa2f015e1d", "best_bid": "0.04", "best_ask": "0.77"}], "timestamp": "1769384079534", "event_type": "price_change"}}
{"_local_timestamp": "2026-01-25T23:34:39.603843+00:00", "data": {"market": "0x3b32ef6897c33e7cac03641f3b16f25de3bbba86c48193ae7250b81bd5dc8e36", "price_changes": [{"asset_id": "94178105025010587605551061804884711949946880458304780411387357983973214654267", "price": "0.11", "size": "10", "side": "BUY", "hash": "6faaaa907147018604cdc7310c62ed20951dd0d1", "best_bid": "0.14", "best_ask": "0.96"}, {"asset_id": "17972610624679517127262054229981683562086894472126949625769427736325964002189", "price": "0.89", "size": "10", "side": "SELL", "hash": "4fffa05ef265be823aaa8a3b7db3dc63c3165591", "best_bid": "0.04", "best_ask": "0.86"}], "timestamp": "1769384079534", "event_type": "price_change"}}
{"_local_timestamp": "2026-01-25T23:34:39.638833+00:00", "data": {"market": "0xd8eabfa8f66981b8d3a6eb675bb8af14c5f6efe031b4a5c32df905759f223879", "price_changes": [{"asset_id": "93427470351544238513526892778862660244461908155491853908352970314446781168681", "price": "0.13", "size": "20", "side": "BUY", "hash": "4b77a4ecf135162b4ec2834fb4e9330c8f9fc62f", "best_bid": "0.23", "best_ask": "0.97"}, {"asset_id": "112512812049971030318594775213742917548833690085890279670946775909631461554878", "price": "0.87", "size": "20", "side": "SELL", "hash": "f2ae5320023b991f8be146913d24926907aa811e", "best_bid": "0.03", "best_ask": "0.77"}], "timestamp": "1769384079569", "event_type": "price_change"}}
{"_local_timestamp": "2026-01-25T23:34:39.639222+00:00", "data": {"market": "0x92d9b1b2184185bcd2f636f8b1c00d2e8900037541c5530b31cd241a2eab239b", "price_changes": [{"asset_id": "109219029248620472089454746502736175063492512175080091770615531566788580709265", "price": "0.13", "size": "20", "side": "BUY", "hash": "f4efecbf4b39baf0a9826cac0522228a924e6d4c", "best_bid": "0.25", "best_ask": "0.95"}, {"asset_id": "61569645404255728258034880900232154069864126111347760075858298497771392596261", "price": "0.87", "size": "20", "side": "SELL", "hash": "1d4dcf56c4ca769032eef2e8fb62f94ac7243a48", "best_bid": "0.05", "best_ask": "0.75"}], "timestamp": "1769384079569", "event_type": "price_change"}}
{"_local_timestamp": "2026-01-25T23:34:39.639541+00:00", "data": {"market": "0x3b32ef6897c33e7cac03641f3b16f25de3bbba86c48193ae7250b81bd5dc8e36", "price_changes": [{"asset_id": "94178105025010587605551061804884711949946880458304780411387357983973214654267", "price": "0.15", "size": "20", "side": "BUY", "hash": "6d7531259c761b3cfe5f31f444357e3140e1870d", "best_bid": "0.15", "best_ask": "0.96"}, {"asset_id": "17972610624679517127262054229981683562086894472126949625769427736325964002189", "price": "0.85", "size": "20", "side": "SELL", "hash": "6b401612fe68576be2a712acedbcdd3bb57d9ebe", "best_bid": "0.04", "best_ask": "0.85"}], "timestamp": "1769384079569", "event_type": "price_change"}}
{"_local_timestamp": "2026-01-25T23:34:39.639905+00:00", "data": {"market": "0x47fd8303835d9108252343069ada769162976137e4e1c22b94b1cb305cd35d8a", "price_changes": [{"asset_id": "67693362484685031602902821937273102535915587968938088041888174799603605996322", "price": "0.13", "size": "20", "side": "BUY", "hash": "ec4022708014d57d18150eb2790d4e3eb3dde013", "best_bid": "0.23", "best_ask": "0.96"}, {"asset_id": "36087368699108837630068526518911366313227880114245979222947438453683556758111", "price": "0.87", "size": "20", "side": "SELL", "hash": "7c5cb1652e5a637210ed4a856b731f760563c51e", "best_bid": "0.04", "best_ask": "0.77"}], "timestamp": "1769384079570", "event_type": "price_change"}}
{"_local_timestamp": "2026-01-25T23:34:39.659811+00:00", "data": {"market": "0x3b32ef6897c33e7cac03641f3b16f25de3bbba86c48193ae7250b81bd5dc8e36", "price_changes": [{"asset_id": "94178105025010587605551061804884711949946880458304780411387357983973214654267", "price": "0.14", "size": "5", "side": "BUY", "hash": "b1142361aa96ed34dff3a01e238e88a184a25846", "best_bid": "0.15", "best_ask": "0.96"}, {"asset_id": "17972610624679517127262054229981683562086894472126949625769427736325964002189", "price": "0.86", "size": "5", "side": "SELL", "hash": "6786abb959c908473420abf9f30543dbde7aba90", "best_bid": "0.04", "best_ask": "0.85"}], "timestamp": "1769384079589", "event_type": "price_change"}}
{"_local_timestamp": "2026-01-25T23:34:39.690941+00:00", "data": {"market": "0x3b32ef6897c33e7cac03641f3b16f25de3bbba86c48193ae7250b81bd5dc8e36", "price_changes": [{"asset_id": "94178105025010587605551061804884711949946880458304780411387357983973214654267", "price": "0.19", "size": "20", "side": "BUY", "hash": "6ab5b6f551ac276699900102420e99d9875e295c", "best_bid": "0.19", "best_ask": "0.96"}, {"asset_id": "17972610624679517127262054229981683562086894472126949625769427736325964002189", "price": "0.81", "size": "20", "side": "SELL", "hash": "c2736d2f9b44ce0d4a117863c5c0f3eadeb92158", "best_bid": "0.04", "best_ask": "0.81"}], "timestamp": "1769384079611", "event_type": "price_change"}}
{"_local_timestamp": "2026-01-25T23:34:39.818857+00:00", "data": {"market": "0x3b32ef6897c33e7cac03641f3b16f25de3bbba86c48193ae7250b81bd5dc8e36", "price_changes": [{"asset_id": "94178105025010587605551061804884711949946880458304780411387357983973214654267", "price": "0.12", "size": "105", "side": "BUY", "hash": "f2010a4ed14680d4edf02c8bcb87a301576cd9f4", "best_bid": "0.19", "best_ask": "0.96"}, {"asset_id": "17972610624679517127262054229981683562086894472126949625769427736325964002189", "price": "0.88", "size": "105", "side": "SELL", "hash": "82d776733b983b5ffd5709703f0198d3a5c210ff", "best_bid": "0.04", "best_ask": "0.81"}], "timestamp": "1769384079744", "event_type": "price_change"}}
{"_local_timestamp": "2026-01-25T23:34:40.533569+00:00", "data": {"market": "0x3b32ef6897c33e7cac03641f3b16f25de3bbba86c48193ae7250b81bd5dc8e36", "price_changes": [{"asset_id": "94178105025010587605551061804884711949946880458304780411387357983973214654267", "price": "0.11", "size": "0", "side": "BUY", "hash": "6f02c95a57eaf0031d77d747816f1290198d1e04", "best_bid": "0.19", "best_ask": "0.96"}, {"asset_id": "17972610624679517127262054229981683562086894472126949625769427736325964002189", "price": "0.89", "size": "0", "side": "SELL", "hash": "afe3f3c01e394f001102749d08bf0ec04e211fff", "best_bid": "0.04", "best_ask": "0.81"}], "timestamp": "1769384080303", "event_type": "price_change"}}
{"_local_timestamp": "2026-01-25T23:34:40.590503+00:00", "data": {"market": "0x3b32ef6897c33e7cac03641f3b16f25de3bbba86c48193ae7250b81bd5dc8e36", "price_changes": [{"asset_id": "94178105025010587605551061804884711949946880458304780411387357983973214654267", "price": "0.14", "size": "15", "side": "BUY", "hash": "cd6fe7383af3feaf6062c3bdc738393e51a14ad0", "best_bid": "0.19", "best_ask": "0.96"}, {"asset_id": "17972610624679517127262054229981683562086894472126949625769427736325964002189", "price": "0.86", "size": "15", "side": "SELL", "hash": "254abe168867d252a6e9a301a3610f48eb3d9262", "best_bid": "0.04", "best_ask": "0.81"}], "timestamp": "1769384080398", "event_type": "price_change"}}
{"_local_timestamp": "2026-01-25T23:35:06.683714+00:00", "data": {"market": "0x3b32ef6897c33e7cac03641f3b16f25de3bbba86c48193ae7250b81bd5dc8e36", "price_changes": [{"asset_id": "17972610624679517127262054229981683562086894472126949625769427736325964002189", "price": "0.86", "size": "10", "side": "SELL", "hash": "9a26218f3827297a9b0e87a89dbfd7495f404303", "best_bid": "0.04", "best_ask": "0.81"}, {"asset_id": "94178105025010587605551061804884711949946880458304780411387357983973214654267", "price": "0.14", "size": "10", "side": "BUY", "hash": "260e34cb3e6762a27f60b5adea06041cb3f4f704", "best_bid": "0.19", "best_ask": "0.96"}], "timestamp": "1769384106613", "event_type": "price_change"}}
{"_local_timestamp": "2026-01-25T23:35:14.345663+00:00", "data": {"market": "0xd8eabfa8f66981b8d3a6eb675bb8af14c5f6efe031b4a5c32df905759f223879", "price_changes": [{"asset_id": "93427470351544238513526892778862660244461908155491853908352970314446781168681", "price": "0.14", "size": "19", "side": "BUY", "hash": "d9fa9e4df49bf7c50596e4137d78114635fcb030", "best_bid": "0.23", "best_ask": "0.97"}, {"asset_id": "112512812049971030318594775213742917548833690085890279670946775909631461554878", "price": "0.86", "size": "19", "side": "SELL", "hash": "8ff2e704c69e01a95ea1524648acb3f683c2db34", "best_bid": "0.03", "best_ask": "0.77"}], "timestamp": "1769384113919", "event_type": "price_change"}}
{"_local_timestamp": "2026-01-25T23:35:17.509831+00:00", "data": {"market": "0xd8eabfa8f66981b8d3a6eb675bb8af14c5f6efe031b4a5c32df905759f223879", "price_changes": [{"asset_id": "93427470351544238513526892778862660244461908155491853908352970314446781168681", "price": "0.13", "size": "0", "side": "BUY", "hash": "6837e5c9611a0fd425648f323f5aec8cc3023316", "best_bid": "0.23", "best_ask": "0.97"}, {"asset_id": "112512812049971030318594775213742917548833690085890279670946775909631461554878", "price": "0.87", "size": "0", "side": "SELL", "hash": "6e0760439b55cdc003b0e1c8b998a97c917e2e1a", "best_bid": "0.03", "best_ask": "0.77"}], "timestamp": "1769384117443", "event_type": "price_change"}}
{"_local_timestamp": "2026-01-25T23:35:17.537758+00:00", "data": {"market": "0xd8eabfa8f66981b8d3a6eb675bb8af14c5f6efe031b4a5c32df905759f223879", "price_changes": [{"asset_id": "93427470351544238513526892778862660244461908155491853908352970314446781168681", "price": "0.15", "size": "20", "side": "BUY", "hash": "ccb4f4fe78d53eea4938f32071d602bcf8213eb7", "best_bid": "0.23", "best_ask": "0.97"}, {"asset_id": "112512812049971030318594775213742917548833690085890279670946775909631461554878", "price": "0.85", "size": "20", "side": "SELL", "hash": "f228f9ad8f7c06f97a03247873d7b1ccff0dc110", "best_bid": "0.03", "best_ask": "0.77"}], "timestamp": "1769384117471", "event_type": "price_change"}}
{"_local_timestamp": "2026-01-25T23:35:17.776197+00:00", "data": {"market": "0xd8eabfa8f66981b8d3a6eb675bb8af14c5f6efe031b4a5c32df905759f223879", "price_changes": [{"asset_id": "93427470351544238513526892778862660244461908155491853908352970314446781168681", "price": "0.12", "size": "172.66", "side": "BUY", "hash": "e8057f2f68aa5876d23e8a8dfb1efe1e4e82d059", "best_bid": "0.23", "best_ask": "0.97"}, {"asset_id": "112512812049971030318594775213742917548833690085890279670946775909631461554878", "price": "0.88", "size": "172.66", "side": "SELL", "hash": "443d5fdd214ac0996c062b2f4340aa2f16fc07e5", "best_bid": "0.03", "best_ask": "0.77"}], "timestamp": "1769384117702", "event_type": "price_change"}}
{"_local_timestamp": "2026-01-25T23:35:25.339153+00:00", "data": {"market": "0x47fd8303835d9108252343069ada769162976137e4e1c22b94b1cb305cd35d8a", "price_changes": [{"asset_id": "36087368699108837630068526518911366313227880114245979222947438453683556758111", "price": "0.01", "size": "76.66", "side": "BUY", "hash": "c8749e2cee2be2264cfe129ad50a483391cd476f", "best_bid": "0.04", "best_ask": "0.77"}, {"asset_id": "67693362484685031602902821937273102535915587968938088041888174799603605996322", "price": "0.99", "size": "76.66", "side": "SELL", "hash": "95ee89291fa0545ca55b5a98faab43e1da9ba13b", "best_bid": "0.23", "best_ask": "0.96"}], "timestamp": "1769384125268", "event_type": "price_change"}}
{"_local_timestamp": "2026-01-25T23:35:25.340183+00:00", "data": {"market": "0x3b32ef6897c33e7cac03641f3b16f25de3bbba86c48193ae7250b81bd5dc8e36", "price_changes": [{"asset_id": "17972610624679517127262054229981683562086894472126949625769427736325964002189", "price": "0.01", "size": "76.66", "side": "BUY", "hash": "9f2eef4f27a26709747e787adf1c167830f72ddc", "best_bid": "0.04", "best_ask": "0.81"}, {"asset_id": "94178105025010587605551061804884711949946880458304780411387357983973214654267", "price": "0.99", "size": "76.66", "side": "SELL", "hash": "caf614f7a915522993bfc473668f8ce8d8362798", "best_bid": "0.19", "best_ask": "0.96"}], "timestamp": "1769384125268", "event_type": "price_change"}}
{"_local_timestamp": "2026-01-25T23:35:25.346645+00:00", "data": {"market": "0xa30d0d62ddebe5a59d1567e5a95445b8e1dda8c9884f4342b4680000205d5f58", "price_changes": [{"asset_id": "101313263892942797820449986417343739651434504986390071424946051436429538023924", "price": "0.01", "size": "76.66", "side": "BUY", "hash": "ccd78c868c4edafbd1ab28b33388f7d89755024f", "best_bid": "0.04", "best_ask": "0.81"}, {"asset_id": "100874815949847511385269867891927428085011282984378081156415582806859006418622", "price": "0.99", "size": "76.66", "side": "SELL", "hash": "9f9e63bb39d1b363df9871202173c373f2a84047", "best_bid": "0.19", "best_ask": "0.96"}], "timestamp": "1769384125268", "event_type": "price_change"}}
{"_local_timestamp": "2026-01-25T23:35:25.347275+00:00", "data": {"market": "0x92d9b1b2184185bcd2f636f8b1c00d2e8900037541c5530b31cd241a2eab239b", "price_changes": [{"asset_id": "61569645404255728258034880900232154069864126111347760075858298497771392596261", "price": "0.01", "size": "76.66", "side": "BUY", "hash": "79915842d579c9ef8d897ed1551ccab8860bb548", "best_bid": "0.05", "best_ask": "0.75"}, {"asset_id": "109219029248620472089454746502736175063492512175080091770615531566788580709265", "price": "0.99", "size": "76.66", "side": "SELL", "hash": "7ee95a38d966e2c4f010d70e7d222d78c28cae3d", "best_bid": "0.25", "best_ask": "0.95"}], "timestamp": "1769384125268", "event_type": "price_change"}}
{"_local_timestamp": "2026-01-25T23:35:25.347682+00:00", "data": {"market": "0x26d14a0493969677b36b61f22d36675350c18794efe409a1b596a70ab8dde460", "price_changes": [{"asset_id": "4922858101891993317973090956426199126889194706037483998826954590755280826537", "price": "0.01", "size": "76.66", "side": "BUY", "hash": "9bfeab9184a95a4e2df05044525f7579dac4eb34", "best_bid": "0.04", "best_ask": "0.81"}, {"asset_id": "106482657940160172792420808683871220884614775895702575094685323356692868972691", "price": "0.99", "size": "76.66", "side": "SELL", "hash": "720dc6cbbe1ffe834cbec36b9362959c6a63eddd", "best_bid": "0.19", "best_ask": "0.96"}], "timestamp": "1769384125268", "event_type": "price_change"}}
{"_local_timestamp": "2026-01-25T23:35:25.348057+00:00", "data": {"market": "0x3b32ef6897c33e7cac03641f3b16f25de3bbba86c48193ae7250b81bd5dc8e36", "price_changes": [{"asset_id": "94178105025010587605551061804884711949946880458304780411387357983973214654267", "price": "0.12", "size": "5", "side": "BUY", "hash": "ab919dce59960e4dca4543f86192bc6d6937c1aa", "best_bid": "0.19", "best_ask": "0.96"}, {"asset_id": "17972610624679517127262054229981683562086894472126949625769427736325964002189", "price": "0.88", "size": "5", "side": "SELL", "hash": "9725b783a8e0c205a238738346b6ced36bb71e82", "best_bid": "0.04", "best_ask": "0.81"}], "timestamp": "1769384125269", "event_type": "price_change"}}
{"_local_timestamp": "2026-01-25T23:35:25.348439+00:00", "data": {"market": "0x3b32ef6897c33e7cac03641f3b16f25de3bbba86c48193ae7250b81bd5dc8e36", "price_changes": [{"asset_id": "94178105025010587605551061804884711949946880458304780411387357983973214654267", "price": "0.01", "size": "10000", "side": "BUY", "hash": "ab919dce59960e4dca4543f86192bc6d6937c1aa", "best_bid": "0.19", "best_ask": "0.96"}, {"asset_id": "17972610624679517127262054229981683562086894472126949625769427736325964002189", "price": "0.99", "size": "10000", "side": "SELL", "hash": "9725b783a8e0c205a238738346b6ced36bb71e82", "best_bid": "0.04", "best_ask": "0.81"}], "timestamp": "1769384125269", "event_type": "price_change"}}
{"_local_timestamp": "2026-01-25T23:35:25.398991+00:00", "data": {"market": "0x3b32ef6897c33e7cac03641f3b16f25de3bbba86c48193ae7250b81bd5dc8e36", "price_changes": [{"asset_id": "94178105025010587605551061804884711949946880458304780411387357983973214654267", "price": "0.07", "size": "10", "side": "BUY", "hash": "293e10c5f7e31c4144f306c5b4a5575c742f3ad2", "best_bid": "0.19", "best_ask": "0.96"}, {"asset_id": "17972610624679517127262054229981683562086894472126949625769427736325964002189", "price": "0.93", "size": "10", "side": "SELL", "hash": "66d30ddd9110986337a068c61a70335dacb5e20b", "best_bid": "0.04", "best_ask": "0.81"}], "timestamp": "1769384125325", "event_type": "price_change"}}
{"_local_timestamp": "2026-01-25T23:35:26.440972+00:00", "data": {"market": "0x3b32ef6897c33e7cac03641f3b16f25de3bbba86c48193ae7250b81bd5dc8e36", "price_changes": [{"asset_id": "17972610624679517127262054229981683562086894472126949625769427736325964002189", "price": "0.05", "size": "66.66", "side": "BUY", "hash": "d696d08fa2e799f22d61b76f9049889aea3afd5a", "best_bid": "0.05", "best_ask": "0.81"}, {"asset_id": "94178105025010587605551061804884711949946880458304780411387357983973214654267", "price": "0.95", "size": "66.66", "side": "SELL", "hash": "c878abcaa628f074e02d6226bbb245a80a444037", "best_bid": "0.19", "best_ask": "0.95"}], "timestamp": "1769384126373", "event_type": "price_change"}}
{"_local_timestamp": "2026-01-25T23:35:26.521207+00:00", "data": {"market": "0xa30d0d62ddebe5a59d1567e5a95445b8e1dda8c9884f4342b4680000205d5f58", "price_changes": [{"asset_id": "101313263892942797820449986417343739651434504986390071424946051436429538023924", "price": "0.05", "size": "66.66", "side": "BUY", "hash": "58d345bfea7b8254c1057eb842cec996a1897b54", "best_bid": "0.05", "best_ask": "0.81"}, {"asset_id": "100874815949847511385269867891927428085011282984378081156415582806859006418622", "price": "0.95", "size": "66.66", "side": "SELL", "hash": "2adda279ff29e60cc965aaa6b75db15224ece16b", "best_bid": "0.19", "best_ask": "0.95"}], "timestamp": "1769384126450", "event_type": "price_change"}}
{"_local_timestamp": "2026-01-25T23:35:26.554573+00:00", "data": {"market": "0x3b32ef6897c33e7cac03641f3b16f25de3bbba86c48193ae7250b81bd5dc8e36", "price_changes": [{"asset_id": "94178105025010587605551061804884711949946880458304780411387357983973214654267", "price": "0.01", "size": "10066.66", "side": "BUY", "hash": "d287e5355575da9dac1e7da82ff4148b77c65cff", "best_bid": "0.19", "best_ask": "0.95"}, {"asset_id": "17972610624679517127262054229981683562086894472126949625769427736325964002189", "price": "0.99", "size": "10066.66", "side": "SELL", "hash": "9a410fab5b1ba2dafcf58aafabbbb473b2f8a6f8", "best_bid": "0.05", "best_ask": "0.81"}], "timestamp": "1769384126483", "event_type": "price_change"}}
{"_local_timestamp": "2026-01-25T23:35:26.562737+00:00", "data": {"market": "0x3b32ef6897c33e7cac03641f3b16f25de3bbba86c48193ae7250b81bd5dc8e36", "price_changes": [{"asset_id": "94178105025010587605551061804884711949946880458304780411387357983973214654267", "price": "0.1", "size": "441.66", "side": "BUY", "hash": "f45713fa5375f4e266ee76a2c3faca7428f8a9a4", "best_bid": "0.19", "best_ask": "0.95"}, {"asset_id": "17972610624679517127262054229981683562086894472126949625769427736325964002189", "price": "0.9", "size": "441.66", "side": "SELL", "hash": "fae87d6313fc0f5330aeef2052d295e21d625331", "best_bid": "0.05", "best_ask": "0.81"}], "timestamp": "1769384126491", "event_type": "price_change"}}
{"_local_timestamp": "2026-01-25T23:35:26.579851+00:00", "data": {"market": "0x3b32ef6897c33e7cac03641f3b16f25de3bbba86c48193ae7250b81bd5dc8e36", "price_changes": [{"asset_id": "94178105025010587605551061804884711949946880458304780411387357983973214654267", "price": "0.2", "size": "66.66", "side": "BUY", "hash": "e404bbc2e1e0c9a74f3b5ae93fe0790819ef3d78", "best_bid": "0.2", "best_ask": "0.95"}, {"asset_id": "17972610624679517127262054229981683562086894472126949625769427736325964002189", "price": "0.8", "size": "66.66", "side": "SELL", "hash": "7e1bd149093ffb5dd81bf7f6b2c5a6386d81d534", "best_bid": "0.05", "best_ask": "0.8"}], "timestamp": "1769384126503", "event_type": "price_change"}}
{"_local_timestamp": "2026-01-25T23:35:26.593780+00:00", "data": {"market": "0xd8eabfa8f66981b8d3a6eb675bb8af14c5f6efe031b4a5c32df905759f223879", "price_changes": [{"asset_id": "93427470351544238513526892778862660244461908155491853908352970314446781168681", "price": "0.13", "size": "10", "side": "BUY", "hash": "291c8535693c45540576336e17601a30ef6f7e58", "best_bid": "0.23", "best_ask": "0.97"}, {"asset_id": "112512812049971030318594775213742917548833690085890279670946775909631461554878", "price": "0.87", "size": "10", "side": "SELL", "hash": "362775e58a1fef5b60da852eb3c3ff8fbbe1bcd3", "best_bid": "0.03", "best_ask": "0.77"}], "timestamp": "1769384126520", "event_type": "price_change"}}
{"_local_timestamp": "2026-01-25T23:35:26.594225+00:00", "data": {"market": "0x3b32ef6897c33e7cac03641f3b16f25de3bbba86c48193ae7250b81bd5dc8e36", "price_changes": [{"asset_id": "94178105025010587605551061804884711949946880458304780411387357983973214654267", "price": "0.19", "size": "0", "side": "BUY", "hash": "d3059ca5b59f008a14e479f9f6d356e6c039fe6d", "best_bid": "0.2", "best_ask": "0.95"}, {"asset_id": "17972610624679517127262054229981683562086894472126949625769427736325964002189", "price": "0.81", "size": "0", "side": "SELL", "hash": "99f562103f43c62933e115c9ee801d334f4e70da", "best_bid": "0.05", "best_ask": "0.8"}], "timestamp": "1769384126525", "event_type": "price_change"}}
{"_local_timestamp": "2026-01-25T23:35:26.619236+00:00", "data": {"market": "0x47fd8303835d9108252343069ada769162976137e4e1c22b94b1cb305cd35d8a", "price_changes": [{"asset_id": "36087368699108837630068526518911366313227880114245979222947438453683556758111", "price": "0.05", "size": "66.66", "side": "BUY", "hash": "c6cb8d04e3f455a85a9fe20dad2128713bc26ae4", "best_bid": "0.05", "best_ask": "0.77"}, {"asset_id": "67693362484685031602902821937273102535915587968938088041888174799603605996322", "price": "0.95", "size": "66.66", "side": "SELL", "hash": "8e0a5cf814beae1b54cc4f60bdc4fad46db5fbc5", "best_bid": "0.23", "best_ask": "0.95"}], "timestamp": "1769384126545", "event_type": "price_change"}}
{"_local_timestamp": "2026-01-25T23:35:26.650781+00:00", "data": {"market": "0x3b32ef6897c33e7cac03641f3b16f25de3bbba86c48193ae7250b81bd5dc8e36", "price_changes": [{"asset_id": "94178105025010587605551061804884711949946880458304780411387357983973214654267", "price": "0.2", "size": "86.66", "side": "BUY", "hash": "9a4ee438b41620612006d098735ea8cfce460ee6", "best_bid": "0.2", "best_ask": "0.95"}, {"asset_id": "17972610624679517127262054229981683562086894472126949625769427736325964002189", "price": "0.8", "size": "86.66", "side": "SELL", "hash": "3992aefd2e9ca97e0a3978f02f8ad8e506efc9bd", "best_bid": "0.05", "best_ask": "0.8"}], "timestamp": "1769384126549", "event_type": "price_change"}}
{"_local_timestamp": "2026-01-25T23:35:26.651279+00:00", "data": {"market": "0x3b32ef6897c33e7cac03641f3b16f25de3bbba86c48193ae7250b81bd5dc8e36", "price_changes": [{"asset_id": "94178105025010587605551061804884711949946880458304780411387357983973214654267", "price": "0.07", "size": "0", "side": "BUY", "hash": "7d10f620926870cb7898591b685c189e5cd71113", "best_bid": "0.2", "best_ask": "0.95"}, {"asset_id": "17972610624679517127262054229981683562086894472126949625769427736325964002189", "price": "0.93", "size": "0", "side": "SELL", "hash": "ff23f1fa17bfae159cc61ebe9977ea2eaf9d878f", "best_bid": "0.05", "best_ask": "0.8"}], "timestamp": "1769384126551", "event_type": "price_change"}}
{"_local_timestamp": "2026-01-25T23:35:26.743063+00:00", "data": {"market": "0xd8eabfa8f66981b8d3a6eb675bb8af14c5f6efe031b4a5c32df905759f223879", "price_changes": [{"asset_id": "93427470351544238513526892778862660244461908155491853908352970314446781168681", "price": "0.23", "size": "91.66", "side": "BUY", "hash": "f437a6eabb1bd1ab25550719ddec1472544261a2", "best_bid": "0.23", "best_ask": "0.97"}, {"asset_id": "112512812049971030318594775213742917548833690085890279670946775909631461554878", "price": "0.77", "size": "91.66", "side": "SELL", "hash": "ef5b6ef2329b4cb02d578ef2b5f65384c4832de7", "best_bid": "0.03", "best_ask": "0.77"}], "timestamp": "1769384126575", "event_type": "price_change"}}
{"_local_timestamp": "2026-01-25T23:35:26.852397+00:00", "data": {"market": "0x3b32ef6897c33e7cac03641f3b16f25de3bbba86c48193ae7250b81bd5dc8e36", "price_changes": [{"asset_id": "94178105025010587605551061804884711949946880458304780411387357983973214654267", "price": "0.07", "size": "10", "side": "BUY", "hash": "e16885e84c587409f1fa3e29e4b7e0aaaf722b4d", "best_bid": "0.2", "best_ask": "0.95"}, {"asset_id": "17972610624679517127262054229981683562086894472126949625769427736325964002189", "price": "0.93", "size": "10", "side": "SELL", "hash": "9d5092c756b3cefbb420c2bc1ea7ab1c0d662697", "best_bid": "0.05", "best_ask": "0.8"}], "timestamp": "1769384126676", "event_type": "price_change"}}
{"_local_timestamp": "2026-01-25T23:35:26.875742+00:00", "data": {"market": "0x26d14a0493969677b36b61f22d36675350c18794efe409a1b596a70ab8dde460", "price_changes": [{"asset_id": "4922858101891993317973090956426199126889194706037483998826954590755280826537", "price": "0.05", "size": "66.66", "side": "BUY", "hash": "4f16a4610baa793efdee52d6316cb0f2365b2f73", "best_bid": "0.05", "best_ask": "0.81"}, {"asset_id": "106482657940160172792420808683871220884614775895702575094685323356692868972691", "price": "0.95", "size": "66.66", "side": "SELL", "hash": "ea94b6ed9371ac041b42daac7c3edfacd85bf5aa", "best_bid": "0.19", "best_ask": "0.95"}], "timestamp": "1769384126720", "event_type": "price_change"}}
{"_local_timestamp": "2026-01-25T23:35:26.879404+00:00", "data": {"market": "0x92d9b1b2184185bcd2f636f8b1c00d2e8900037541c5530b31cd241a2eab239b", "price_changes": [{"asset_id": "61569645404255728258034880900232154069864126111347760075858298497771392596261", "price": "0.06", "size": "66.66", "side": "BUY", "hash": "e6dc1306e332593852b6c1333462f93d4a9f3d2f", "best_bid": "0.06", "best_ask": "0.75"}, {"asset_id": "109219029248620472089454746502736175063492512175080091770615531566788580709265", "price": "0.94", "size": "66.66", "side": "SELL", "hash": "b747c3a0e2eda124260ede5c60ea671cdb8a3c7c", "best_bid": "0.25", "best_ask": "0.94"}], "timestamp": "1769384126728", "event_type": "price_change"}}
{"_local_timestamp": "2026-01-25T23:35:26.919269+00:00", "data": {"market": "0x47fd8303835d9108252343069ada769162976137e4e1c22b94b1cb305cd35d8a", "price_changes": [{"asset_id": "67693362484685031602902821937273102535915587968938088041888174799603605996322", "price": "0.23", "size": "91.66", "side": "BUY", "hash": "5a4f9f760ec5a1ccf2f705fef65e9201ccaac2c0", "best_bid": "0.23", "best_ask": "0.95"}, {"asset_id": "36087368699108837630068526518911366313227880114245979222947438453683556758111", "price": "0.77", "size": "91.66", "side": "SELL", "hash": "48d3f1d1f142e725c3e68e0efdde572b8d3679cd", "best_bid": "0.05", "best_ask": "0.77"}], "timestamp": "1769384126828", "event_type": "price_change"}}
{"_local_timestamp": "2026-01-25T23:35:27.294561+00:00", "data": {"market": "0xd8eabfa8f66981b8d3a6eb675bb8af14c5f6efe031b4a5c32df905759f223879", "price_changes": [{"asset_id": "93427470351544238513526892778862660244461908155491853908352970314446781168681", "price": "0.13", "size": "0", "side": "BUY", "hash": "0a5740ff50557c07e83f4f11110038bcf9eef89e", "best_bid": "0.23", "best_ask": "0.97"}, {"asset_id": "112512812049971030318594775213742917548833690085890279670946775909631461554878", "price": "0.87", "size": "0", "side": "SELL", "hash": "158765928309dc9ab9839d7161f8e8b148b9a4b7", "best_bid": "0.03", "best_ask": "0.77"}], "timestamp": "1769384127058", "event_type": "price_change"}}
{"_local_timestamp": "2026-01-25T23:35:27.396466+00:00", "data": {"market": "0xd8eabfa8f66981b8d3a6eb675bb8af14c5f6efe031b4a5c32df905759f223879", "price_changes": [{"asset_id": "93427470351544238513526892778862660244461908155491853908352970314446781168681", "price": "0.15", "size": "30", "side": "BUY", "hash": "bb6ad7f0a063c1c08ae7048b6f882b2475756f26", "best_bid": "0.23", "best_ask": "0.97"}, {"asset_id": "112512812049971030318594775213742917548833690085890279670946775909631461554878", "price": "0.85", "size": "30", "side": "SELL", "hash": "76467ce838137ccdfb0f41cef1fb4b6baacd9328", "best_bid": "0.03", "best_ask": "0.77"}], "timestamp": "1769384127272", "event_type": "price_change"}}
{"_local_timestamp": "2026-01-25T23:35:27.524134+00:00", "data": {"market": "0xd8eabfa8f66981b8d3a6eb675bb8af14c5f6efe031b4a5c32df905759f223879", "price_changes": [{"asset_id": "93427470351544238513526892778862660244461908155491853908352970314446781168681", "price": "0.15", "size": "10", "side": "BUY", "hash": "fa7ae7de9cf65f6a659a26e07515afbb0b743dde", "best_bid": "0.23", "best_ask": "0.97"}, {"asset_id": "112512812049971030318594775213742917548833690085890279670946775909631461554878", "price": "0.85", "size": "10", "side": "SELL", "hash": "87162296aa3b9d73db58fd91481d6b99a4726ca1", "best_bid": "0.03", "best_ask": "0.77"}], "timestamp": "1769384127455", "event_type": "price_change"}}
{"_local_timestamp": "2026-01-25T23:35:27.557428+00:00", "data": {"market": "0xd8eabfa8f66981b8d3a6eb675bb8af14c5f6efe031b4a5c32df905759f223879", "price_changes": [{"asset_id": "93427470351544238513526892778862660244461908155491853908352970314446781168681", "price": "0.16", "size": "20", "side": "BUY", "hash": "fe46f94a46341fab7e7cb699529a31428cf932d5", "best_bid": "0.23", "best_ask": "0.97"}, {"asset_id": "112512812049971030318594775213742917548833690085890279670946775909631461554878", "price": "0.84", "size": "20", "side": "SELL", "hash": "8a1f18c42bc0da2fb829609bfff38738fe912f68", "best_bid": "0.03", "best_ask": "0.77"}], "timestamp": "1769384127487", "event_type": "price_change"}}
{"_local_timestamp": "2026-01-25T23:35:27.815575+00:00", "data": {"market": "0xd8eabfa8f66981b8d3a6eb675bb8af14c5f6efe031b4a5c32df905759f223879", "price_changes": [{"asset_id": "93427470351544238513526892778862660244461908155491853908352970314446781168681", "price": "0.15", "size": "0", "side": "BUY", "hash": "6df35bb50ccbdf8cd01deca7ec4c3adcfc6eb6f4", "best_bid": "0.23", "best_ask": "0.97"}, {"asset_id": "112512812049971030318594775213742917548833690085890279670946775909631461554878", "price": "0.85", "size": "0", "side": "SELL", "hash": "f27365212d38915875a86731b1f81de16df562c3", "best_bid": "0.03", "best_ask": "0.77"}], "timestamp": "1769384127749", "event_type": "price_change"}}
{"_local_timestamp": "2026-01-25T23:35:27.944707+00:00", "data": {"market": "0xd8eabfa8f66981b8d3a6eb675bb8af14c5f6efe031b4a5c32df905759f223879", "price_changes": [{"asset_id": "93427470351544238513526892778862660244461908155491853908352970314446781168681", "price": "0.13", "size": "10", "side": "BUY", "hash": "97f3e2c086cb8e5f7b3357cc3eaf9e7e5dc47a1b", "best_bid": "0.23", "best_ask": "0.97"}, {"asset_id": "112512812049971030318594775213742917548833690085890279670946775909631461554878", "price": "0.87", "size": "10", "side": "SELL", "hash": "10ce7ebc213c33f5d9f3a4b65dd685021a96a9ae", "best_bid": "0.03", "best_ask": "0.77"}], "timestamp": "1769384127874", "event_type": "price_change"}}
{"_local_timestamp": "2026-01-25T23:35:30.372015+00:00", "data": {"market": "0xd8eabfa8f66981b8d3a6eb675bb8af14c5f6efe031b4a5c32df905759f223879", "price_changes": [{"asset_id": "93427470351544238513526892778862660244461908155491853908352970314446781168681", "price": "0.16", "size": "0", "side": "BUY", "hash": "5cbfe68bea7eaf5375e36fac7eea9162d1415c2c", "best_bid": "0.23", "best_ask": "0.97"}, {"asset_id": "112512812049971030318594775213742917548833690085890279670946775909631461554878", "price": "0.84", "size": "0", "side": "SELL", "hash": "003660aae7fd09f97904c3fa554b75e34930871e", "best_bid": "0.03", "best_ask": "0.77"}], "timestamp": "1769384130299", "event_type": "price_change"}}
{"_local_timestamp": "2026-01-25T23:35:30.401002+00:00", "data": {"market": "0xd8eabfa8f66981b8d3a6eb675bb8af14c5f6efe031b4a5c32df905759f223879", "price_changes": [{"asset_id": "93427470351544238513526892778862660244461908155491853908352970314446781168681", "price": "0.15", "size": "20", "side": "BUY", "hash": "ceb13b02073309c8345d16f6c0af4501334e61c3", "best_bid": "0.23", "best_ask": "0.97"}, {"asset_id": "112512812049971030318594775213742917548833690085890279670946775909631461554878", "price": "0.85", "size": "20", "side": "SELL", "hash": "a7139e3cc1a2f970209f43e5d049e1a768df6226", "best_bid": "0.03", "best_ask": "0.77"}], "timestamp": "1769384130327", "event_type": "price_change"}}
{"_local_timestamp": "2026-01-25T23:35:32.654691+00:00", "data": {"market": "0x47fd8303835d9108252343069ada769162976137e4e1c22b94b1cb305cd35d8a", "price_changes": [{"asset_id": "36087368699108837630068526518911366313227880114245979222947438453683556758111", "price": "0.01", "size": "66.66", "side": "BUY", "hash": "3e86e4f3ea65b00629aa6ba1989052cd19add820", "best_bid": "0.05", "best_ask": "0.77"}, {"asset_id": "67693362484685031602902821937273102535915587968938088041888174799603605996322", "price": "0.99", "size": "66.66", "side": "SELL", "hash": "8d89ba55f8459614b800ea6582aefa1068f37a22", "best_bid": "0.23", "best_ask": "0.95"}], "timestamp": "1769384132588", "event_type": "price_change"}}
{"_local_timestamp": "2026-01-25T23:35:32.915038+00:00", "data": {"market": "0x47fd8303835d9108252343069ada769162976137e4e1c22b94b1cb305cd35d8a", "price_changes": [{"asset_id": "36087368699108837630068526518911366313227880114245979222947438453683556758111", "price": "0.02", "size": "65", "side": "BUY", "hash": "568b60e2a74b512dee494eb8e507853d7bbad5bc", "best_bid": "0.05", "best_ask": "0.77"}, {"asset_id": "67693362484685031602902821937273102535915587968938088041888174799603605996322", "price": "0.98", "size": "65", "side": "SELL", "hash": "1c088925aa0ffb9ad2d6d2f68936226ca1f35355", "best_bid": "0.23", "best_ask": "0.95"}], "timestamp": "1769384132834", "event_type": "price_change"}}
{"_local_timestamp": "2026-01-25T23:35:33.002756+00:00", "data": {"market": "0xd8eabfa8f66981b8d3a6eb675bb8af14c5f6efe031b4a5c32df905759f223879", "price_changes": [{"asset_id": "93427470351544238513526892778862660244461908155491853908352970314446781168681", "price": "0.14", "size": "0", "side": "BUY", "hash": "0e55fb06a4e29790cc40d3d72d0be98e450eda9c", "best_bid": "0.23", "best_ask": "0.97"}, {"asset_id": "112512812049971030318594775213742917548833690085890279670946775909631461554878", "price": "0.86", "size": "0", "side": "SELL", "hash": "9223fc1a36008ea2c2eaebc6f9f9c383e0323836", "best_bid": "0.03", "best_ask": "0.77"}], "timestamp": "1769384132931", "event_type": "price_change"}}
{"_local_timestamp": "2026-01-25T23:35:33.003320+00:00", "data": {"market": "0x47fd8303835d9108252343069ada769162976137e4e1c22b94b1cb305cd35d8a", "price_changes": [{"asset_id": "67693362484685031602902821937273102535915587968938088041888174799603605996322", "price": "0.11", "size": "0", "side": "BUY", "hash": "accc90c1a9b9cd20b40afce76229b5ca596119be", "best_bid": "0.23", "best_ask": "0.95"}, {"asset_id": "36087368699108837630068526518911366313227880114245979222947438453683556758111", "price": "0.89", "size": "0", "side": "SELL", "hash": "2490331cacfdc3acc9c2a6e1802347417fd3428c", "best_bid": "0.05", "best_ask": "0.77"}], "timestamp": "1769384132931", "event_type": "price_change"}}
{"_local_timestamp": "2026-01-25T23:35:33.139845+00:00", "data": {"market": "0x47fd8303835d9108252343069ada769162976137e4e1c22b94b1cb305cd35d8a", "price_changes": [{"asset_id": "67693362484685031602902821937273102535915587968938088041888174799603605996322", "price": "0.12", "size": "179.66", "side": "BUY", "hash": "4347d588d57f9e7e4d57b5fab2665d52799d02f0", "best_bid": "0.23", "best_ask": "0.95"}, {"asset_id": "36087368699108837630068526518911366313227880114245979222947438453683556758111", "price": "0.88", "size": "179.66", "side": "SELL", "hash": "b708989456dda1a24e6c66d72f1b0460da031e16", "best_bid": "0.05", "best_ask": "0.77"}], "timestamp": "1769384133030", "event_type": "price_change"}}
{"_local_timestamp": "2026-01-25T23:35:33.904868+00:00", "data": {"market": "0xd8eabfa8f66981b8d3a6eb675bb8af14c5f6efe031b4a5c32df905759f223879", "price_changes": [{"asset_id": "93427470351544238513526892778862660244461908155491853908352970314446781168681", "price": "0.15", "size": "0", "side": "BUY", "hash": "9e6926ccb821b445fbdc78c1ae1b132e14be9189", "best_bid": "0.23", "best_ask": "0.97"}, {"asset_id": "112512812049971030318594775213742917548833690085890279670946775909631461554878", "price": "0.85", "size": "0", "side": "SELL", "hash": "9ea5ef929d2926be2d972356967fcd30df16d639", "best_bid": "0.03", "best_ask": "0.77"}], "timestamp": "1769384133823", "event_type": "price_change"}}
{"_local_timestamp": "2026-01-25T23:35:33.930799+00:00", "data": {"market": "0xd8eabfa8f66981b8d3a6eb675bb8af14c5f6efe031b4a5c32df905759f223879", "price_changes": [{"asset_id": "93427470351544238513526892778862660244461908155491853908352970314446781168681", "price": "0.14", "size": "20", "side": "BUY", "hash": "bbbefd662995f90c631649ed5a6572112a462ad9", "best_bid": "0.23", "best_ask": "0.97"}, {"asset_id": "112512812049971030318594775213742917548833690085890279670946775909631461554878", "price": "0.86", "size": "20", "side": "SELL", "hash": "486bd10992e08ca0a4e5e890bc3421cb92a85930", "best_bid": "0.03", "best_ask": "0.77"}], "timestamp": "1769384133853", "event_type": "price_change"}}
{"_local_timestamp": "2026-01-25T23:35:35.756221+00:00", "data": {"market": "0xd8eabfa8f66981b8d3a6eb675bb8af14c5f6efe031b4a5c32df905759f223879", "price_changes": [{"asset_id": "93427470351544238513526892778862660244461908155491853908352970314446781168681", "price": "0.11", "size": "0", "side": "BUY", "hash": "98ff8fdb1f7bf80135a0e6d7a9a1712a88ae7056", "best_bid": "0.23", "best_ask": "0.97"}, {"asset_id": "112512812049971030318594775213742917548833690085890279670946775909631461554878", "price": "0.89", "size": "0", "side": "SELL", "hash": "0d12431f901ec35143ecb73c5f9792fb832d371c", "best_bid": "0.03", "best_ask": "0.77"}], "timestamp": "1769384135683", "event_type": "price_change"}}
{"_local_timestamp": "2026-01-25T23:35:35.853236+00:00", "data": {"market": "0xd8eabfa8f66981b8d3a6eb675bb8af14c5f6efe031b4a5c32df905759f223879", "price_changes": [{"asset_id": "93427470351544238513526892778862660244461908155491853908352970314446781168681", "price": "0.13", "size": "20", "side": "BUY", "hash": "f2f48fe6dcd4677d4b2b5007e2baa92bcc158552", "best_bid": "0.23", "best_ask": "0.97"}, {"asset_id": "112512812049971030318594775213742917548833690085890279670946775909631461554878", "price": "0.87", "size": "20", "side": "SELL", "hash": "c058160d6aca11b46e38efdfda863aeec74562b8", "best_bid": "0.03", "best_ask": "0.77"}], "timestamp": "1769384135777", "event_type": "price_change"}}
{"_local_timestamp": "2026-01-25T23:35:38.386412+00:00", "data": {"market": "0x26d14a0493969677b36b61f22d36675350c18794efe409a1b596a70ab8dde460", "price_changes": [{"asset_id": "4922858101891993317973090956426199126889194706037483998826954590755280826537", "price": "0.01", "size": "66.66", "side": "BUY", "hash": "16b1e537c02b3dc6114a2e1e87f141b1aa45303f", "best_bid": "0.05", "best_ask": "0.81"}, {"asset_id": "106482657940160172792420808683871220884614775895702575094685323356692868972691", "price": "0.99", "size": "66.66", "side": "SELL", "hash": "2a6cbfb0971b2ee489057f303c7a000194e6499e", "best_bid": "0.19", "best_ask": "0.95"}], "timestamp": "1769384138313", "event_type": "price_change"}}
{"_local_timestamp": "2026-01-25T23:35:38.471730+00:00", "data": {"market": "0x26d14a0493969677b36b61f22d36675350c18794efe409a1b596a70ab8dde460", "price_changes": [{"asset_id": "4922858101891993317973090956426199126889194706037483998826954590755280826537", "price": "0.02", "size": "65", "side": "BUY", "hash": "d747c6a935e8bc949169dafdc526673cc06734e7", "best_bid": "0.05", "best_ask": "0.81"}, {"asset_id": "106482657940160172792420808683871220884614775895702575094685323356692868972691", "price": "0.98", "size": "65", "side": "SELL", "hash": "29258fefadd3bf40d923835136fd4ad91ea9591e", "best_bid": "0.19", "best_ask": "0.95"}], "timestamp": "1769384138402", "event_type": "price_change"}}
{"_local_timestamp": "2026-01-25T23:35:44.531939+00:00", "data": {"market": "0x92d9b1b2184185bcd2f636f8b1c00d2e8900037541c5530b31cd241a2eab239b", "price_changes": [{"asset_id": "61569645404255728258034880900232154069864126111347760075858298497771392596261", "price": "0.01", "size": "66.66", "side": "BUY", "hash": "ec9fc997280c53c119eacb8116e012407f8a3903", "best_bid": "0.06", "best_ask": "0.75"}, {"asset_id": "109219029248620472089454746502736175063492512175080091770615531566788580709265", "price": "0.99", "size": "66.66", "side": "SELL", "hash": "3b2a88bd2cac4f6de1af2c182ef539e7554ea4bd", "best_bid": "0.25", "best_ask": "0.94"}], "timestamp": "1769384144464", "event_type": "price_change"}}
{"_local_timestamp": "2026-01-25T23:35:44.629093+00:00", "data": {"market": "0x92d9b1b2184185bcd2f636f8b1c00d2e8900037541c5530b31cd241a2eab239b", "price_changes": [{"asset_id": "61569645404255728258034880900232154069864126111347760075858298497771392596261", "price": "0.03", "size": "10", "side": "BUY", "hash": "c23103082bcce24c2ca56e0b45301d60030c6f27", "best_bid": "0.06", "best_ask": "0.75"}, {"asset_id": "109219029248620472089454746502736175063492512175080091770615531566788580709265", "price": "0.97", "size": "10", "side": "SELL", "hash": "ae6f6ed17fab1c7c2e1d506256c058b209257149", "best_bid": "0.25", "best_ask": "0.94"}], "timestamp": "1769384144557", "event_type": "price_change"}}
{"_local_timestamp": "2026-01-25T23:35:44.711828+00:00", "data": {"market": "0x92d9b1b2184185bcd2f636f8b1c00d2e8900037541c5530b31cd241a2eab239b", "price_changes": [{"asset_id": "109219029248620472089454746502736175063492512175080091770615531566788580709265", "price": "0.11", "size": "0", "side": "BUY", "hash": "bf033f08f79dd435773794e7c4a2856f75792c55", "best_bid": "0.25", "best_ask": "0.94"}, {"asset_id": "61569645404255728258034880900232154069864126111347760075858298497771392596261", "price": "0.89", "size": "0", "side": "SELL", "hash": "18f026fe9cf2ea84b7e4e35ba25d10be9d2eb90f", "best_bid": "0.06", "best_ask": "0.75"}], "timestamp": "1769384144634", "event_type": "price_change"}}
{"_local_timestamp": "2026-01-25T23:35:44.806688+00:00", "data": {"market": "0x92d9b1b2184185bcd2f636f8b1c00d2e8900037541c5530b31cd241a2eab239b", "price_changes": [{"asset_id": "109219029248620472089454746502736175063492512175080091770615531566788580709265", "price": "0.12", "size": "201.66", "side": "BUY", "hash": "8ba23fdfcef7abdb9837980b04f3602c0c356855", "best_bid": "0.25", "best_ask": "0.94"}, {"asset_id": "61569645404255728258034880900232154069864126111347760075858298497771392596261", "price": "0.88", "size": "201.66", "side": "SELL", "hash": "edaeee36647f5eb5532598fa8561b6484655f4c8", "best_bid": "0.06", "best_ask": "0.75"}], "timestamp": "1769384144739", "event_type": "price_change"}}
{"_local_timestamp": "2026-01-25T23:35:45.630949+00:00", "data": {"market": "0x3b32ef6897c33e7cac03641f3b16f25de3bbba86c48193ae7250b81bd5dc8e36", "price_changes": [{"asset_id": "17972610624679517127262054229981683562086894472126949625769427736325964002189", "price": "0.8", "size": "91.66", "side": "SELL", "hash": "0baa3ddc1ffba8bc5d5371f6baf3327856af4e1e", "best_bid": "0.05", "best_ask": "0.8"}, {"asset_id": "94178105025010587605551061804884711949946880458304780411387357983973214654267", "price": "0.2", "size": "91.66", "side": "BUY", "hash": "dfa95e0fa263a6e4a46530d8c0258066b397ac8d", "best_bid": "0.2", "best_ask": "0.95"}], "timestamp": "1769384145557", "event_type": "price_change"}}
{"_local_timestamp": "2026-01-25T23:35:56.918945+00:00", "data": {"market": "0xa30d0d62ddebe5a59d1567e5a95445b8e1dda8c9884f4342b4680000205d5f58", "price_changes": [{"asset_id": "101313263892942797820449986417343739651434504986390071424946051436429538023924", "price": "0.01", "size": "66.66", "side": "BUY", "hash": "2cb562798cf5e06f19de7681f6861bc2fd0daa2e", "best_bid": "0.05", "best_ask": "0.81"}, {"asset_id": "100874815949847511385269867891927428085011282984378081156415582806859006418622", "price": "0.99", "size": "66.66", "side": "SELL", "hash": "41d8a530626819f629d6429e04a756582dad798e", "best_bid": "0.19", "best_ask": "0.95"}], "timestamp": "1769384156828", "event_type": "price_change"}}
{"_local_timestamp": "2026-01-25T23:35:56.968819+00:00", "data": {"market": "0xa30d0d62ddebe5a59d1567e5a95445b8e1dda8c9884f4342b4680000205d5f58", "price_changes": [{"asset_id": "101313263892942797820449986417343739651434504986390071424946051436429538023924", "price": "0.02", "size": "65", "side": "BUY", "hash": "fdc4f514a646bd7671bb507f494303265c959dc7", "best_bid": "0.05", "best_ask": "0.81"}, {"asset_id": "100874815949847511385269867891927428085011282984378081156415582806859006418622", "price": "0.98", "size": "65", "side": "SELL", "hash": "76bf5d8076cdfe250a3455c78df23d9769b4285a", "best_bid": "0.19", "best_ask": "0.95"}], "timestamp": "1769384156898", "event_type": "price_change"}}
{"_local_timestamp": "2026-01-25T23:36:03.834810+00:00", "data": {"market": "0x3b32ef6897c33e7cac03641f3b16f25de3bbba86c48193ae7250b81bd5dc8e36", "price_changes": [{"asset_id": "17972610624679517127262054229981683562086894472126949625769427736325964002189", "price": "0.04", "size": "0", "side": "BUY", "hash": "3a6bedf7cdf34c10701745dc7da8a80d57290db6", "best_bid": "0.05", "best_ask": "0.8"}, {"asset_id": "94178105025010587605551061804884711949946880458304780411387357983973214654267", "price": "0.96", "size": "0", "side": "SELL", "hash": "c812f987269c6c6dfda994e6fb42b47426731843", "best_bid": "0.2", "best_ask": "0.95"}], "timestamp": "1769384163765", "event_type": "price_change"}}
{"_local_timestamp": "2026-01-25T23:36:03.835633+00:00", "data": {"market": "0x47fd8303835d9108252343069ada769162976137e4e1c22b94b1cb305cd35d8a", "price_changes": [{"asset_id": "36087368699108837630068526518911366313227880114245979222947438453683556758111", "price": "0.04", "size": "0", "side": "BUY", "hash": "eaad3dce9805143ac3f741db6fd4ca49e712efb6", "best_bid": "0.05", "best_ask": "0.77"}, {"asset_id": "67693362484685031602902821937273102535915587968938088041888174799603605996322", "price": "0.96", "size": "0", "side": "SELL", "hash": "5ff8c31231f5cb43418b69ccaac991d5572fcea9", "best_bid": "0.23", "best_ask": "0.95"}], "timestamp": "1769384163765", "event_type": "price_change"}}
{"_local_timestamp": "2026-01-25T23:36:03.836122+00:00", "data": {"market": "0x26d14a0493969677b36b61f22d36675350c18794efe409a1b596a70ab8dde460", "price_changes": [{"asset_id": "4922858101891993317973090956426199126889194706037483998826954590755280826537", "price": "0.04", "size": "0", "side": "BUY", "hash": "d6c60c19f98d8090528c50b5621f68f6c004cde7", "best_bid": "0.05", "best_ask": "0.81"}, {"asset_id": "106482657940160172792420808683871220884614775895702575094685323356692868972691", "price": "0.96", "size": "0", "side": "SELL", "hash": "3439f2cbd793c6ccffad5d3508588313ffcd2722", "best_bid": "0.19", "best_ask": "0.95"}], "timestamp": "1769384163765", "event_type": "price_change"}}
{"_local_timestamp": "2026-01-25T23:36:03.876969+00:00", "data": {"market": "0xd8eabfa8f66981b8d3a6eb675bb8af14c5f6efe031b4a5c32df905759f223879", "price_changes": [{"asset_id": "93427470351544238513526892778862660244461908155491853908352970314446781168681", "price": "0.13", "size": "10", "side": "BUY", "hash": "492581b1051716feb2a9b815f03c01655b397ca0", "best_bid": "0.23", "best_ask": "0.97"}, {"asset_id": "112512812049971030318594775213742917548833690085890279670946775909631461554878", "price": "0.87", "size": "10", "side": "SELL", "hash": "1f1324d610443b90f590de38b345a13136cb4d85", "best_bid": "0.03", "best_ask": "0.77"}], "timestamp": "1769384163811", "event_type": "price_change"}}
{"_local_timestamp": "2026-01-25T23:36:03.945372+00:00", "data": {"market": "0xa30d0d62ddebe5a59d1567e5a95445b8e1dda8c9884f4342b4680000205d5f58", "price_changes": [{"asset_id": "101313263892942797820449986417343739651434504986390071424946051436429538023924", "price": "0.04", "size": "0", "side": "BUY", "hash": "dc1acf2d2b7a7313a6d2ebf7e750bd9925ae62ed", "best_bid": "0.05", "best_ask": "0.81"}, {"asset_id": "100874815949847511385269867891927428085011282984378081156415582806859006418622", "price": "0.96", "size": "0", "side": "SELL", "hash": "f441d1aa3f5e547529ae9812b46db1a7e8446b84", "best_bid": "0.19", "best_ask": "0.95"}], "timestamp": "1769384163870", "event_type": "price_change"}}
{"_local_timestamp": "2026-01-25T23:36:03.945925+00:00", "data": {"market": "0x92d9b1b2184185bcd2f636f8b1c00d2e8900037541c5530b31cd241a2eab239b", "price_changes": [{"asset_id": "61569645404255728258034880900232154069864126111347760075858298497771392596261", "price": "0.05", "size": "0", "side": "BUY", "hash": "7d9cbca3c089de81b61bda8e4f5c5b5b366b3011", "best_bid": "0.06", "best_ask": "0.75"}, {"asset_id": "109219029248620472089454746502736175063492512175080091770615531566788580709265", "price": "0.95", "size": "0", "side": "SELL", "hash": "39c0dfe3a360e401159b24aa1d03c2be607b3f1c", "best_bid": "0.25", "best_ask": "0.94"}], "timestamp": "1769384163870", "event_type": "price_change"}}
{"_local_timestamp": "2026-01-25T23:36:03.977201+00:00", "data": {"market": "0xd8eabfa8f66981b8d3a6eb675bb8af14c5f6efe031b4a5c32df905759f223879", "price_changes": [{"asset_id": "93427470351544238513526892778862660244461908155491853908352970314446781168681", "price": "0.11", "size": "10", "side": "BUY", "hash": "37e3fbb1d68345fae4e12a9d11b3b31e71ead32b", "best_bid": "0.23", "best_ask": "0.97"}, {"asset_id": "112512812049971030318594775213742917548833690085890279670946775909631461554878", "price": "0.89", "size": "10", "side": "SELL", "hash": "2c299c6ee62570132db6c76c2bd9d8602d608f50", "best_bid": "0.03", "best_ask": "0.77"}], "timestamp": "1769384163906", "event_type": "price_change"}}
{"_local_timestamp": "2026-01-25T23:36:19.879871+00:00", "data": {"market": "0x3b32ef6897c33e7cac03641f3b16f25de3bbba86c48193ae7250b81bd5dc8e36", "price_changes": [{"asset_id": "17972610624679517127262054229981683562086894472126949625769427736325964002189", "price": "0.01", "size": "66.66", "side": "BUY", "hash": "0109ae27444923559c32c00d34b464362cd0461b", "best_bid": "0.05", "best_ask": "0.8"}, {"asset_id": "94178105025010587605551061804884711949946880458304780411387357983973214654267", "price": "0.99", "size": "66.66", "side": "SELL", "hash": "50ed4ad627a085ace429879e399036b06ebeedc1", "best_bid": "0.2", "best_ask": "0.95"}], "timestamp": "1769384179797", "event_type": "price_change"}}
{"_local_timestamp": "2026-01-25T23:36:19.954158+00:00", "data": {"market": "0x3b32ef6897c33e7cac03641f3b16f25de3bbba86c48193ae7250b81bd5dc8e36", "price_changes": [{"asset_id": "17972610624679517127262054229981683562086894472126949625769427736325964002189", "price": "0.02", "size": "65", "side": "BUY", "hash": "0a9c7a89e987a976b655158f8428898b1b45982a", "best_bid": "0.05", "best_ask": "0.8"}, {"asset_id": "94178105025010587605551061804884711949946880458304780411387357983973214654267", "price": "0.98", "size": "65", "side": "SELL", "hash": "ebacd94a950d00f445c5ca17744ce50aa7463535", "best_bid": "0.2", "best_ask": "0.95"}], "timestamp": "1769384179885", "event_type": "price_change"}}
{"_local_timestamp": "2026-01-25T23:36:20.042116+00:00", "data": {"market": "0x3b32ef6897c33e7cac03641f3b16f25de3bbba86c48193ae7250b81bd5dc8e36", "price_changes": [{"asset_id": "94178105025010587605551061804884711949946880458304780411387357983973214654267", "price": "0.14", "size": "0", "side": "BUY", "hash": "8176bf464793407e0ad6a34983aedeab17970b27", "best_bid": "0.2", "best_ask": "0.95"}, {"asset_id": "17972610624679517127262054229981683562086894472126949625769427736325964002189", "price": "0.86", "size": "0", "side": "SELL", "hash": "5e95b6a59a873dd91ca4dee0f40623ef8271805a", "best_bid": "0.05", "best_ask": "0.8"}], "timestamp": "1769384179976", "event_type": "price_change"}}
{"_local_timestamp": "2026-01-25T23:36:20.138171+00:00", "data": {"market": "0x3b32ef6897c33e7cac03641f3b16f25de3bbba86c48193ae7250b81bd5dc8e36", "price_changes": [{"asset_id": "94178105025010587605551061804884711949946880458304780411387357983973214654267", "price": "0.13", "size": "10", "side": "BUY", "hash": "4c203f4cddce1bdb1dcb2561e1d813242f538399", "best_bid": "0.2", "best_ask": "0.95"}, {"asset_id": "17972610624679517127262054229981683562086894472126949625769427736325964002189", "price": "0.87", "size": "10", "side": "SELL", "hash": "d2f025131eaed5a276ca1e14f80984d32eaadc0f", "best_bid": "0.05", "best_ask": "0.8"}], "timestamp": "1769384180066", "event_type": "price_change"}}
{"_local_timestamp": "2026-01-25T23:36:21.133673+00:00", "data": {"market": "0x3b32ef6897c33e7cac03641f3b16f25de3bbba86c48193ae7250b81bd5dc8e36", "price_changes": [{"asset_id": "94178105025010587605551061804884711949946880458304780411387357983973214654267", "price": "0.15", "size": "0", "side": "BUY", "hash": "8639c2874a205f62b4ffb16a130804e7360d7098", "best_bid": "0.2", "best_ask": "0.95"}, {"asset_id": "17972610624679517127262054229981683562086894472126949625769427736325964002189", "price": "0.85", "size": "0", "side": "SELL", "hash": "7a04c491e5e4fe1ed54f19e889e720c5fe966f2a", "best_bid": "0.05", "best_ask": "0.8"}], "timestamp": "1769384181061", "event_type": "price_change"}}
{"_local_timestamp": "2026-01-25T23:36:21.157912+00:00", "data": {"market": "0x3b32ef6897c33e7cac03641f3b16f25de3bbba86c48193ae7250b81bd5dc8e36", "price_changes": [{"asset_id": "94178105025010587605551061804884711949946880458304780411387357983973214654267", "price": "0.14", "size": "20", "side": "BUY", "hash": "71affcf5a88fa1ce6c9252355930635f441af90f", "best_bid": "0.2", "best_ask": "0.95"}, {"asset_id": "17972610624679517127262054229981683562086894472126949625769427736325964002189", "price": "0.86", "size": "20", "side": "SELL", "hash": "9e2ee64dc7810449bac0245ae82c00a183fd39b9", "best_bid": "0.05", "best_ask": "0.8"}], "timestamp": "1769384181092", "event_type": "price_change"}}
{"_local_timestamp": "2026-01-25T23:37:31.725486+00:00", "data": {"market": "0xd8eabfa8f66981b8d3a6eb675bb8af14c5f6efe031b4a5c32df905759f223879", "price_changes": [{"asset_id": "93427470351544238513526892778862660244461908155491853908352970314446781168681", "price": "0.23", "size": "71.66", "side": "BUY", "hash": "963a28735c1e2bdf573ac26ffc1ecaff88ba72f6", "best_bid": "0.23", "best_ask": "0.97"}, {"asset_id": "112512812049971030318594775213742917548833690085890279670946775909631461554878", "price": "0.77", "size": "71.66", "side": "SELL", "hash": "0c110b892fea7073482d3a4f25a3bfc424fb45f0", "best_bid": "0.03", "best_ask": "0.77"}], "timestamp": "1769384251653", "event_type": "price_change"}}
{"_local_timestamp": "2026-01-25T23:37:31.774180+00:00", "data": {"market": "0x47fd8303835d9108252343069ada769162976137e4e1c22b94b1cb305cd35d8a", "price_changes": [{"asset_id": "67693362484685031602902821937273102535915587968938088041888174799603605996322", "price": "0.23", "size": "71.66", "side": "BUY", "hash": "9ea55dcfda19352b4b20eda59dbe1fc725d4e35c", "best_bid": "0.23", "best_ask": "0.95"}, {"asset_id": "36087368699108837630068526518911366313227880114245979222947438453683556758111", "price": "0.77", "size": "71.66", "side": "SELL", "hash": "912be1e9afe2065ed98153e2e248d4af44cbcdec", "best_bid": "0.05", "best_ask": "0.77"}], "timestamp": "1769384251656", "event_type": "price_change"}}
{"_local_timestamp": "2026-01-25T23:37:31.774950+00:00", "data": {"market": "0x3b32ef6897c33e7cac03641f3b16f25de3bbba86c48193ae7250b81bd5dc8e36", "price_changes": [{"asset_id": "94178105025010587605551061804884711949946880458304780411387357983973214654267", "price": "0.2", "size": "71.66", "side": "BUY", "hash": "5a84959434d4b6c779157512cc639640aee5aea0", "best_bid": "0.2", "best_ask": "0.95"}, {"asset_id": "17972610624679517127262054229981683562086894472126949625769427736325964002189", "price": "0.8", "size": "71.66", "side": "SELL", "hash": "13638b60d1c121c34c1a8a8f9ff758a841227beb", "best_bid": "0.05", "best_ask": "0.8"}], "timestamp": "1769384251657", "event_type": "price_change"}}
{"_local_timestamp": "2026-01-25T23:37:32.029744+00:00", "data": {"market": "0x26d14a0493969677b36b61f22d36675350c18794efe409a1b596a70ab8dde460", "price_changes": [{"asset_id": "106482657940160172792420808683871220884614775895702575094685323356692868972691", "price": "0.19", "size": "71.66", "side": "BUY", "hash": "92e9171fb755619b0f5b350c56aed2786a84822d", "best_bid": "0.19", "best_ask": "0.95"}, {"asset_id": "4922858101891993317973090956426199126889194706037483998826954590755280826537", "price": "0.81", "size": "71.66", "side": "SELL", "hash": "8c82c5cd38eb224d00aeb612ff6194bfc856694b", "best_bid": "0.05", "best_ask": "0.81"}], "timestamp": "1769384251911", "event_type": "price_change"}}
{"_local_timestamp": "2026-01-25T23:37:32.045585+00:00", "data": {"market": "0xa30d0d62ddebe5a59d1567e5a95445b8e1dda8c9884f4342b4680000205d5f58", "price_changes": [{"asset_id": "100874815949847511385269867891927428085011282984378081156415582806859006418622", "price": "0.19", "size": "71.66", "side": "BUY", "hash": "cac7a0b89cf9c874b7e7e998a6210f3ed23ab37c", "best_bid": "0.19", "best_ask": "0.95"}, {"asset_id": "101313263892942797820449986417343739651434504986390071424946051436429538023924", "price": "0.81", "size": "71.66", "side": "SELL", "hash": "93802bf7d34e0c65f0b0d52b2263289582941a89", "best_bid": "0.05", "best_ask": "0.81"}], "timestamp": "1769384251914", "event_type": "price_change"}}
{"_local_timestamp": "2026-01-25T23:38:11.519296+00:00", "data": {"market": "0x3b32ef6897c33e7cac03641f3b16f25de3bbba86c48193ae7250b81bd5dc8e36", "price_changes": [{"asset_id": "17972610624679517127262054229981683562086894472126949625769427736325964002189", "price": "0.05", "size": "0", "side": "BUY", "hash": "7483f00ef686ed27fd731135fdda8b28d4ab7823", "best_bid": "0.03", "best_ask": "0.8"}, {"asset_id": "94178105025010587605551061804884711949946880458304780411387357983973214654267", "price": "0.95", "size": "0", "side": "SELL", "hash": "db46eeda79f51e159dd68253302a2860af43ba91", "best_bid": "0.2", "best_ask": "0.97"}], "timestamp": "1769384291442", "event_type": "price_change"}}
{"_local_timestamp": "2026-01-25T23:38:11.521444+00:00", "data": {"market": "0xa30d0d62ddebe5a59d1567e5a95445b8e1dda8c9884f4342b4680000205d5f58", "price_changes": [{"asset_id": "101313263892942797820449986417343739651434504986390071424946051436429538023924", "price": "0.05", "size": "0", "side": "BUY", "hash": "2340dad2e532b77df1867b0c573039ddd72b45b1", "best_bid": "0.03", "best_ask": "0.81"}, {"asset_id": "100874815949847511385269867891927428085011282984378081156415582806859006418622", "price": "0.95", "size": "0", "side": "SELL", "hash": "4a701bbc3c48495df7f93b23f2cc24b548782fe5", "best_bid": "0.19", "best_ask": "0.97"}], "timestamp": "1769384291442", "event_type": "price_change"}}
{"_local_timestamp": "2026-01-25T23:38:11.522538+00:00", "data": {"market": "0x92d9b1b2184185bcd2f636f8b1c00d2e8900037541c5530b31cd241a2eab239b", "price_changes": [{"asset_id": "61569645404255728258034880900232154069864126111347760075858298497771392596261", "price": "0.06", "size": "0", "side": "BUY", "hash": "9915a07ba26574340be5651012f4d2939ec55379", "best_bid": "0.04", "best_ask": "0.75"}, {"asset_id": "109219029248620472089454746502736175063492512175080091770615531566788580709265", "price": "0.94", "size": "0", "side": "SELL", "hash": "14b403709530b7165b34adf9c539519d3518c176", "best_bid": "0.25", "best_ask": "0.96"}], "timestamp": "1769384291442", "event_type": "price_change"}}
{"_local_timestamp": "2026-01-25T23:38:11.523180+00:00", "data": {"market": "0x47fd8303835d9108252343069ada769162976137e4e1c22b94b1cb305cd35d8a", "price_changes": [{"asset_id": "36087368699108837630068526518911366313227880114245979222947438453683556758111", "price": "0.05", "size": "0", "side": "BUY", "hash": "3f3160bf8f232f7d82e1adb28cf3e83e1a7cb1eb", "best_bid": "0.03", "best_ask": "0.77"}, {"asset_id": "67693362484685031602902821937273102535915587968938088041888174799603605996322", "price": "0.95", "size": "0", "side": "SELL", "hash": "4c0faccb4a2250769d37f73ab27fb55528e2cd25", "best_bid": "0.23", "best_ask": "0.97"}], "timestamp": "1769384291442", "event_type": "price_change"}}
{"_local_timestamp": "2026-01-25T23:38:11.523717+00:00", "data": {"market": "0x26d14a0493969677b36b61f22d36675350c18794efe409a1b596a70ab8dde460", "price_changes": [{"asset_id": "4922858101891993317973090956426199126889194706037483998826954590755280826537", "price": "0.05", "size": "0", "side": "BUY", "hash": "1002042a19a30774e89a02bb0240fda034a7992a", "best_bid": "0.03", "best_ask": "0.81"}, {"asset_id": "106482657940160172792420808683871220884614775895702575094685323356692868972691", "price": "0.95", "size": "0", "side": "SELL", "hash": "ecee6d30dfa8b5ef0db01648ecbe93593c20b8e3", "best_bid": "0.19", "best_ask": "0.97"}], "timestamp": "1769384291442", "event_type": "price_change"}}
{"_local_timestamp": "2026-01-25T23:38:11.706196+00:00", "data": {"market": "0x3b32ef6897c33e7cac03641f3b16f25de3bbba86c48193ae7250b81bd5dc8e36", "price_changes": [{"asset_id": "94178105025010587605551061804884711949946880458304780411387357983973214654267", "price": "0.07", "size": "0", "side": "BUY", "hash": "00d1b6f4325fb297ed83640a6f6f436782d9471c", "best_bid": "0.2", "best_ask": "0.97"}, {"asset_id": "17972610624679517127262054229981683562086894472126949625769427736325964002189", "price": "0.93", "size": "0", "side": "SELL", "hash": "ad3c1defa4cdeac2a2cb0ce0b6c30358fa6fe149", "best_bid": "0.03", "best_ask": "0.8"}], "timestamp": "1769384291630", "event_type": "price_change"}}
{"_local_timestamp": "2026-01-25T23:38:11.706900+00:00", "data": {"market": "0x92d9b1b2184185bcd2f636f8b1c00d2e8900037541c5530b31cd241a2eab239b", "price_changes": [{"asset_id": "109219029248620472089454746502736175063492512175080091770615531566788580709265", "price": "0.12", "size": "191.66", "side": "BUY", "hash": "d0858cee1eb4024430c281139e20897781cb6769", "best_bid": "0.25", "best_ask": "0.96"}, {"asset_id": "61569645404255728258034880900232154069864126111347760075858298497771392596261", "price": "0.88", "size": "191.66", "side": "SELL", "hash": "df932810df045947bb29c5499ffa2836012579bc", "best_bid": "0.04", "best_ask": "0.75"}], "timestamp": "1769384291630", "event_type": "price_change"}}
{"_local_timestamp": "2026-01-25T23:38:11.707517+00:00", "data": {"market": "0xd8eabfa8f66981b8d3a6eb675bb8af14c5f6efe031b4a5c32df905759f223879", "price_changes": [{"asset_id": "93427470351544238513526892778862660244461908155491853908352970314446781168681", "price": "0.11", "size": "0", "side": "BUY", "hash": "9df9bef8e387476aa6f28a6e7eda1efc86100640", "best_bid": "0.23", "best_ask": "0.97"}, {"asset_id": "112512812049971030318594775213742917548833690085890279670946775909631461554878", "price": "0.89", "size": "0", "side": "SELL", "hash": "0688e7e29432619a3423eba44daa2e3a466e9b97", "best_bid": "0.03", "best_ask": "0.77"}], "timestamp": "1769384291630", "event_type": "price_change"}}
{"_local_timestamp": "2026-01-25T23:38:11.708107+00:00", "data": {"market": "0x47fd8303835d9108252343069ada769162976137e4e1c22b94b1cb305cd35d8a", "price_changes": [{"asset_id": "67693362484685031602902821937273102535915587968938088041888174799603605996322", "price": "0.12", "size": "169.66", "side": "BUY", "hash": "bb4fa98f9f631fc3c46379bcc44c96883af670b0", "best_bid": "0.23", "best_ask": "0.97"}, {"asset_id": "36087368699108837630068526518911366313227880114245979222947438453683556758111", "price": "0.88", "size": "169.66", "side": "SELL", "hash": "571220e599c60668f242a70c1b86a25927e9bfbc", "best_bid": "0.03", "best_ask": "0.77"}], "timestamp": "1769384291630", "event_type": "price_change"}}
{"_local_timestamp": "2026-01-25T23:38:12.341931+00:00", "data": {"market": "0x3b32ef6897c33e7cac03641f3b16f25de3bbba86c48193ae7250b81bd5dc8e36", "price_changes": [{"asset_id": "94178105025010587605551061804884711949946880458304780411387357983973214654267", "price": "0.14", "size": "0", "side": "BUY", "hash": "6a2348eb957bdf7e44d4012595a552d9a5045843", "best_bid": "0.2", "best_ask": "0.97"}, {"asset_id": "17972610624679517127262054229981683562086894472126949625769427736325964002189", "price": "0.86", "size": "0", "side": "SELL", "hash": "32bbe991de62d82d0f59dea926a136bea97f9348", "best_bid": "0.03", "best_ask": "0.8"}], "timestamp": "1769384292272", "event_type": "price_change"}}
{"_local_timestamp": "2026-01-25T23:38:12.342662+00:00", "data": {"market": "0xd8eabfa8f66981b8d3a6eb675bb8af14c5f6efe031b4a5c32df905759f223879", "price_changes": [{"asset_id": "93427470351544238513526892778862660244461908155491853908352970314446781168681", "price": "0.14", "size": "0", "side": "BUY", "hash": "5f028721ba6d6595ab2d817474607a73b9a88b74", "best_bid": "0.23", "best_ask": "0.97"}, {"asset_id": "112512812049971030318594775213742917548833690085890279670946775909631461554878", "price": "0.86", "size": "0", "side": "SELL", "hash": "580333e533670dee7f8b731546c848500425ff11", "best_bid": "0.03", "best_ask": "0.77"}], "timestamp": "1769384292272", "event_type": "price_change"}}
{"_local_timestamp": "2026-01-25T23:38:12.343184+00:00", "data": {"market": "0x47fd8303835d9108252343069ada769162976137e4e1c22b94b1cb305cd35d8a", "price_changes": [{"asset_id": "67693362484685031602902821937273102535915587968938088041888174799603605996322", "price": "0.13", "size": "0", "side": "BUY", "hash": "03dae5fc0e3bbe822700f8b391d647d7423be937", "best_bid": "0.23", "best_ask": "0.97"}, {"asset_id": "36087368699108837630068526518911366313227880114245979222947438453683556758111", "price": "0.87", "size": "0", "side": "SELL", "hash": "29147473d54e9c11f225fdda7ec0623f236e05db", "best_bid": "0.03", "best_ask": "0.77"}], "timestamp": "1769384292272", "event_type": "price_change"}}
{"_local_timestamp": "2026-01-25T23:38:12.343856+00:00", "data": {"market": "0x92d9b1b2184185bcd2f636f8b1c00d2e8900037541c5530b31cd241a2eab239b", "price_changes": [{"asset_id": "109219029248620472089454746502736175063492512175080091770615531566788580709265", "price": "0.13", "size": "0", "side": "BUY", "hash": "11a4f082484acb5bf71379a8ac4a7a3d7b1c20c8", "best_bid": "0.25", "best_ask": "0.96"}, {"asset_id": "61569645404255728258034880900232154069864126111347760075858298497771392596261", "price": "0.87", "size": "0", "side": "SELL", "hash": "94ce278eaa81cc3f042bcff6280cb250e9c6b2b7", "best_bid": "0.04", "best_ask": "0.75"}], "timestamp": "1769384292272", "event_type": "price_change"}}
{"_local_timestamp": "2026-01-25T23:38:12.374395+00:00", "data": {"market": "0x92d9b1b2184185bcd2f636f8b1c00d2e8900037541c5530b31cd241a2eab239b", "price_changes": [{"asset_id": "109219029248620472089454746502736175063492512175080091770615531566788580709265", "price": "0.07", "size": "20", "side": "BUY", "hash": "d9f1be92db8ef6ba1fae9b00cd62784620cacdc9", "best_bid": "0.25", "best_ask": "0.96"}, {"asset_id": "61569645404255728258034880900232154069864126111347760075858298497771392596261", "price": "0.93", "size": "20", "side": "SELL", "hash": "01eca9652df1a5cae6021325baa069b61e831792", "best_bid": "0.04", "best_ask": "0.75"}], "timestamp": "1769384292302", "event_type": "price_change"}}
{"_local_timestamp": "2026-01-25T23:38:12.375065+00:00", "data": {"market": "0x47fd8303835d9108252343069ada769162976137e4e1c22b94b1cb305cd35d8a", "price_changes": [{"asset_id": "67693362484685031602902821937273102535915587968938088041888174799603605996322", "price": "0.11", "size": "20", "side": "BUY", "hash": "e306854a23f5f2dcc34a1d4f44ae7485d0491b43", "best_bid": "0.23", "best_ask": "0.97"}, {"asset_id": "36087368699108837630068526518911366313227880114245979222947438453683556758111", "price": "0.89", "size": "20", "side": "SELL", "hash": "e1b694ca44848ca8f73d6b3991b87a8632e95de2", "best_bid": "0.03", "best_ask": "0.77"}], "timestamp": "1769384292302", "event_type": "price_change"}}
{"_local_timestamp": "2026-01-25T23:38:12.375608+00:00", "data": {"market": "0xd8eabfa8f66981b8d3a6eb675bb8af14c5f6efe031b4a5c32df905759f223879", "price_changes": [{"asset_id": "93427470351544238513526892778862660244461908155491853908352970314446781168681", "price": "0.11", "size": "20", "side": "BUY", "hash": "2450de07e3b74d58c391f0ea64e287b4e23e1d1f", "best_bid": "0.23", "best_ask": "0.97"}, {"asset_id": "112512812049971030318594775213742917548833690085890279670946775909631461554878", "price": "0.89", "size": "20", "side": "SELL", "hash": "aed166a541ce9d8da0af69e1d4d8f1f8397cedd8", "best_bid": "0.03", "best_ask": "0.77"}], "timestamp": "1769384292302", "event_type": "price_change"}}
{"_local_timestamp": "2026-01-25T23:38:12.376138+00:00", "data": {"market": "0x3b32ef6897c33e7cac03641f3b16f25de3bbba86c48193ae7250b81bd5dc8e36", "price_changes": [{"asset_id": "94178105025010587605551061804884711949946880458304780411387357983973214654267", "price": "0.11", "size": "20", "side": "BUY", "hash": "f737944b43bf915803f4aa1fd7f138bb34d9da9a", "best_bid": "0.2", "best_ask": "0.97"}, {"asset_id": "17972610624679517127262054229981683562086894472126949625769427736325964002189", "price": "0.89", "size": "20", "side": "SELL", "hash": "881c82e763b36c7993a284d6ebda50933d3a6275", "best_bid": "0.03", "best_ask": "0.8"}], "timestamp": "1769384292303", "event_type": "price_change"}}
{"_local_timestamp": "2026-01-25T23:38:12.577805+00:00", "data": {"market": "0x92d9b1b2184185bcd2f636f8b1c00d2e8900037541c5530b31cd241a2eab239b", "price_changes": [{"asset_id": "61569645404255728258034880900232154069864126111347760075858298497771392596261", "price": "0.01", "size": "133.32", "side": "BUY", "hash": "b1fc513857010a0f2fe043bfbd7ad1174aa1125c", "best_bid": "0.04", "best_ask": "0.75"}, {"asset_id": "109219029248620472089454746502736175063492512175080091770615531566788580709265", "price": "0.99", "size": "133.32", "side": "SELL", "hash": "9fa18a76ec3227a1d392cb86b8a6ca2778bdd986", "best_bid": "0.25", "best_ask": "0.96"}], "timestamp": "1769384292510", "event_type": "price_change"}}
{"_local_timestamp": "2026-01-25T23:38:12.765377+00:00", "data": {"market": "0xa30d0d62ddebe5a59d1567e5a95445b8e1dda8c9884f4342b4680000205d5f58", "price_changes": [{"asset_id": "101313263892942797820449986417343739651434504986390071424946051436429538023924", "price": "0.01", "size": "133.32", "side": "BUY", "hash": "54aa8d9fef44fbede1ac4c40ff34dcb1e098562d", "best_bid": "0.03", "best_ask": "0.81"}, {"asset_id": "100874815949847511385269867891927428085011282984378081156415582806859006418622", "price": "0.99", "size": "133.32", "side": "SELL", "hash": "25961fb954418c77e23d302bca7fb333ea80ba01", "best_bid": "0.19", "best_ask": "0.97"}], "timestamp": "1769384292689", "event_type": "price_change"}}
{"_local_timestamp": "2026-01-25T23:38:12.896783+00:00", "data": {"market": "0x3b32ef6897c33e7cac03641f3b16f25de3bbba86c48193ae7250b81bd5dc8e36", "price_changes": [{"asset_id": "17972610624679517127262054229981683562086894472126949625769427736325964002189", "price": "0.01", "size": "133.32", "side": "BUY", "hash": "81e0e364a1a96713a5184e47570caa949a1700e2", "best_bid": "0.03", "best_ask": "0.8"}, {"asset_id": "94178105025010587605551061804884711949946880458304780411387357983973214654267", "price": "0.99", "size": "133.32", "side": "SELL", "hash": "f984390e2cfbd6561fc727bbb5a746aca66eb743", "best_bid": "0.2", "best_ask": "0.97"}], "timestamp": "1769384292806", "event_type": "price_change"}}
{"_local_timestamp": "2026-01-25T23:38:12.937173+00:00", "data": {"market": "0x47fd8303835d9108252343069ada769162976137e4e1c22b94b1cb305cd35d8a", "price_changes": [{"asset_id": "36087368699108837630068526518911366313227880114245979222947438453683556758111", "price": "0.01", "size": "133.32", "side": "BUY", "hash": "e8c3099f045c7d61fd224194a8b3660efc514adc", "best_bid": "0.03", "best_ask": "0.77"}, {"asset_id": "67693362484685031602902821937273102535915587968938088041888174799603605996322", "price": "0.99", "size": "133.32", "side": "SELL", "hash": "8151a8cbca8a2d06ee6e8c395bbe6daf5ec3d867", "best_bid": "0.23", "best_ask": "0.97"}], "timestamp": "1769384292868", "event_type": "price_change"}}
{"_local_timestamp": "2026-01-25T23:38:12.964397+00:00", "data": {"market": "0x26d14a0493969677b36b61f22d36675350c18794efe409a1b596a70ab8dde460", "price_changes": [{"asset_id": "4922858101891993317973090956426199126889194706037483998826954590755280826537", "price": "0.01", "size": "133.32", "side": "BUY", "hash": "1e6596afc65b41ea0a31f0b544e87ac058409634", "best_bid": "0.03", "best_ask": "0.81"}, {"asset_id": "106482657940160172792420808683871220884614775895702575094685323356692868972691", "price": "0.99", "size": "133.32", "side": "SELL", "hash": "f592679c9b8852d26ea451299200af76906e3037", "best_bid": "0.19", "best_ask": "0.97"}], "timestamp": "1769384292889", "event_type": "price_change"}}
{"_local_timestamp": "2026-01-25T23:38:17.864918+00:00", "data": {"market": "0xd8eabfa8f66981b8d3a6eb675bb8af14c5f6efe031b4a5c32df905759f223879", "price_changes": [{"asset_id": "93427470351544238513526892778862660244461908155491853908352970314446781168681", "price": "0.13", "size": "0", "side": "BUY", "hash": "eaac9be3554faaf1c0b03b7de7538df3a4352367", "best_bid": "0.23", "best_ask": "0.97"}, {"asset_id": "112512812049971030318594775213742917548833690085890279670946775909631461554878", "price": "0.87", "size": "0", "side": "SELL", "hash": "902fdc1103129dfd73ea867d5d15890733385975", "best_bid": "0.03", "best_ask": "0.77"}], "timestamp": "1769384297776", "event_type": "price_change"}}
{"_local_timestamp": "2026-01-25T23:38:17.936484+00:00", "data": {"market": "0xd8eabfa8f66981b8d3a6eb675bb8af14c5f6efe031b4a5c32df905759f223879", "price_changes": [{"asset_id": "93427470351544238513526892778862660244461908155491853908352970314446781168681", "price": "0.11", "size": "30", "side": "BUY", "hash": "8157eeef8255367ac8bce2342e35b7189b356b43", "best_bid": "0.23", "best_ask": "0.97"}, {"asset_id": "112512812049971030318594775213742917548833690085890279670946775909631461554878", "price": "0.89", "size": "30", "side": "SELL", "hash": "08245e4164896c707e4413e41cb347d99e7c6ae9", "best_bid": "0.03", "best_ask": "0.77"}], "timestamp": "1769384297866", "event_type": "price_change"}}
{"_local_timestamp": "2026-01-25T23:38:18.284114+00:00", "data": {"market": "0x47fd8303835d9108252343069ada769162976137e4e1c22b94b1cb305cd35d8a", "price_changes": [{"asset_id": "36087368699108837630068526518911366313227880114245979222947438453683556758111", "price": "0.02", "size": "55", "side": "BUY", "hash": "3c64e068c4aacadf1a104cbc2862afef39b43d25", "best_bid": "0.03", "best_ask": "0.77"}, {"asset_id": "67693362484685031602902821937273102535915587968938088041888174799603605996322", "price": "0.98", "size": "55", "side": "SELL", "hash": "d364cab7a6521a239420c3012d95f4acac8615c1", "best_bid": "0.23", "best_ask": "0.97"}], "timestamp": "1769384298217", "event_type": "price_change"}}
{"_local_timestamp": "2026-01-25T23:38:18.371036+00:00", "data": {"market": "0x47fd8303835d9108252343069ada769162976137e4e1c22b94b1cb305cd35d8a", "price_changes": [{"asset_id": "36087368699108837630068526518911366313227880114245979222947438453683556758111", "price": "0.01", "size": "143.32", "side": "BUY", "hash": "ca0a13ad7b74ae1b01e80a9ff7c9c6720a4977a6", "best_bid": "0.03", "best_ask": "0.77"}, {"asset_id": "67693362484685031602902821937273102535915587968938088041888174799603605996322", "price": "0.99", "size": "143.32", "side": "SELL", "hash": "c1160560b809e6b9aa429cc52a248b83d4f2abaa", "best_bid": "0.23", "best_ask": "0.97"}], "timestamp": "1769384298305", "event_type": "price_change"}}
{"_local_timestamp": "2026-01-25T23:38:18.443485+00:00", "data": {"market": "0x47fd8303835d9108252343069ada769162976137e4e1c22b94b1cb305cd35d8a", "price_changes": [{"asset_id": "67693362484685031602902821937273102535915587968938088041888174799603605996322", "price": "0.12", "size": "159.66", "side": "BUY", "hash": "536544dd8cb934d9f6b63f79561c2c20b8b31212", "best_bid": "0.23", "best_ask": "0.97"}, {"asset_id": "36087368699108837630068526518911366313227880114245979222947438453683556758111", "price": "0.88", "size": "159.66", "side": "SELL", "hash": "7d96a3a448c48c6b2434d40e64e6af7d2fb9e64b", "best_bid": "0.03", "best_ask": "0.77"}], "timestamp": "1769384298376", "event_type": "price_change"}}
{"_local_timestamp": "2026-01-25T23:38:18.533434+00:00", "data": {"market": "0x47fd8303835d9108252343069ada769162976137e4e1c22b94b1cb305cd35d8a", "price_changes": [{"asset_id": "67693362484685031602902821937273102535915587968938088041888174799603605996322", "price": "0.11", "size": "30", "side": "BUY", "hash": "b517166eee25fa2f1f7d024251c901b8ed39c15a", "best_bid": "0.23", "best_ask": "0.97"}, {"asset_id": "36087368699108837630068526518911366313227880114245979222947438453683556758111", "price": "0.89", "size": "30", "side": "SELL", "hash": "5f10a805d4cd337c5a5bd2b44a94825b3a14d0f1", "best_bid": "0.03", "best_ask": "0.77"}], "timestamp": "1769384298464", "event_type": "price_change"}}
{"_local_timestamp": "2026-01-25T23:38:22.489402+00:00", "data": {"market": "0x26d14a0493969677b36b61f22d36675350c18794efe409a1b596a70ab8dde460", "price_changes": [{"asset_id": "4922858101891993317973090956426199126889194706037483998826954590755280826537", "price": "0.02", "size": "55", "side": "BUY", "hash": "bbd4ed916181ece4c5b64b2920ddc92cbeafce44", "best_bid": "0.03", "best_ask": "0.81"}, {"asset_id": "106482657940160172792420808683871220884614775895702575094685323356692868972691", "price": "0.98", "size": "55", "side": "SELL", "hash": "c30628940c915d591b3b88e0fdd78fce76d86ed7", "best_bid": "0.19", "best_ask": "0.97"}], "timestamp": "1769384302418", "event_type": "price_change"}}
{"_local_timestamp": "2026-01-25T23:38:22.560829+00:00", "data": {"market": "0x26d14a0493969677b36b61f22d36675350c18794efe409a1b596a70ab8dde460", "price_changes": [{"asset_id": "4922858101891993317973090956426199126889194706037483998826954590755280826537", "price": "0.01", "size": "143.32", "side": "BUY", "hash": "b2f8d350554f54bcd10d1b3b58ac7a14ddc89b49", "best_bid": "0.03", "best_ask": "0.81"}, {"asset_id": "106482657940160172792420808683871220884614775895702575094685323356692868972691", "price": "0.99", "size": "143.32", "side": "SELL", "hash": "da3ffab1ce2d7f3b1dda8394de3cc9b0e50a4e8d", "best_bid": "0.19", "best_ask": "0.97"}], "timestamp": "1769384302489", "event_type": "price_change"}}
