{"_local_timestamp": "2026-01-25T23:40:47.063689+00:00", "data": [{"market": "0x97d9efae9a1242a8a03dbcc185a8b86bd305d6d46b3f24ca1a4aca3fa9a6212e", "asset_id": "104261134120343853622280944278231007806923775273920625091535282621751091388993", "timestamp": "1769384421474", "hash": "87f223d328dc9c89440a076d4daa86591759ecf1", "bids": [{"price": "0.01", "size": "133.32"}, {"price": "0.02", "size": "47"}, {"price": "0.03", "size": "60.98"}], "asks": [{"price": "0.99", "size": "10072.34"}, {"price": "0.98", "size": "5000"}, {"price": "0.96", "size": "2500"}, {"price": "0.95", "size": "64"}, {"price": "0.93", "size": "62"}, {"price": "0.92", "size": "66.66"}, {"price": "0.91", "size": "20"}, {"price": "0.79", "size": "66.66"}], "event_type": "book", "last_trade_price": ""}, {"market": "0xc20bd18955fdcaea6f4f20c37d84d5388e91fc4638490ca4facf8be523dc6c13", "asset_id": "89373461182969289579845172492872922158629123151223268658038449652837405119276", "timestamp": "1769384333975", "hash": "3afef790f15d3b1ef70048a7cce93691b238257d", "bids": [{"price": "0.01", "size": "86.66"}, {"price": "0.02", "size": "40"}, {"price": "0.03", "size": "38.33"}], "asks": [{"price": "0.99", "size": "10066.66"}, {"price": "0.98", "size": "5000"}, {"price": "0.96", "size": "2500"}, {"price": "0.95", "size": "40"}, {"price": "0.94", "size": "750"}, {"price": "0.9", "size": "375"}, {"price": "0.89", "size": "20"}, {"price": "0.87", "size": "76.66"}, {"price": "0.86", "size": "38"}, {"price": "0.75", "size": "71.66"}], "event_type": "book", "last_trade_price": ""}, {"market": "0xee58cd1c7231995c5ae2a91f48c350a22f87659a302101db4a3df99e6dc3a6ea", "asset_id": "7803863184464146993115773330448529218170635474995115952766099510312723003472", "timestamp": "1769384350516", "hash": "e06dfe36b208f27b1b56ea1badf7a0cf49f754c1", "bids": [{"price": "0.01", "size": "27"}, {"price": "0.02", "size": "10"}, {"price": "0.03", "size": "27"}, {"price": "0.05", "size": "27"}], "asks": [{"price": "0.99", "size": "10066.66"}, {"price": "0.98", "size": "5000"}, {"price": "0.96", "size": "2642"}, {"price": "0.94", "size": "750"}, {"price": "0.91", "size": "66.66"}, {"price": "0.9", "size": "375"}, {"price": "0.89", "size": "20"}, {"price": "0.88", "size": "10"}, {"price": "0.86", "size": "63"}, {"price": "0.83", "size": "66.66"}], "event_type": "book", "last_trade_price": ""}, {"market": "0x949c8c782beaf0d71a8ddc42ce5c0d0bfe3ec3c6ae5a7f94daea10850e8c570d", "asset_id": "30539481741900915205478863896530423654330693287078895672964604758297530843731", "timestamp": "1769384300276", "hash": "6a6fa65ea355f77797a651e070a1fc2448afbf74", "bids": [{"price": "0.01", "size": "69.56"}, {"price": "0.02", "size": "43.35"}, {"price": "0.03", "size": "29.78"}], "asks": [{"price": "0.99", "size": "10066.66"}, {"price": "0.98", "size": "5000"}, {"price": "0.97", "size": "66"}, {"price": "0.96", "size": "2500"}, {"price": "0.94", "size": "750"}, {"price": "0.9", "size": "375"}, {"price": "0.88", "size": "76.66"}, {"price": "0.87", "size": "25"}, {"price": "0.77", "size": "71.66"}], "event_type": "book", "last_trade_price": "0.020"}, {"market": "0xfe9d1a32b46991e6895baece1bf6bb1467b814a28aefd6f33f13c6ba91b8d3c9", "asset_id": "57979481369976477405471459370425139763472501428373244029900741691432131403521", "timestamp": "1769384331826", "hash": "35025fb1a35fd6c40548e383d201623f9bab8d0e", "bids": [{"price": "0.01", "size": "10066.66"}, {"price": "0.02", "size": "5000"}, {"price": "0.04", "size": "2500"}, {"price": "0.06", "size": "750"}, {"price": "0.08", "size": "66.66"}, {"price": "0.1", "size": "375"}, {"price": "0.11", "size": "10"}, {"price": "0.12", "size": "113"}, {"price": "0.15", "size": "66.66"}], "asks": [{"price": "0.99", "size": "116.66"}, {"price": "0.98", "size": "26"}, {"price": "0.96", "size": "53.33"}], "event_type": "book", "last_trade_price": ""}, {"market": "0xee58cd1c7231995c5ae2a91f48c350a22f87659a302101db4a3df99e6dc3a6ea", "asset_id": "21283325371787731209365391554654959446978032764029860917798309525771402585583", "timestamp": "1769384350516", "hash": "e9dfbe7bc46201679d54a12192c7a5f390e60002", "bids": [{"price": "0.01", "size": "10066.66"}, {"price": "0.02", "size": "5000"}, {"price": "0.04", "size": "2642"}, {"price": "0.06", "size": "750"}, {"price": "0.09", "size": "66.66"}, {"price": "0.1", "size": "375"}, {"price": "0.11", "size": "20"}, {"price": "0.12", "size": "10"}, {"price": "0.14", "size": "63"}, {"price": "0.17", "size": "66.66"}], "asks": [{"price": "0.99", "size": "27"}, {"price": "0.98", "size": "10"}, {"price": "0.97", "size": "27"}, {"price": "0.95", "size": "27"}], "event_type": "book", "last_trade_price": ""}, {"market": "0x949c8c782beaf0d71a8ddc42ce5c0d0bfe3ec3c6ae5a7f94daea10850e8c570d", "asset_id": "87159419841688319639364568112345975815517805746054836624129542662189383490979", "timestamp": "1769384300276", "hash": "1deef0e48f20de776f6eb5691a23eae2fdac0169", "bids": [{"price": "0.01", "size": "10066.66"}, {"price": "0.02", "size": "5000"}, {"price": "0.03", "size": "66"}, {"price": "0.04", "size": "2500"}, {"price": "0.06", "size": "750"}, {"price": "0.1", "size": "375"}, {"price": "0.12", "size": "76.66"}, {"price": "0.13", "size": "25"}, {"price": "0.23", "size": "71.66"}], "asks": [{"price": "0.99", "size": "69.56"}, {"price": "0.98", "size": "43.35"}, {"price": "0.97", "size": "29.78"}], "event_type": "book", "last_trade_price": "0.020"}, {"market": "0x9a0de7353469fc7af319897a8a494334b8a286d5cd8ec4b4edb6b3445a4b1597", "asset_id": "43697661106139132419773585187886106203320732906584708348798041358649329039252", "timestamp": "1769384347968", "hash": "a93fc58bf88764d01e75ccdb78c36c03fbc6269c", "bids": [{"price": "0.01", "size": "57.5"}, {"price": "0.02", "size": "37"}, {"price": "0.03", "size": "47.5"}], "asks": [{"price": "0.99", "size": "10066.66"}, {"price": "0.98", "size": "5000"}, {"price": "0.97", "size": "66"}, {"price": "0.96", "size": "2500"}, {"price": "0.94", "size": "10"}, {"price": "0.88", "size": "76.66"}, {"price": "0.87", "size": "20"}, {"price": "0.76", "size": "71.66"}], "event_type": "book", "last_trade_price": ""}, {"market": "0x97d9efae9a1242a8a03dbcc185a8b86bd305d6d46b3f24ca1a4aca3fa9a6212e", "asset_id": "108294337269786211232053551884711256636202429160499226202163015019758017901843", "timestamp": "1769384421474", "hash": "e2dc84e8e7f2cd295596c27e20e5957c1fecefcc", "bids": [{"price": "0.01", "size": "10072.34"}, {"price": "0.02", "size": "5000"}, {"price": "0.04", "size": "2500"}, {"price": "0.05", "size": "64"}, {"price": "0.07", "size": "62"}, {"price": "0.08", "size": "66.66"}, {"price": "0.09", "size": "20"}, {"price": "0.21", "size": "66.66"}], "asks": [{"price": "0.99", "size": "133.32"}, {"price": "0.98", "size": "47"}, {"price": "0.97", "size": "60.98"}], "event_type": "book", "last_trade_price": ""}, {"market": "0x9a0de7353469fc7af319897a8a494334b8a286d5cd8ec4b4edb6b3445a4b1597", "asset_id": "82448464534710566057881902879012276545801914494658997880647276477323315813986", "timestamp": "1769384347968", "hash": "e7168e2bfa2780ba2350de958cf7ec0677ed4cd5", "bids": [{"price": "0.01", "size": "10066.66"}, {"price": "0.02", "size": "5000"}, {"price": "0.03", "size": "66"}, {"price": "0.04", "size": "2500"}, {"price": "0.06", "size": "10"}, {"price": "0.12", "size": "76.66"}, {"price": "0.13", "size": "20"}, {"price": "0.24", "size": "71.66"}], "asks": [{"price": "0.99", "size": "57.5"}, {"price": "0.98", "size": "37"}, {"price": "0.97", "size": "47.5"}], "event_type": "book", "last_trade_price": ""}, {"market": "0xc20bd18955fdcaea6f4f20c37d84d5388e91fc4638490ca4facf8be523dc6c13", "asset_id": "40380829381795973958306409949439163717944979125745463341977071152902853169349", "timestamp": "1769384333975", "hash": "ad449895ecd84c50576f5d01525977d4122c972a", "bids": [{"price": "0.01", "size": "10066.66"}, {"price": "0.02", "size": "5000"}, {"price": "0.04", "size": "2500"}, {"price": "0.05", "size": "40"}, {"price": "0.06", "size": "750"}, {"price": "0.1", "size": "375"}, {"price": "0.11", "size": "20"}, {"price": "0.13", "size": "76.66"}, {"price": "0.14", "size": "38"}, {"price": "0.25", "size": "71.66"}], "asks": [{"price": "0.99", "size": "86.66"}, {"price": "0.98", "size": "40"}, {"price": "0.97", "size": "38.33"}], "event_type": "book", "last_trade_price": ""}, {"market": "0xfe9d1a32b46991e6895baece1bf6bb1467b814a28aefd6f33f13c6ba91b8d3c9", "asset_id": "71990823545476172057397539228999083435242402644332688321711165550800328090716", "timestamp": "1769384331826", "hash": "da8792b6502ce5558d566d11d723a07c6937dabd", "bids": [{"price": "0.01", "size": "116.66"}, {"price": "0.02", "size": "26"}, {"price": "0.04", "size": "53.33"}], "asks": [{"price": "0.99", "size": "10066.66"}, {"price": "0.98", "size": "5000"}, {"price": "0.96", "size": "2500"}, {"price": "0.94", "size": "750"}, {"price": "0.92", "size": "66.66"}, {"price": "0.9", "size": "375"}, {"price": "0.89", "size": "10"}, {"price": "0.88", "size": "113"}, {"price": "0.85", "size": "66.66"}], "event_type": "book", "last_trade_price": ""}]}
{"_local_timestamp": "2026-01-25T23:40:52.033692+00:00", "data": {"market": "0xee58cd1c7231995c5ae2a91f48c350a22f87659a302101db4a3df99e6dc3a6ea", "price_changes": [{"asset_id": "21283325371787731209365391554654959446978032764029860917798309525771402585583", "price": "0.17", "size": "0", "side": "BUY", "hash": "ff799272cbc27ca9b27d0eb1fd19e236adb51986", "best_bid": "0.14", "best_ask": "0.95"}, {"asset_id": "7803863184464146993115773330448529218170635474995115952766099510312723003472", "price": "0.83", "size": "0", "side": "SELL", "hash": "34d846a6fd0469b504476a3aadd26d1ff41787fb", "best_bid": "0.05", "best_ask": "0.86"}], "timestamp": "1769384451958", "event_type": "price_change"}}
{"_local_timestamp": "2026-01-25T23:40:52.034567+00:00", "data": {"market": "0xfe9d1a32b46991e6895baece1bf6bb1467b814a28aefd6f33f13c6ba91b8d3c9", "price_changes": [{"asset_id": "57979481369976477405471459370425139763472501428373244029900741691432131403521", "price": "0.15", "size": "0", "side": "BUY", "hash": "74acffe90dcc15355aa86d58c9db75b36dea53b3", "best_bid": "0.12", "best_ask": "0.96"}, {"asset_id": "71990823545476172057397539228999083435242402644332688321711165550800328090716", "price": "0.85", "size": "0", "side": "SELL", "hash": "9c7fc6d9683bdd47e71f2bfb2d1c65f448a87012", "best_bid": "0.04", "best_ask": "0.88"}], "timestamp": "1769384451958", "event_type": "price_change"}}
{"_local_timestamp": "2026-01-25T23:40:52.035287+00:00", "data": {"market": "0x97d9efae9a1242a8a03dbcc185a8b86bd305d6d46b3f24ca1a4aca3fa9a6212e", "price_changes": [{"asset_id": "108294337269786211232053551884711256636202429160499226202163015019758017901843", "price": "0.21", "size": "0", "side": "BUY", "hash": "3c5607e5ba8de8bbb2ffe86229670550ba9461bf", "best_bid": "0.09", "best_ask": "0.97"}, {"asset_id": "104261134120343853622280944278231007806923775273920625091535282621751091388993", "price": "0.79", "size": "0", "side": "SELL", "hash": "83f960f4870b75a70c2ef3fdd30c458d0b646e1f", "best_bid": "0.03", "best_ask": "0.91"}], "timestamp": "1769384451958", "event_type": "price_change"}}
{"_local_timestamp": "2026-01-25T23:40:52.035962+00:00", "data": {"market": "0x9a0de7353469fc7af319897a8a494334b8a286d5cd8ec4b4edb6b3445a4b1597", "price_changes": [{"asset_id": "43697661106139132419773585187886106203320732906584708348798041358649329039252", "price": "0.03", "size": "0", "side": "BUY", "hash": "c5fd648fd3d8fa4e84a58e99a8459d8830bc7caa", "best_bid": "0.02", "best_ask": "0.76"}, {"asset_id": "82448464534710566057881902879012276545801914494658997880647276477323315813986", "price": "0.97", "size": "0", "side": "SELL", "hash": "6244a51ce05387ff9f5156982ff9b44c1f62bb53", "best_bid": "0.24", "best_ask": "0.98"}], "timestamp": "1769384451958", "event_type": "price_change"}}
{"_local_timestamp": "2026-01-25T23:40:52.036637+00:00", "data": {"market": "0xee58cd1c7231995c5ae2a91f48c350a22f87659a302101db4a3df99e6dc3a6ea", "price_changes": [{"asset_id": "7803863184464146993115773330448529218170635474995115952766099510312723003472", "price": "0.05", "size": "0", "side": "BUY", "hash": "d28d0d3951d2714112c65c999e48a0824b83af88", "best_bid": "0.03", "best_ask": "0.86"}, {"asset_id": "21283325371787731209365391554654959446978032764029860917798309525771402585583", "price": "0.95", "size": "0", "side": "SELL", "hash": "c67ad3782eb83284da15dc4b73d606ff7b7ee8dd", "best_bid": "0.14", "best_ask": "0.97"}], "timestamp": "1769384451958", "event_type": "price_change"}}
{"_local_timestamp": "2026-01-25T23:40:52.037375+00:00", "data": {"market": "0x9a0de7353469fc7af319897a8a494334b8a286d5cd8ec4b4edb6b3445a4b1597", "price_changes": [{"asset_id": "43697661106139132419773585187886106203320732906584708348798041358649329039252", "price": "0.01", "size": "10", "side": "BUY", "hash": "c5fd648fd3d8fa4e84a58e99a8459d8830bc7caa", "best_bid": "0.02", "best_ask": "0.76"}, {"asset_id": "82448464534710566057881902879012276545801914494658997880647276477323315813986", "price": "0.99", "size": "10", "side": "SELL", "hash": "6244a51ce05387ff9f5156982ff9b44c1f62bb53", "best_bid": "0.24", "best_ask": "0.98"}], "timestamp": "1769384451958", "event_type": "price_change"}}
{"_local_timestamp": "2026-01-25T23:40:52.130449+00:00", "data": {"market": "0xfe9d1a32b46991e6895baece1bf6bb1467b814a28aefd6f33f13c6ba91b8d3c9", "price_changes": [{"asset_id": "57979481369976477405471459370425139763472501428373244029900741691432131403521", "price": "0.13", "size": "20", "side": "BUY", "hash": "4e004ef26e2be51c5f10debf0692533fcfa507c4", "best_bid": "0.13", "best_ask": "0.96"}, {"asset_id": "71990823545476172057397539228999083435242402644332688321711165550800328090716", "price": "0.87", "size": "20", "side": "SELL", "hash": "41c97bcfb3c8740fd79db1e9b34b82a1eaa01dba", "best_bid": "0.04", "best_ask": "0.87"}], "timestamp": "1769384452058", "event_type": "price_change"}}
{"_local_timestamp": "2026-01-25T23:40:52.185732+00:00", "data": {"market": "0x97d9efae9a1242a8a03dbcc185a8b86bd305d6d46b3f24ca1a4aca3fa9a6212e", "price_changes": [{"asset_id": "108294337269786211232053551884711256636202429160499226202163015019758017901843", "price": "0.14", "size": "20", "side": "BUY", "hash": "9d42036de5289c491c6a69af69c30acad7218ce6", "best_bid": "0.14", "best_ask": "0.97"}, {"asset_id": "104261134120343853622280944278231007806923775273920625091535282621751091388993", "price": "0.86", "size": "20", "side": "SELL", "hash": "3001d9aecab4443648f81a8e2ea440ec50385af1", "best_bid": "0.03", "best_ask": "0.86"}], "timestamp": "1769384452113", "event_type": "price_change"}}
{"_local_timestamp": "2026-01-25T23:40:52.205774+00:00", "data": {"market": "0xee58cd1c7231995c5ae2a91f48c350a22f87659a302101db4a3df99e6dc3a6ea", "price_changes": [{"asset_id": "21283325371787731209365391554654959446978032764029860917798309525771402585583", "price": "0.14", "size": "83", "side": "BUY", "hash": "d041c4ba20fc3baf4686a125da71c17765928d5e", "best_bid": "0.14", "best_ask": "0.97"}, {"asset_id": "7803863184464146993115773330448529218170635474995115952766099510312723003472", "price": "0.86", "size": "83", "side": "SELL", "hash": "db822954593cff140ec7f9bcb5a7abea94001ca5", "best_bid": "0.03", "best_ask": "0.86"}], "timestamp": "1769384452135", "event_type": "price_change"}}
{"_local_timestamp": "2026-01-25T23:40:52.318179+00:00", "data": {"market": "0x949c8c782beaf0d71a8ddc42ce5c0d0bfe3ec3c6ae5a7f94daea10850e8c570d", "price_changes": [{"asset_id": "87159419841688319639364568112345975815517805746054836624129542662189383490979", "price": "0.13", "size": "5", "side": "BUY", "hash": "23cea29f4ec9aa87967f43befdae377b58de4c92", "best_bid": "0.23", "best_ask": "0.97"}, {"asset_id": "30539481741900915205478863896530423654330693287078895672964604758297530843731", "price": "0.87", "size": "5", "side": "SELL", "hash": "8f711916c1ca3d18115f4b38de632d1dd0cbb05d", "best_bid": "0.03", "best_ask": "0.77"}], "timestamp": "1769384452245", "event_type": "price_change"}}
{"_local_timestamp": "2026-01-25T23:40:52.318960+00:00", "data": {"market": "0xc20bd18955fdcaea6f4f20c37d84d5388e91fc4638490ca4facf8be523dc6c13", "price_changes": [{"asset_id": "40380829381795973958306409949439163717944979125745463341977071152902853169349", "price": "0.11", "size": "0", "side": "BUY", "hash": "c762672a2965496a3919e49398c192b48474060f", "best_bid": "0.25", "best_ask": "0.97"}, {"asset_id": "89373461182969289579845172492872922158629123151223268658038449652837405119276", "price": "0.89", "size": "0", "side": "SELL", "hash": "8a90d36a84f41b4f7824ecdcc3b036e7a2cdb7e6", "best_bid": "0.03", "best_ask": "0.75"}], "timestamp": "1769384452245", "event_type": "price_change"}}
{"_local_timestamp": "2026-01-25T23:40:52.319689+00:00", "data": {"market": "0x9a0de7353469fc7af319897a8a494334b8a286d5cd8ec4b4edb6b3445a4b1597", "price_changes": [{"asset_id": "82448464534710566057881902879012276545801914494658997880647276477323315813986", "price": "0.13", "size": "0", "side": "BUY", "hash": "15059ada6991c99df475d4113ce025e040e00a45", "best_bid": "0.24", "best_ask": "0.98"}, {"asset_id": "43697661106139132419773585187886106203320732906584708348798041358649329039252", "price": "0.87", "size": "0", "side": "SELL", "hash": "3dbe7b2c35a376b62e3fac44a3e0d7d056e7ea66", "best_bid": "0.02", "best_ask": "0.76"}], "timestamp": "1769384452245", "event_type": "price_change"}}
{"_local_timestamp": "2026-01-25T23:40:52.320376+00:00", "data": {"market": "0xfe9d1a32b46991e6895baece1bf6bb1467b814a28aefd6f33f13c6ba91b8d3c9", "price_changes": [{"asset_id": "57979481369976477405471459370425139763472501428373244029900741691432131403521", "price": "0.12", "size": "93", "side": "BUY", "hash": "2d24d6f01f3215b889796bfbe80d60fceae2c282", "best_bid": "0.13", "best_ask": "0.96"}, {"asset_id": "71990823545476172057397539228999083435242402644332688321711165550800328090716", "price": "0.88", "size": "93", "side": "SELL", "hash": "cb49da8003a63532a7d3d45581d21cc264b34544", "best_bid": "0.04", "best_ask": "0.87"}], "timestamp": "1769384452245", "event_type": "price_change"}}
{"_local_timestamp": "2026-01-25T23:40:52.321058+00:00", "data": {"market": "0xee58cd1c7231995c5ae2a91f48c350a22f87659a302101db4a3df99e6dc3a6ea", "price_changes": [{"asset_id": "21283325371787731209365391554654959446978032764029860917798309525771402585583", "price": "0.11", "size": "0", "side": "BUY", "hash": "04d78f2dbeb3035228d0007907b631abd14db3c9", "best_bid": "0.14", "best_ask": "0.97"}, {"asset_id": "7803863184464146993115773330448529218170635474995115952766099510312723003472", "price": "0.89", "size": "0", "side": "SELL", "hash": "24e07042811c51c3d93196b6439eb65230971e72", "best_bid": "0.03", "best_ask": "0.86"}], "timestamp": "1769384452245", "event_type": "price_change"}}
{"_local_timestamp": "2026-01-25T23:40:52.350030+00:00", "data": {"market": "0xee58cd1c7231995c5ae2a91f48c350a22f87659a302101db4a3df99e6dc3a6ea", "price_changes": [{"asset_id": "21283325371787731209365391554654959446978032764029860917798309525771402585583", "price": "0.1", "size": "395", "side": "BUY", "hash": "c4291a1de0fee7370b2910fe47832c29c0ef9f96", "best_bid": "0.14", "best_ask": "0.97"}, {"asset_id": "7803863184464146993115773330448529218170635474995115952766099510312723003472", "price": "0.9", "size": "395", "side": "SELL", "hash": "1ae9e708b5b63de07e802c30fdeaec347af6ab44", "best_bid": "0.03", "best_ask": "0.86"}], "timestamp": "1769384452276", "event_type": "price_change"}}
{"_local_timestamp": "2026-01-25T23:40:52.350812+00:00", "data": {"market": "0x9a0de7353469fc7af319897a8a494334b8a286d5cd8ec4b4edb6b3445a4b1597", "price_changes": [{"asset_id": "82448464534710566057881902879012276545801914494658997880647276477323315813986", "price": "0.07", "size": "20", "side": "BUY", "hash": "9b9940d9955183697e9cde8f42170c216a222fb2", "best_bid": "0.24", "best_ask": "0.98"}, {"asset_id": "43697661106139132419773585187886106203320732906584708348798041358649329039252", "price": "0.93", "size": "20", "side": "SELL", "hash": "82f65a8cb2ccd5a3eb308de615912033984deaa1", "best_bid": "0.02", "best_ask": "0.76"}], "timestamp": "1769384452276", "event_type": "price_change"}}
{"_local_timestamp": "2026-01-25T23:40:52.351509+00:00", "data": {"market": "0xfe9d1a32b46991e6895baece1bf6bb1467b814a28aefd6f33f13c6ba91b8d3c9", "price_changes": [{"asset_id": "57979481369976477405471459370425139763472501428373244029900741691432131403521", "price": "0.09", "size": "20", "side": "BUY", "hash": "da02329fc46f8efeeba923d7fb41916b8b16ad50", "best_bid": "0.13", "best_ask": "0.96"}, {"asset_id": "71990823545476172057397539228999083435242402644332688321711165550800328090716", "price": "0.91", "size": "20", "side": "SELL", "hash": "3b2fc2e9a0959ce6a4cf4d96d5415ed2dd589e45", "best_bid": "0.04", "best_ask": "0.87"}], "timestamp": "1769384452276", "event_type": "price_change"}}
{"_local_timestamp": "2026-01-25T23:40:52.352258+00:00", "data": {"market": "0x949c8c782beaf0d71a8ddc42ce5c0d0bfe3ec3c6ae5a7f94daea10850e8c570d", "price_changes": [{"asset_id": "87159419841688319639364568112345975815517805746054836624129542662189383490979", "price": "0.07", "size": "20", "side": "BUY", "hash": "a42d3c9f8a4dd9de96199c8851476b0ea099194a", "best_bid": "0.23", "best_ask": "0.97"}, {"asset_id": "30539481741900915205478863896530423654330693287078895672964604758297530843731", "price": "0.93", "size": "20", "side": "SELL", "hash": "deb9ef8779e361b8e486c0d4f873ead807f45f43", "best_bid": "0.03", "best_ask": "0.77"}], "timestamp": "1769384452276", "event_type": "price_change"}}
{"_local_timestamp": "2026-01-25T23:40:52.352960+00:00", "data": {"market": "0xc20bd18955fdcaea6f4f20c37d84d5388e91fc4638490ca4facf8be523dc6c13", "price_changes": [{"asset_id": "40380829381795973958306409949439163717944979125745463341977071152902853169349", "price": "0.07", "size": "20", "side": "BUY", "hash": "24edd7ab5c22e9eb040283bbe3352af1ad2ac5b9", "best_bid": "0.25", "best_ask": "0.97"}, {"asset_id": "89373461182969289579845172492872922158629123151223268658038449652837405119276", "price": "0.93", "size": "20", "side": "SELL", "hash": "baa315844e9f4a9f63c0a738de40b67b5e4ea164", "best_bid": "0.03", "best_ask": "0.75"}], "timestamp": "1769384452276", "event_type": "price_change"}}
{"_local_timestamp": "2026-01-25T23:40:52.397401+00:00", "data": {"market": "0x97d9efae9a1242a8a03dbcc185a8b86bd305d6d46b3f24ca1a4aca3fa9a6212e", "price_changes": [{"asset_id": "108294337269786211232053551884711256636202429160499226202163015019758017901843", "price": "0.05", "size": "0", "side": "BUY", "hash": "4d7dc58d47a00ba0947e95bb22fcf85b86264729", "best_bid": "0.14", "best_ask": "0.97"}, {"asset_id": "104261134120343853622280944278231007806923775273920625091535282621751091388993", "price": "0.95", "size": "0", "side": "SELL", "hash": "fff921870baa476febbb55253a9947f273b42f72", "best_bid": "0.03", "best_ask": "0.86"}], "timestamp": "1769384452330", "event_type": "price_change"}}
{"_local_timestamp": "2026-01-25T23:40:52.630062+00:00", "data": {"market": "0x9a0de7353469fc7af319897a8a494334b8a286d5cd8ec4b4edb6b3445a4b1597", "price_changes": [{"asset_id": "43697661106139132419773585187886106203320732906584708348798041358649329039252", "price": "0.01", "size": "41.66", "side": "BUY", "hash": "9441917918042278c163d749c5897a328b7535bd", "best_bid": "0.02", "best_ask": "0.76"}, {"asset_id": "82448464534710566057881902879012276545801914494658997880647276477323315813986", "price": "0.99", "size": "41.66", "side": "SELL", "hash": "7b7fa0b295333f6c26debe0d6cc2eb2b9b41da8c", "best_bid": "0.24", "best_ask": "0.98"}], "timestamp": "1769384452557", "event_type": "price_change"}}
{"_local_timestamp": "2026-01-25T23:40:52.693904+00:00", "data": {"market": "0x97d9efae9a1242a8a03dbcc185a8b86bd305d6d46b3f24ca1a4aca3fa9a6212e", "price_changes": [{"asset_id": "108294337269786211232053551884711256636202429160499226202163015019758017901843", "price": "0.01", "size": "10139", "side": "BUY", "hash": "4e455d64bded753a94d6a732fb5b47b348253218", "best_bid": "0.14", "best_ask": "0.97"}, {"asset_id": "104261134120343853622280944278231007806923775273920625091535282621751091388993", "price": "0.99", "size": "10139", "side": "SELL", "hash": "b38b9693ee0973d1d1c2484bb4cab41f50cf00ba", "best_bid": "0.03", "best_ask": "0.86"}], "timestamp": "1769384452623", "event_type": "price_change"}}
{"_local_timestamp": "2026-01-25T23:40:52.722029+00:00", "data": {"market": "0x9a0de7353469fc7af319897a8a494334b8a286d5cd8ec4b4edb6b3445a4b1597", "price_changes": [{"asset_id": "43697661106139132419773585187886106203320732906584708348798041358649329039252", "price": "0.03", "size": "31.66", "side": "BUY", "hash": "fb79a390676777e0bd943ad72a924d287f54b0ec", "best_bid": "0.03", "best_ask": "0.76"}, {"asset_id": "82448464534710566057881902879012276545801914494658997880647276477323315813986", "price": "0.97", "size": "31.66", "side": "SELL", "hash": "b71b5603c8d401b2956bf048e8e6f3e49926bdd3", "best_bid": "0.24", "best_ask": "0.97"}], "timestamp": "1769384452644", "event_type": "price_change"}}
{"_local_timestamp": "2026-01-25T23:40:52.745998+00:00", "data": {"market": "0x9a0de7353469fc7af319897a8a494334b8a286d5cd8ec4b4edb6b3445a4b1597", "price_changes": [{"asset_id": "43697661106139132419773585187886106203320732906584708348798041358649329039252", "price": "0.02", "size": "68.66", "side": "BUY", "hash": "2a7f946bd2587003641fbace0369357ae3d40f62", "best_bid": "0.03", "best_ask": "0.76"}, {"asset_id": "82448464534710566057881902879012276545801914494658997880647276477323315813986", "price": "0.98", "size": "68.66", "side": "SELL", "hash": "ef771f024d11606a72b480fcc517e898cd417f58", "best_bid": "0.24", "best_ask": "0.97"}], "timestamp": "1769384452678", "event_type": "price_change"}}
{"_local_timestamp": "2026-01-25T23:40:52.808153+00:00", "data": {"market": "0xee58cd1c7231995c5ae2a91f48c350a22f87659a302101db4a3df99e6dc3a6ea", "price_changes": [{"asset_id": "7803863184464146993115773330448529218170635474995115952766099510312723003472", "price": "0.01", "size": "54", "side": "BUY", "hash": "76b6dedf59ffc80632b9f7e657ae9d7539dbbf2c", "best_bid": "0.03", "best_ask": "0.86"}, {"asset_id": "21283325371787731209365391554654959446978032764029860917798309525771402585583", "price": "0.99", "size": "54", "side": "SELL", "hash": "1500f13cab3466b80f7ee980203bbd3ae8636353", "best_bid": "0.14", "best_ask": "0.97"}], "timestamp": "1769384452742", "event_type": "price_change"}}
{"_local_timestamp": "2026-01-25T23:40:52.965132+00:00", "data": {"market": "0xee58cd1c7231995c5ae2a91f48c350a22f87659a302101db4a3df99e6dc3a6ea", "price_changes": [{"asset_id": "21283325371787731209365391554654959446978032764029860917798309525771402585583", "price": "0.15", "size": "66.66", "side": "BUY", "hash": "d45c59eb0c4386870e8c88bdb0f7f82911b7f29e", "best_bid": "0.15", "best_ask": "0.97"}, {"asset_id": "7803863184464146993115773330448529218170635474995115952766099510312723003472", "price": "0.85", "size": "66.66", "side": "SELL", "hash": "0d0bd39cb059c95b1649a4d2e4ff7a7f07110d8e", "best_bid": "0.03", "best_ask": "0.85"}], "timestamp": "1769384452895", "event_type": "price_change"}}
{"_local_timestamp": "2026-01-25T23:40:52.990406+00:00", "data": {"market": "0xee58cd1c7231995c5ae2a91f48c350a22f87659a302101db4a3df99e6dc3a6ea", "price_changes": [{"asset_id": "21283325371787731209365391554654959446978032764029860917798309525771402585583", "price": "0.14", "size": "63", "side": "BUY", "hash": "5ffd906871fde5b5b6df60625e8c266c953342c9", "best_bid": "0.15", "best_ask": "0.97"}, {"asset_id": "7803863184464146993115773330448529218170635474995115952766099510312723003472", "price": "0.86", "size": "63", "side": "SELL", "hash": "3482be20626e3c23e8411a4e44f3f788f78e4400", "best_bid": "0.03", "best_ask": "0.85"}], "timestamp": "1769384452919", "event_type": "price_change"}}
{"_local_timestamp": "2026-01-25T23:40:53.039647+00:00", "data": {"market": "0xfe9d1a32b46991e6895baece1bf6bb1467b814a28aefd6f33f13c6ba91b8d3c9", "price_changes": [{"asset_id": "57979481369976477405471459370425139763472501428373244029900741691432131403521", "price": "0.13", "size": "86.66", "side": "BUY", "hash": "c705fbaa91b015662c3275f804afcc3f22f7ca53", "best_bid": "0.13", "best_ask": "0.96"}, {"asset_id": "71990823545476172057397539228999083435242402644332688321711165550800328090716", "price": "0.87", "size": "86.66", "side": "SELL", "hash": "bcba1dc6e4d3ff21dd19773cce2e04c6c31b856e", "best_bid": "0.04", "best_ask": "0.87"}], "timestamp": "1769384452969", "event_type": "price_change"}}
{"_local_timestamp": "2026-01-25T23:40:53.174760+00:00", "data": {"market": "0xc20bd18955fdcaea6f4f20c37d84d5388e91fc4638490ca4facf8be523dc6c13", "price_changes": [{"asset_id": "40380829381795973958306409949439163717944979125745463341977071152902853169349", "price": "0.07", "size": "0", "side": "BUY", "hash": "9b9f6bfa2f024df01ba6953f566188f58fb17882", "best_bid": "0.25", "best_ask": "0.97"}, {"asset_id": "89373461182969289579845172492872922158629123151223268658038449652837405119276", "price": "0.93", "size": "0", "side": "SELL", "hash": "b76cbaf6a3da04c6d5155577196d17eb17a78236", "best_bid": "0.03", "best_ask": "0.75"}], "timestamp": "1769384453097", "event_type": "price_change"}}
{"_local_timestamp": "2026-01-25T23:40:53.175720+00:00", "data": {"market": "0x949c8c782beaf0d71a8ddc42ce5c0d0bfe3ec3c6ae5a7f94daea10850e8c570d", "price_changes": [{"asset_id": "87159419841688319639364568112345975815517805746054836624129542662189383490979", "price": "0.07", "size": "0", "side": "BUY", "hash": "d33d69a043ac7f094a3c3635df65530da8e114ec", "best_bid": "0.23", "best_ask": "0.97"}, {"asset_id": "30539481741900915205478863896530423654330693287078895672964604758297530843731", "price": "0.93", "size": "0", "side": "SELL", "hash": "a1b1ac1e32feeb79e71e938fbe897d6da747adef", "best_bid": "0.03", "best_ask": "0.77"}], "timestamp": "1769384453097", "event_type": "price_change"}}
{"_local_timestamp": "2026-01-25T23:40:53.176531+00:00", "data": {"market": "0xee58cd1c7231995c5ae2a91f48c350a22f87659a302101db4a3df99e6dc3a6ea", "price_changes": [{"asset_id": "21283325371787731209365391554654959446978032764029860917798309525771402585583", "price": "0.1", "size": "375", "side": "BUY", "hash": "2efa5c8e7041b4e1c9026ce4c7a277c30082e32f", "best_bid": "0.15", "best_ask": "0.97"}, {"asset_id": "7803863184464146993115773330448529218170635474995115952766099510312723003472", "price": "0.9", "size": "375", "side": "SELL", "hash": "f166671e2f32f76063fba950cf81231d63809d16", "best_bid": "0.03", "best_ask": "0.85"}], "timestamp": "1769384453097", "event_type": "price_change"}}
{"_local_timestamp": "2026-01-25T23:40:53.198597+00:00", "data": {"market": "0xee58cd1c7231995c5ae2a91f48c350a22f87659a302101db4a3df99e6dc3a6ea", "price_changes": [{"asset_id": "21283325371787731209365391554654959446978032764029860917798309525771402585583", "price": "0.15", "size": "86.66", "side": "BUY", "hash": "7d9b7cf6aeb43ab5f128c6932cace7af75e0b67e", "best_bid": "0.15", "best_ask": "0.97"}, {"asset_id": "7803863184464146993115773330448529218170635474995115952766099510312723003472", "price": "0.85", "size": "86.66", "side": "SELL", "hash": "9801d0f4f43c18ff4545ebb332f9418fabc20727", "best_bid": "0.03", "best_ask": "0.85"}], "timestamp": "1769384453120", "event_type": "price_change"}}
{"_local_timestamp": "2026-01-25T23:40:53.205833+00:00", "data": {"market": "0xee58cd1c7231995c5ae2a91f48c350a22f87659a302101db4a3df99e6dc3a6ea", "price_changes": [{"asset_id": "21283325371787731209365391554654959446978032764029860917798309525771402585583", "price": "0.11", "size": "20", "side": "BUY", "hash": "9e0ece51b8a99e989b13d35cfc32758ee51c5fde", "best_bid": "0.15", "best_ask": "0.97"}, {"asset_id": "7803863184464146993115773330448529218170635474995115952766099510312723003472", "price": "0.89", "size": "20", "side": "SELL", "hash": "599937dd7c063ca9de77a45b33065b6b258d1677", "best_bid": "0.03", "best_ask": "0.85"}], "timestamp": "1769384453127", "event_type": "price_change"}}
{"_local_timestamp": "2026-01-25T23:40:53.208489+00:00", "data": {"market": "0xc20bd18955fdcaea6f4f20c37d84d5388e91fc4638490ca4facf8be523dc6c13", "price_changes": [{"asset_id": "40380829381795973958306409949439163717944979125745463341977071152902853169349", "price": "0.11", "size": "20", "side": "BUY", "hash": "1303913deb942b03c7e0abff611d24dd529d1b98", "best_bid": "0.25", "best_ask": "0.97"}, {"asset_id": "89373461182969289579845172492872922158629123151223268658038449652837405119276", "price": "0.89", "size": "20", "side": "SELL", "hash": "7dbb7e7493d0cfaf6b7b6cf93b221aa28d0d00fd", "best_bid": "0.03", "best_ask": "0.75"}], "timestamp": "1769384453127", "event_type": "price_change"}}
{"_local_timestamp": "2026-01-25T23:40:53.210197+00:00", "data": {"market": "0x949c8c782beaf0d71a8ddc42ce5c0d0bfe3ec3c6ae5a7f94daea10850e8c570d", "price_changes": [{"asset_id": "87159419841688319639364568112345975815517805746054836624129542662189383490979", "price": "0.11", "size": "20", "side": "BUY", "hash": "eae5ba9f5b16ba887f3e9200beea1e7b964d59e3", "best_bid": "0.23", "best_ask": "0.97"}, {"asset_id": "30539481741900915205478863896530423654330693287078895672964604758297530843731", "price": "0.89", "size": "20", "side": "SELL", "hash": "d1dcdd37ff7435e8d3b3fab348eb88bb2f2cce09", "best_bid": "0.03", "best_ask": "0.77"}], "timestamp": "1769384453127", "event_type": "price_change"}}
{"_local_timestamp": "2026-01-25T23:41:12.068228+00:00", "data": {"market": "0xfe9d1a32b46991e6895baece1bf6bb1467b814a28aefd6f33f13c6ba91b8d3c9", "price_changes": [{"asset_id": "57979481369976477405471459370425139763472501428373244029900741691432131403521", "price": "0.11", "size": "0", "side": "BUY", "hash": "c04e7af506e399896866255c3f8ef0974767dd15", "best_bid": "0.13", "best_ask": "0.96"}, {"asset_id": "71990823545476172057397539228999083435242402644332688321711165550800328090716", "price": "0.89", "size": "0", "side": "SELL", "hash": "4b3392997e14d2cc9de4cb66bd6c55dda9e9bf7d", "best_bid": "0.04", "best_ask": "0.87"}], "timestamp": "1769384471954", "event_type": "price_change"}}
{"_local_timestamp": "2026-01-25T23:41:12.195226+00:00", "data": {"market": "0xfe9d1a32b46991e6895baece1bf6bb1467b814a28aefd6f33f13c6ba91b8d3c9", "price_changes": [{"asset_id": "57979481369976477405471459370425139763472501428373244029900741691432131403521", "price": "0.1", "size": "385", "side": "BUY", "hash": "2f8cd59be75b90dfa372987b544006151605ce89", "best_bid": "0.13", "best_ask": "0.96"}, {"asset_id": "71990823545476172057397539228999083435242402644332688321711165550800328090716", "price": "0.9", "size": "385", "side": "SELL", "hash": "547057ec8a578372db99d06ff1df940d1a89c6ac", "best_bid": "0.04", "best_ask": "0.87"}], "timestamp": "1769384472063", "event_type": "price_change"}}
