{"_local_timestamp": "2026-01-25T23:33:38.177687+00:00", "data": [{"market": "0xc20bd18955fdcaea6f4f20c37d84d5388e91fc4638490ca4facf8be523dc6c13", "asset_id": "40380829381795973958306409949439163717944979125745463341977071152902853169349", "timestamp": "1769383846570", "hash": "284609715fea4e8d43e09c28ddf713958fb66080", "bids": [{"price": "0.01", "size": "10066.66"}, {"price": "0.02", "size": "5000"}, {"price": "0.04", "size": "2500"}, {"price": "0.05", "size": "40"}, {"price": "0.06", "size": "750"}, {"price": "0.1", "size": "375"}, {"price": "0.11", "size": "20"}, {"price": "0.13", "size": "76.66"}, {"price": "0.14", "size": "38"}, {"price": "0.25", "size": "71.66"}], "asks": [{"price": "0.99", "size": "86.66"}, {"price": "0.98", "size": "40"}, {"price": "0.97", "size": "38.33"}], "event_type": "book", "last_trade_price": ""}, {"market": "0xee58cd1c7231995c5ae2a91f48c350a22f87659a302101db4a3df99e6dc3a6ea", "asset_id": "21283325371787731209365391554654959446978032764029860917798309525771402585583", "timestamp": "1769384015688", "hash": "f17f684291b6e0998fa589adf0d62ee384af1aaa", "bids": [{"price": "0.01", "size": "10066.66"}, {"price": "0.02", "size": "5000"}, {"price": "0.04", "size": "2642"}, {"price": "0.06", "size": "750"}, {"price": "0.09", "size": "66.66"}, {"price": "0.1", "size": "375"}, {"price": "0.11", "size": "20"}, {"price": "0.14", "size": "73"}, {"price": "0.17", "size": "20"}, {"price": "0.18", "size": "66.66"}], "asks": [{"price": "0.99", "size": "91"}], "event_type": "book", "last_trade_price": ""}, {"market": "0x9a0de7353469fc7af319897a8a494334b8a286d5cd8ec4b4edb6b3445a4b1597", "asset_id": "82448464534710566057881902879012276545801914494658997880647276477323315813986", "timestamp": "1769384009431", "hash": "4a60ac26ff2245ad8c7435ae16c0c60830ec6be6", "bids": [{"price": "0.01", "size": "10066.66"}, {"price": "0.02", "size": "5000"}, {"price": "0.03", "size": "66"}, {"price": "0.04", "size": "2500"}, {"price": "0.06", "size": "10"}, {"price": "0.07", "size": "20"}, {"price": "0.1", "size": "10"}, {"price": "0.12", "size": "66.66"}, {"price": "0.24", "size": "71.66"}], "asks": [{"price": "0.99", "size": "31.66"}, {"price": "0.98", "size": "47"}, {"price": "0.97", "size": "31.66"}, {"price": "0.95", "size": "61.66"}], "event_type": "book", "last_trade_price": ""}, {"market": "0xee58cd1c7231995c5ae2a91f48c350a22f87659a302101db4a3df99e6dc3a6ea", "asset_id": "7803863184464146993115773330448529218170635474995115952766099510312723003472", "timestamp": "1769384015688", "hash": "1c2e3a4caddf07637d0a6d741573469e8e1d848b", "bids": [{"price": "0.01", "size": "91"}], "asks": [{"price": "0.99", "size": "10066.66"}, {"price": "0.98", "size": "5000"}, {"price": "0.96", "size": "2642"}, {"price": "0.94", "size": "750"}, {"price": "0.91", "size": "66.66"}, {"price": "0.9", "size": "375"}, {"price": "0.89", "size": "20"}, {"price": "0.86", "size": "73"}, {"price": "0.83", "size": "20"}, {"price": "0.82", "size": "66.66"}], "event_type": "book", "last_trade_price": ""}, {"market": "0xc20bd18955fdcaea6f4f20c37d84d5388e91fc4638490ca4facf8be523dc6c13", "asset_id": "89373461182969289579845172492872922158629123151223268658038449652837405119276", "timestamp": "1769383846570", "hash": "e36ffd44ee76f2f3c8e7a0ad7e8364acfdc38d5e", "bids": [{"price": "0.01", "size": "86.66"}, {"price": "0.02", "size": "40"}, {"price": "0.03", "size": "38.33"}], "asks": [{"price": "0.99", "size": "10066.66"}, {"price": "0.98", "size": "5000"}, {"price": "0.96", "size": "2500"}, {"price": "0.95", "size": "40"}, {"price": "0.94", "size": "750"}, {"price": "0.9", "size": "375"}, {"price": "0.89", "size": "20"}, {"price": "0.87", "size": "76.66"}, {"price": "0.86", "size": "38"}, {"price": "0.75", "size": "71.66"}], "event_type": "book", "last_trade_price": ""}, {"market": "0x949c8c782beaf0d71a8ddc42ce5c0d0bfe3ec3c6ae5a7f94daea10850e8c570d", "asset_id": "30539481741900915205478863896530423654330693287078895672964604758297530843731", "timestamp": "1769383844893", "hash": "d594f8fa640217e099273630f4997941cc07a19e", "bids": [{"price": "0.01", "size": "69.56"}, {"price": "0.02", "size": "43.35"}, {"price": "0.03", "size": "29.78"}], "asks": [{"price": "0.99", "size": "10066.66"}, {"price": "0.98", "size": "5000"}, {"price": "0.97", "size": "66"}, {"price": "0.96", "size": "2500"}, {"price": "0.94", "size": "750"}, {"price": "0.9", "size": "375"}, {"price": "0.89", "size": "20"}, {"price": "0.88", "size": "76.66"}, {"price": "0.87", "size": "5"}, {"price": "0.77", "size": "71.66"}], "event_type": "book", "last_trade_price": "0.020"}, {"market": "0x9a0de7353469fc7af319897a8a494334b8a286d5cd8ec4b4edb6b3445a4b1597", "asset_id": "43697661106139132419773585187886106203320732906584708348798041358649329039252", "timestamp": "1769384009431", "hash": "62fddc796d18d0efc8e4029249da4846535db8b4", "bids": [{"price": "0.01", "size": "31.66"}, {"price": "0.02", "size": "47"}, {"price": "0.03", "size": "31.66"}, {"price": "0.05", "size": "61.66"}], "asks": [{"price": "0.99", "size": "10066.66"}, {"price": "0.98", "size": "5000"}, {"price": "0.97", "size": "66"}, {"price": "0.96", "size": "2500"}, {"price": "0.94", "size": "10"}, {"price": "0.93", "size": "20"}, {"price": "0.9", "size": "10"}, {"price": "0.88", "size": "66.66"}, {"price": "0.76", "size": "71.66"}], "event_type": "book", "last_trade_price": ""}, {"market": "0xfe9d1a32b46991e6895baece1bf6bb1467b814a28aefd6f33f13c6ba91b8d3c9", "asset_id": "57979481369976477405471459370425139763472501428373244029900741691432131403521", "timestamp": "1769384007695", "hash": "3c2fecb3efdfe1a12feeb25b5251a554fcd91ca9", "bids": [{"price": "0.01", "size": "10066.66"}, {"price": "0.02", "size": "5000"}, {"price": "0.04", "size": "2500"}, {"price": "0.06", "size": "750"}, {"price": "0.08", "size": "66.66"}, {"price": "0.09", "size": "20"}, {"price": "0.1", "size": "375"}, {"price": "0.12", "size": "103"}, {"price": "0.14", "size": "20"}, {"price": "0.15", "size": "66.66"}], "asks": [{"price": "0.99", "size": "116.66"}, {"price": "0.98", "size": "26"}, {"price": "0.96", "size": "53.33"}], "event_type": "book", "last_trade_price": ""}, {"market": "0xfe9d1a32b46991e6895baece1bf6bb1467b814a28aefd6f33f13c6ba91b8d3c9", "asset_id": "71990823545476172057397539228999083435242402644332688321711165550800328090716", "timestamp": "1769384007695", "hash": "c2278c2813144898ff6bb700b1e7f7b73e7fe41c", "bids": [{"price": "0.01", "size": "116.66"}, {"price": "0.02", "size": "26"}, {"price": "0.04", "size": "53.33"}], "asks": [{"price": "0.99", "size": "10066.66"}, {"price": "0.98", "size": "5000"}, {"price": "0.96", "size": "2500"}, {"price": "0.94", "size": "750"}, {"price": "0.92", "size": "66.66"}, {"price": "0.91", "size": "20"}, {"price": "0.9", "size": "375"}, {"price": "0.88", "size": "103"}, {"price": "0.86", "size": "20"}, {"price": "0.85", "size": "66.66"}], "event_type": "book", "last_trade_price": ""}, {"market": "0x949c8c782beaf0d71a8ddc42ce5c0d0bfe3ec3c6ae5a7f94daea10850e8c570d", "asset_id": "87159419841688319639364568112345975815517805746054836624129542662189383490979", "timestamp": "1769383844893", "hash": "a709d6eb00e0124b834170cf5a68e27a70c7ba55", "bids": [{"price": "0.01", "size": "10066.66"}, {"price": "0.02", "size": "5000"}, {"price": "0.03", "size": "66"}, {"price": "0.04", "size": "2500"}, {"price": "0.06", "size": "750"}, {"price": "0.1", "size": "375"}, {"price": "0.11", "size": "20"}, {"price": "0.12", "size": "76.66"}, {"price": "0.13", "size": "5"}, {"price": "0.23", "size": "71.66"}], "asks": [{"price": "0.99", "size": "69.56"}, {"price": "0.98", "size": "43.35"}, {"price": "0.97", "size": "29.78"}], "event_type": "book", "last_trade_price": "0.020"}, {"market": "0x97d9efae9a1242a8a03dbcc185a8b86bd305d6d46b3f24ca1a4aca3fa9a6212e", "asset_id": "108294337269786211232053551884711256636202429160499226202163015019758017901843", "timestamp": "1769383962695", "hash": "623cd74162de054c20eedbd16ce7d0455928af2a", "bids": [{"price": "0.01", "size": "10072.34"}, {"price": "0.02", "size": "5000"}, {"price": "0.04", "size": "2500"}, {"price": "0.06", "size": "125"}, {"price": "0.08", "size": "66.66"}, {"price": "0.09", "size": "20"}, {"price": "0.15", "size": "20"}, {"price": "0.16", "size": "66.66"}], "asks": [{"price": "0.99", "size": "133.32"}, {"price": "0.98", "size": "47"}, {"price": "0.97", "size": "60.98"}], "event_type": "book", "last_trade_price": ""}, {"market": "0x97d9efae9a1242a8a03dbcc185a8b86bd305d6d46b3f24ca1a4aca3fa9a6212e", "asset_id": "104261134120343853622280944278231007806923775273920625091535282621751091388993", "timestamp": "1769383962695", "hash": "3048b3ec5dad2f424de646f895aac277060a9444", "bids": [{"price": "0.01", "size": "133.32"}, {"price": "0.02", "size": "47"}, {"price": "0.03", "size": "60.98"}], "asks": [{"price": "0.99", "size": "10072.34"}, {"price": "0.98", "size": "5000"}, {"price": "0.96", "size": "2500"}, {"price": "0.94", "size": "125"}, {"price": "0.92", "size": "66.66"}, {"price": "0.91", "size": "20"}, {"price": "0.85", "size": "20"}, {"price": "0.84", "size": "66.66"}], "event_type": "book", "last_trade_price": ""}]}
