{"_local_timestamp": "2026-01-25T23:33:38.074804+00:00", "data": [{"market": "0x92d9b1b2184185bcd2f636f8b1c00d2e8900037541c5530b31cd241a2eab239b", "asset_id": "61569645404255728258034880900232154069864126111347760075858298497771392596261", "timestamp": "1769383854753", "hash": "4b67a4aa82c4d82a080da082aafd0762e4b447ce", "bids": [{"price": "0.01", "size": "143.32"}, {"price": "0.02", "size": "50"}, {"price": "0.04", "size": "66.66"}], "asks": [{"price": "0.99", "size": "10066.66"}, {"price": "0.98", "size": "5000"}, {"price": "0.96", "size": "2500"}, {"price": "0.95", "size": "40"}, {"price": "0.94", "size": "750"}, {"price": "0.93", "size": "20"}, {"price": "0.9", "size": "375"}, {"price": "0.89", "size": "10"}, {"price": "0.88", "size": "181.66"}, {"price": "0.75", "size": "71.66"}], "event_type": "book", "last_trade_price": ""}, {"market": "0x26d14a0493969677b36b61f22d36675350c18794efe409a1b596a70ab8dde460", "asset_id": "4922858101891993317973090956426199126889194706037483998826954590755280826537", "timestamp": "1769383844551", "hash": "74e6cc7e15a968df3cef8953df722486854295e1", "bids": [{"price": "0.01", "size": "143.32"}, {"price": "0.02", "size": "55"}, {"price": "0.03", "size": "66.66"}], "asks": [{"price": "0.99", "size": "10066.66"}, {"price": "0.98", "size": "5000"}, {"price": "0.96", "size": "2500"}, {"price": "0.93", "size": "62"}, {"price": "0.92", "size": "66.66"}, {"price": "0.91", "size": "20"}, {"price": "0.9", "size": "20"}, {"price": "0.81", "size": "71.66"}], "event_type": "book", "last_trade_price": ""}, {"market": "0x3b32ef6897c33e7cac03641f3b16f25de3bbba86c48193ae7250b81bd5dc8e36", "asset_id": "94178105025010587605551061804884711949946880458304780411387357983973214654267", "timestamp": "1769384016150", "hash": "b1921805c2c80cf0114cd11e2eac4a4ce5679c8b", "bids": [{"price": "0.01", "size": "10100"}, {"price": "0.02", "size": "5000"}, {"price": "0.04", "size": "2500"}, {"price": "0.06", "size": "750"}, {"price": "0.1", "size": "375"}, {"price": "0.11", "size": "30"}, {"price": "0.12", "size": "105"}, {"price": "0.14", "size": "20"}], "asks": [{"price": "0.99", "size": "143.32"}, {"price": "0.98", "size": "55"}, {"price": "0.97", "size": "66.66"}], "event_type": "book", "last_trade_price": ""}, {"market": "0xd8eabfa8f66981b8d3a6eb675bb8af14c5f6efe031b4a5c32df905759f223879", "asset_id": "93427470351544238513526892778862660244461908155491853908352970314446781168681", "timestamp": "1769383846874", "hash": "d3ca9e5acec02a636434dbb0e5c5b439efd55c7d", "bids": [{"price": "0.01", "size": "10066.66"}, {"price": "0.02", "size": "5000"}, {"price": "0.03", "size": "66"}, {"price": "0.04", "size": "2500"}, {"price": "0.06", "size": "750"}, {"price": "0.1", "size": "375"}, {"price": "0.11", "size": "30"}, {"price": "0.12", "size": "172.66"}, {"price": "0.23", "size": "71.66"}], "asks": [{"price": "0.99", "size": "143.32"}, {"price": "0.98", "size": "50"}, {"price": "0.97", "size": "66.66"}], "event_type": "book", "last_trade_price": ""}, {"market": "0x26d14a0493969677b36b61f22d36675350c18794efe409a1b596a70ab8dde460", "asset_id": "106482657940160172792420808683871220884614775895702575094685323356692868972691", "timestamp": "1769383844551", "hash": "1b93e43ebc8ef268268300544c2d7884761b773b", "bids": [{"price": "0.01", "size": "10066.66"}, {"price": "0.02", "size": "5000"}, {"price": "0.04", "size": "2500"}, {"price": "0.07", "size": "62"}, {"price": "0.08", "size": "66.66"}, {"price": "0.09", "size": "20"}, {"price": "0.1", "size": "20"}, {"price": "0.19", "size": "71.66"}], "asks": [{"price": "0.99", "size": "143.32"}, {"price": "0.98", "size": "55"}, {"price": "0.97", "size": "66.66"}], "event_type": "book", "last_trade_price": ""}, {"market": "0xa30d0d62ddebe5a59d1567e5a95445b8e1dda8c9884f4342b4680000205d5f58", "asset_id": "101313263892942797820449986417343739651434504986390071424946051436429538023924", "timestamp": "1769384016996", "hash": "0326f765f47af9b87b723ef6ae8376cad8950866", "bids": [{"price": "0.01", "size": "143.32"}, {"price": "0.02", "size": "55"}, {"price": "0.03", "size": "66.66"}], "asks": [{"price": "0.99", "size": "10066.66"}, {"price": "0.98", "size": "5000"}, {"price": "0.96", "size": "2500"}, {"price": "0.94", "size": "10"}, {"price": "0.93", "size": "66.66"}, {"price": "0.92", "size": "10"}, {"price": "0.91", "size": "10"}, {"price": "0.9", "size": "20"}, {"price": "0.81", "size": "71.66"}], "event_type": "book", "last_trade_price": ""}, {"market": "0x47fd8303835d9108252343069ada769162976137e4e1c22b94b1cb305cd35d8a", "asset_id": "67693362484685031602902821937273102535915587968938088041888174799603605996322", "timestamp": "1769383845815", "hash": "a0b4e10d409dfe87eb9634fdd7adec47fa45e558", "bids": [{"price": "0.01", "size": "10066.66"}, {"price": "0.02", "size": "5000"}, {"price": "0.03", "size": "66"}, {"price": "0.04", "size": "2500"}, {"price": "0.06", "size": "750"}, {"price": "0.1", "size": "375"}, {"price": "0.11", "size": "30"}, {"price": "0.12", "size": "159.66"}, {"price": "0.23", "size": "71.66"}], "asks": [{"price": "0.99", "size": "143.32"}, {"price": "0.98", "size": "55"}, {"price": "0.97", "size": "66.66"}], "event_type": "book", "last_trade_price": ""}, {"market": "0x3b32ef6897c33e7cac03641f3b16f25de3bbba86c48193ae7250b81bd5dc8e36", "asset_id": "17972610624679517127262054229981683562086894472126949625769427736325964002189", "timestamp": "1769384016150", "hash": "56fa92f5777f603c6592d97adea5e2eece361349", "bids": [{"price": "0.01", "size": "143.32"}, {"price": "0.02", "size": "55"}, {"price": "0.03", "size": "66.66"}], "asks": [{"price": "0.99", "size": "10100"}, {"price": "0.98", "size": "5000"}, {"price": "0.96", "size": "2500"}, {"price": "0.94", "size": "750"}, {"price": "0.9", "size": "375"}, {"price": "0.89", "size": "30"}, {"price": "0.88", "size": "105"}, {"price": "0.86", "size": "20"}], "event_type": "book", "last_trade_price": ""}, {"market": "0xa30d0d62ddebe5a59d1567e5a95445b8e1dda8c9884f4342b4680000205d5f58", "asset_id": "100874815949847511385269867891927428085011282984378081156415582806859006418622", "timestamp": "1769384016996", "hash": "288436361cce823968365de8c84a3323e8c73a75", "bids": [{"price": "0.01", "size": "10066.66"}, {"price": "0.02", "size": "5000"}, {"price": "0.04", "size": "2500"}, {"price": "0.06", "size": "10"}, {"price": "0.07", "size": "66.66"}, {"price": "0.08", "size": "10"}, {"price": "0.09", "size": "10"}, {"price": "0.1", "size": "20"}, {"price": "0.19", "size": "71.66"}], "asks": [{"price": "0.99", "size": "143.32"}, {"price": "0.98", "size": "55"}, {"price": "0.97", "size": "66.66"}], "event_type": "book", "last_trade_price": ""}, {"market": "0x47fd8303835d9108252343069ada769162976137e4e1c22b94b1cb305cd35d8a", "asset_id": "36087368699108837630068526518911366313227880114245979222947438453683556758111", "timestamp": "1769383845815", "hash": "3f0285e17773af1605dc0d62913d4d02dbdc0ac4", "bids": [{"price": "0.01", "size": "143.32"}, {"price": "0.02", "size": "55"}, {"price": "0.03", "size": "66.66"}], "asks": [{"price": "0.99", "size": "10066.66"}, {"price": "0.98", "size": "5000"}, {"price": "0.97", "size": "66"}, {"price": "0.96", "size": "2500"}, {"price": "0.94", "size": "750"}, {"price": "0.9", "size": "375"}, {"price": "0.89", "size": "30"}, {"price": "0.88", "size": "159.66"}, {"price": "0.77", "size": "71.66"}], "event_type": "book", "last_trade_price": ""}, {"market": "0x92d9b1b2184185bcd2f636f8b1c00d2e8900037541c5530b31cd241a2eab239b", "asset_id": "109219029248620472089454746502736175063492512175080091770615531566788580709265", "timestamp": "1769383854753", "hash": "6ccbf209107dca4d7213b6c5329b9b18854f7719", "bids": [{"price": "0.01", "size": "10066.66"}, {"price": "0.02", "size": "5000"}, {"price": "0.04", "size": "2500"}, {"price": "0.05", "size": "40"}, {"price": "0.06", "size": "750"}, {"price": "0.07", "size": "20"}, {"price": "0.1", "size": "375"}, {"price": "0.11", "size": "10"}, {"price": "0.12", "size": "181.66"}, {"price": "0.25", "size": "71.66"}], "asks": [{"price": "0.99", "size": "143.32"}, {"price": "0.98", "size": "50"}, {"price": "0.96", "size": "66.66"}], "event_type": "book", "last_trade_price": ""}, {"market": "0xd8eabfa8f66981b8d3a6eb675bb8af14c5f6efe031b4a5c32df905759f223879", "asset_id": "112512812049971030318594775213742917548833690085890279670946775909631461554878", "timestamp": "1769383846874", "hash": "c6e2d406752def2f96621e8c35a1a6e59d42a8ea", "bids": [{"price": "0.01", "size": "143.32"}, {"price": "0.02", "size": "50"}, {"price": "0.03", "size": "66.66"}], "asks": [{"price": "0.99", "size": "10066.66"}, {"price": "0.98", "size": "5000"}, {"price": "0.97", "size": "66"}, {"price": "0.96", "size": "2500"}, {"price": "0.94", "size": "750"}, {"price": "0.9", "size": "375"}, {"price": "0.89", "size": "30"}, {"price": "0.88", "size": "172.66"}, {"price": "0.77", "size": "71.66"}], "event_type": "book", "last_trade_price": ""}]}
{"_local_timestamp": "2026-01-25T23:33:51.961463+00:00", "data": {"market": "0x3b32ef6897c33e7cac03641f3b16f25de3bbba86c48193ae7250b81bd5dc8e36", "price_changes": [{"asset_id": "17972610624679517127262054229981683562086894472126949625769427736325964002189", "price": "0.86", "size": "25", "side": "SELL", "hash": "933b0968d91dc31d313aa0008199420dc6e5609d", "best_bid": "0.03", "best_ask": "0.86"}, {"asset_id": "94178105025010587605551061804884711949946880458304780411387357983973214654267", "price": "0.14", "size": "25", "side": "BUY", "hash": "cc023a54feee098c69b2d56a53c5665b1e1ef272", "best_bid": "0.14", "best_ask": "0.97"}], "timestamp": "1769384031892", "event_type": "price_change"}}
