{"_local_timestamp": "2026-01-25T23:33:38.177687+00:00", "data": [{"market": "0xc20bd18955fdcaea6f4f20c37d84d5388e91fc4638490ca4facf8be523dc6c13", "asset_id": "40380829381795973958306409949439163717944979125745463341977071152902853169349", "timestamp": "1769383846570", "hash": "284609715fea4e8d43e09c28ddf713958fb66080", "bids": [{"price": "0.01", "size": "10066.66"}, {"price": "0.02", "size": "5000"}, {"price": "0.04", "size": "2500"}, {"price": "0.05", "size": "40"}, {"price": "0.06", "size": "750"}, {"price": "0.1", "size": "375"}, {"price": "0.11", "size": "20"}, {"price": "0.13", "size": "76.66"}, {"price": "0.14", "size": "38"}, {"price": "0.25", "size": "71.66"}], "asks": [{"price": "0.99", "size": "86.66"}, {"price": "0.98", "size": "40"}, {"price": "0.97", "size": "38.33"}], "event_type": "book", "last_trade_price": ""}, {"market": "0xee58cd1c7231995c5ae2a91f48c350a22f87659a302101db4a3df99e6dc3a6ea", "asset_id": "21283325371787731209365391554654959446978032764029860917798309525771402585583", "timestamp": "1769384015688", "hash": "f17f684291b6e0998fa589adf0d62ee384af1aaa", "bids": [{"price": "0.01", "size": "10066.66"}, {"price": "0.02", "size": "5000"}, {"price": "0.04", "size": "2642"}, {"price": "0.06", "size": "750"}, {"price": "0.09", "size": "66.66"}, {"price": "0.1", "size": "375"}, {"price": "0.11", "size": "20"}, {"price": "0.14", "size": "73"}, {"price": "0.17", "size": "20"}, {"price": "0.18", "size": "66.66"}], "asks": [{"price": "0.99", "size": "91"}], "event_type": "book", "last_trade_price": ""}, {"market": "0x9a0de7353469fc7af319897a8a494334b8a286d5cd8ec4b4edb6b3445a4b1597", "asset_id": "82448464534710566057881902879012276545801914494658997880647276477323315813986", "timestamp": "1769384009431", "hash": "4a60ac26ff2245ad8c7435ae16c0c60830ec6be6", "bids": [{"price": "0.01", "size": "10066.66"}, {"price": "0.02", "size": "5000"}, {"price": "0.03", "size": "66"}, {"price": "0.04", "size": "2500"}, {"price": "0.06", "size": "10"}, {"price": "0.07", "size": "20"}, {"price": "0.1", "size": "10"}, {"price": "0.12", "size": "66.66"}, {"price": "0.24", "size": "71.66"}], "asks": [{"price": "0.99", "size": "31.66"}, {"price": "0.98", "size": "47"}, {"price": "0.97", "size": "31.66"}, {"price": "0.95", "size": "61.66"}], "event_type": "book", "last_trade_price": ""}, {"market": "0xee58cd1c7231995c5ae2a91f48c350a22f87659a302101db4a3df99e6dc3a6ea", "asset_id": "7803863184464146993115773330448529218170635474995115952766099510312723003472", "timestamp": "1769384015688", "hash": "1c2e3a4caddf07637d0a6d741573469e8e1d848b", "bids": [{"price": "0.01", "size": "91"}], "asks": [{"price": "0.99", "size": "10066.66"}, {"price": "0.98", "size": "5000"}, {"price": "0.96", "size": "2642"}, {"price": "0.94", "size": "750"}, {"price": "0.91", "size": "66.66"}, {"price": "0.9", "size": "375"}, {"price": "0.89", "size": "20"}, {"price": "0.86", "size": "73"}, {"price": "0.83", "size": "20"}, {"price": "0.82", "size": "66.66"}], "event_type": "book", "last_trade_price": ""}, {"market": "0xc20bd18955fdcaea6f4f20c37d84d5388e91fc4638490ca4facf8be523dc6c13", "asset_id": "89373461182969289579845172492872922158629123151223268658038449652837405119276", "timestamp": "1769383846570", "hash": "e36ffd44ee76f2f3c8e7a0ad7e8364acfdc38d5e", "bids": [{"price": "0.01", "size": "86.66"}, {"price": "0.02", "size": "40"}, {"price": "0.03", "size": "38.33"}], "asks": [{"price": "0.99", "size": "10066.66"}, {"price": "0.98", "size": "5000"}, {"price": "0.96", "size": "2500"}, {"price": "0.95", "size": "40"}, {"price": "0.94", "size": "750"}, {"price": "0.9", "size": "375"}, {"price": "0.89", "size": "20"}, {"price": "0.87", "size": "76.66"}, {"price": "0.86", "size": "38"}, {"price": "0.75", "size": "71.66"}], "event_type": "book", "last_trade_price": ""}, {"market": "0x949c8c782beaf0d71a8ddc42ce5c0d0bfe3ec3c6ae5a7f94daea10850e8c570d", "asset_id": "30539481741900915205478863896530423654330693287078895672964604758297530843731", "timestamp": "1769383844893", "hash": "d594f8fa640217e099273630f4997941cc07a19e", "bids": [{"price": "0.01", "size": "69.56"}, {"price": "0.02", "size": "43.35"}, {"price": "0.03", "size": "29.78"}], "asks": [{"price": "0.99", "size": "10066.66"}, {"price": "0.98", "size": "5000"}, {"price": "0.97", "size": "66"}, {"price": "0.96", "size": "2500"}, {"price": "0.94", "size": "750"}, {"price": "0.9", "size": "375"}, {"price": "0.89", "size": "20"}, {"price": "0.88", "size": "76.66"}, {"price": "0.87", "size": "5"}, {"price": "0.77", "size": "71.66"}], "event_type": "book", "last_trade_price": "0.020"}, {"market": "0x9a0de7353469fc7af319897a8a494334b8a286d5cd8ec4b4edb6b3445a4b1597", "asset_id": "43697661106139132419773585187886106203320732906584708348798041358649329039252", "timestamp": "1769384009431", "hash": "62fddc796d18d0efc8e4029249da4846535db8b4", "bids": [{"price": "0.01", "size": "31.66"}, {"price": "0.02", "size": "47"}, {"price": "0.03", "size": "31.66"}, {"price": "0.05", "size": "61.66"}], "asks": [{"price": "0.99", "size": "10066.66"}, {"price": "0.98", "size": "5000"}, {"price": "0.97", "size": "66"}, {"price": "0.96", "size": "2500"}, {"price": "0.94", "size": "10"}, {"price": "0.93", "size": "20"}, {"price": "0.9", "size": "10"}, {"price": "0.88", "size": "66.66"}, {"price": "0.76", "size": "71.66"}], "event_type": "book", "last_trade_price": ""}, {"market": "0xfe9d1a32b46991e6895baece1bf6bb1467b814a28aefd6f33f13c6ba91b8d3c9", "asset_id": "57979481369976477405471459370425139763472501428373244029900741691432131403521", "timestamp": "1769384007695", "hash": "3c2fecb3efdfe1a12feeb25b5251a554fcd91ca9", "bids": [{"price": "0.01", "size": "10066.66"}, {"price": "0.02", "size": "5000"}, {"price": "0.04", "size": "2500"}, {"price": "0.06", "size": "750"}, {"price": "0.08", "size": "66.66"}, {"price": "0.09", "size": "20"}, {"price": "0.1", "size": "375"}, {"price": "0.12", "size": "103"}, {"price": "0.14", "size": "20"}, {"price": "0.15", "size": "66.66"}], "asks": [{"price": "0.99", "size": "116.66"}, {"price": "0.98", "size": "26"}, {"price": "0.96", "size": "53.33"}], "event_type": "book", "last_trade_price": ""}, {"market": "0xfe9d1a32b46991e6895baece1bf6bb1467b814a28aefd6f33f13c6ba91b8d3c9", "asset_id": "71990823545476172057397539228999083435242402644332688321711165550800328090716", "timestamp": "1769384007695", "hash": "c2278c2813144898ff6bb700b1e7f7b73e7fe41c", "bids": [{"price": "0.01", "size": "116.66"}, {"price": "0.02", "size": "26"}, {"price": "0.04", "size": "53.33"}], "asks": [{"price": "0.99", "size": "10066.66"}, {"price": "0.98", "size": "5000"}, {"price": "0.96", "size": "2500"}, {"price": "0.94", "size": "750"}, {"price": "0.92", "size": "66.66"}, {"price": "0.91", "size": "20"}, {"price": "0.9", "size": "375"}, {"price": "0.88", "size": "103"}, {"price": "0.86", "size": "20"}, {"price": "0.85", "size": "66.66"}], "event_type": "book", "last_trade_price": ""}, {"market": "0x949c8c782beaf0d71a8ddc42ce5c0d0bfe3ec3c6ae5a7f94daea10850e8c570d", "asset_id": "87159419841688319639364568112345975815517805746054836624129542662189383490979", "timestamp": "1769383844893", "hash": "a709d6eb00e0124b834170cf5a68e27a70c7ba55", "bids": [{"price": "0.01", "size": "10066.66"}, {"price": "0.02", "size": "5000"}, {"price": "0.03", "size": "66"}, {"price": "0.04", "size": "2500"}, {"price": "0.06", "size": "750"}, {"price": "0.1", "size": "375"}, {"price": "0.11", "size": "20"}, {"price": "0.12", "size": "76.66"}, {"price": "0.13", "size": "5"}, {"price": "0.23", "size": "71.66"}], "asks": [{"price": "0.99", "size": "69.56"}, {"price": "0.98", "size": "43.35"}, {"price": "0.97", "size": "29.78"}], "event_type": "book", "last_trade_price": "0.020"}, {"market": "0x97d9efae9a1242a8a03dbcc185a8b86bd305d6d46b3f24ca1a4aca3fa9a6212e", "asset_id": "108294337269786211232053551884711256636202429160499226202163015019758017901843", "timestamp": "1769383962695", "hash": "623cd74162de054c20eedbd16ce7d0455928af2a", "bids": [{"price": "0.01", "size": "10072.34"}, {"price": "0.02", "size": "5000"}, {"price": "0.04", "size": "2500"}, {"price": "0.06", "size": "125"}, {"price": "0.08", "size": "66.66"}, {"price": "0.09", "size": "20"}, {"price": "0.15", "size": "20"}, {"price": "0.16", "size": "66.66"}], "asks": [{"price": "0.99", "size": "133.32"}, {"price": "0.98", "size": "47"}, {"price": "0.97", "size": "60.98"}], "event_type": "book", "last_trade_price": ""}, {"market": "0x97d9efae9a1242a8a03dbcc185a8b86bd305d6d46b3f24ca1a4aca3fa9a6212e", "asset_id": "104261134120343853622280944278231007806923775273920625091535282621751091388993", "timestamp": "1769383962695", "hash": "3048b3ec5dad2f424de646f895aac277060a9444", "bids": [{"price": "0.01", "size": "133.32"}, {"price": "0.02", "size": "47"}, {"price": "0.03", "size": "60.98"}], "asks": [{"price": "0.99", "size": "10072.34"}, {"price": "0.98", "size": "5000"}, {"price": "0.96", "size": "2500"}, {"price": "0.94", "size": "125"}, {"price": "0.92", "size": "66.66"}, {"price": "0.91", "size": "20"}, {"price": "0.85", "size": "20"}, {"price": "0.84", "size": "66.66"}], "event_type": "book", "last_trade_price": ""}]}
{"_local_timestamp": "2026-01-25T23:34:30.051091+00:00", "data": {"market": "0x9a0de7353469fc7af319897a8a494334b8a286d5cd8ec4b4edb6b3445a4b1597", "price_changes": [{"asset_id": "82448464534710566057881902879012276545801914494658997880647276477323315813986", "price": "0.1", "size": "0", "side": "BUY", "hash": "ebdc282576d0745033c988ea609c68934259b874", "best_bid": "0.24", "best_ask": "0.95"}, {"asset_id": "43697661106139132419773585187886106203320732906584708348798041358649329039252", "price": "0.9", "size": "0", "side": "SELL", "hash": "2dcab1bc2532d14381cccc2d33752cd1301479a9", "best_bid": "0.05", "best_ask": "0.76"}], "timestamp": "1769384069854", "event_type": "price_change"}}
{"_local_timestamp": "2026-01-25T23:34:30.113790+00:00", "data": {"market": "0x9a0de7353469fc7af319897a8a494334b8a286d5cd8ec4b4edb6b3445a4b1597", "price_changes": [{"asset_id": "82448464534710566057881902879012276545801914494658997880647276477323315813986", "price": "0.08", "size": "10", "side": "BUY", "hash": "1591d7d9b3970997451502f9d647ab1334cebcc0", "best_bid": "0.24", "best_ask": "0.95"}, {"asset_id": "43697661106139132419773585187886106203320732906584708348798041358649329039252", "price": "0.92", "size": "10", "side": "SELL", "hash": "8efc412e034377e811e8c913abf49dc6b66ad20d", "best_bid": "0.05", "best_ask": "0.76"}], "timestamp": "1769384069936", "event_type": "price_change"}}
{"_local_timestamp": "2026-01-25T23:34:34.075602+00:00", "data": {"market": "0x9a0de7353469fc7af319897a8a494334b8a286d5cd8ec4b4edb6b3445a4b1597", "price_changes": [{"asset_id": "82448464534710566057881902879012276545801914494658997880647276477323315813986", "price": "0.07", "size": "0", "side": "BUY", "hash": "c5fd864f6587528141f99b1586783dadb7e53a2c", "best_bid": "0.24", "best_ask": "0.95"}, {"asset_id": "43697661106139132419773585187886106203320732906584708348798041358649329039252", "price": "0.93", "size": "0", "side": "SELL", "hash": "e90c4623c5d8abfa1fbe3292047c10cc8daaee61", "best_bid": "0.05", "best_ask": "0.76"}], "timestamp": "1769384074002", "event_type": "price_change"}}
{"_local_timestamp": "2026-01-25T23:34:34.109949+00:00", "data": {"market": "0x9a0de7353469fc7af319897a8a494334b8a286d5cd8ec4b4edb6b3445a4b1597", "price_changes": [{"asset_id": "82448464534710566057881902879012276545801914494658997880647276477323315813986", "price": "0.09", "size": "20", "side": "BUY", "hash": "c17854ab8379f98a17f0b60b70198e6c6e321465", "best_bid": "0.24", "best_ask": "0.95"}, {"asset_id": "43697661106139132419773585187886106203320732906584708348798041358649329039252", "price": "0.91", "size": "20", "side": "SELL", "hash": "83adcc70e6060b57cf5b91048068c0e215ee957e", "best_bid": "0.05", "best_ask": "0.76"}], "timestamp": "1769384074027", "event_type": "price_change"}}
{"_local_timestamp": "2026-01-25T23:34:34.845323+00:00", "data": {"market": "0xee58cd1c7231995c5ae2a91f48c350a22f87659a302101db4a3df99e6dc3a6ea", "price_changes": [{"asset_id": "7803863184464146993115773330448529218170635474995115952766099510312723003472", "price": "0.02", "size": "59.99", "side": "BUY", "hash": "fef7ae2e53508da7a1b4d4cf319138508babccba", "best_bid": "0.02", "best_ask": "0.82"}, {"asset_id": "21283325371787731209365391554654959446978032764029860917798309525771402585583", "price": "0.98", "size": "59.99", "side": "SELL", "hash": "27eba7cb65adc8609d867087f387407aeeb200c0", "best_bid": "0.18", "best_ask": "0.98"}], "timestamp": "1769384074774", "event_type": "price_change"}}
{"_local_timestamp": "2026-01-25T23:34:34.857268+00:00", "data": {"market": "0x949c8c782beaf0d71a8ddc42ce5c0d0bfe3ec3c6ae5a7f94daea10850e8c570d", "price_changes": [{"asset_id": "30539481741900915205478863896530423654330693287078895672964604758297530843731", "price": "0.04", "size": "29.99", "side": "BUY", "hash": "1bfd1e1f814d12f94f4b903910896faba2b341ea", "best_bid": "0.04", "best_ask": "0.77"}, {"asset_id": "87159419841688319639364568112345975815517805746054836624129542662189383490979", "price": "0.96", "size": "29.99", "side": "SELL", "hash": "225d6455ef9c085407f71aed2c993c0c499eb27c", "best_bid": "0.23", "best_ask": "0.96"}], "timestamp": "1769384074774", "event_type": "price_change"}}
{"_local_timestamp": "2026-01-25T23:34:34.862986+00:00", "data": {"market": "0xfe9d1a32b46991e6895baece1bf6bb1467b814a28aefd6f33f13c6ba91b8d3c9", "price_changes": [{"asset_id": "71990823545476172057397539228999083435242402644332688321711165550800328090716", "price": "0.05", "size": "23.99", "side": "BUY", "hash": "e09a3c33020e5f51b59208228ec6d58ab4f7bdea", "best_bid": "0.05", "best_ask": "0.85"}, {"asset_id": "57979481369976477405471459370425139763472501428373244029900741691432131403521", "price": "0.95", "size": "23.99", "side": "SELL", "hash": "da753e47f10fcd9a3d5016ba31fe00e95396e95e", "best_bid": "0.15", "best_ask": "0.95"}], "timestamp": "1769384074774", "event_type": "price_change"}}
{"_local_timestamp": "2026-01-25T23:34:34.866987+00:00", "data": {"market": "0x97d9efae9a1242a8a03dbcc185a8b86bd305d6d46b3f24ca1a4aca3fa9a6212e", "price_changes": [{"asset_id": "108294337269786211232053551884711256636202429160499226202163015019758017901843", "price": "0.15", "size": "0", "side": "BUY", "hash": "cb0cc1b57d0e70ea375c86565fd43040c2d934e0", "best_bid": "0.16", "best_ask": "0.97"}, {"asset_id": "104261134120343853622280944278231007806923775273920625091535282621751091388993", "price": "0.85", "size": "0", "side": "SELL", "hash": "dad033e7872247416576e23a02c8dabba4837041", "best_bid": "0.03", "best_ask": "0.84"}], "timestamp": "1769384074793", "event_type": "price_change"}}
{"_local_timestamp": "2026-01-25T23:34:34.867354+00:00", "data": {"market": "0xee58cd1c7231995c5ae2a91f48c350a22f87659a302101db4a3df99e6dc3a6ea", "price_changes": [{"asset_id": "21283325371787731209365391554654959446978032764029860917798309525771402585583", "price": "0.17", "size": "0", "side": "BUY", "hash": "43808e2519b5042447df925c6f3147674013df59", "best_bid": "0.18", "best_ask": "0.98"}, {"asset_id": "7803863184464146993115773330448529218170635474995115952766099510312723003472", "price": "0.83", "size": "0", "side": "SELL", "hash": "c6afcfaafb3733cf2708590939c9d3af2bc26aa5", "best_bid": "0.02", "best_ask": "0.82"}], "timestamp": "1769384074793", "event_type": "price_change"}}
{"_local_timestamp": "2026-01-25T23:34:34.868148+00:00", "data": {"market": "0xfe9d1a32b46991e6895baece1bf6bb1467b814a28aefd6f33f13c6ba91b8d3c9", "price_changes": [{"asset_id": "57979481369976477405471459370425139763472501428373244029900741691432131403521", "price": "0.14", "size": "0", "side": "BUY", "hash": "ad74fb252454ca0d817dddd4c69d9cc112f7ef37", "best_bid": "0.15", "best_ask": "0.95"}, {"asset_id": "71990823545476172057397539228999083435242402644332688321711165550800328090716", "price": "0.86", "size": "0", "side": "SELL", "hash": "0bbb96c2680178484b40f06a407ad2c1fdee9761", "best_bid": "0.05", "best_ask": "0.85"}], "timestamp": "1769384074793", "event_type": "price_change"}}
{"_local_timestamp": "2026-01-25T23:34:34.883719+00:00", "data": {"market": "0x97d9efae9a1242a8a03dbcc185a8b86bd305d6d46b3f24ca1a4aca3fa9a6212e", "price_changes": [{"asset_id": "108294337269786211232053551884711256636202429160499226202163015019758017901843", "price": "0.18", "size": "20", "side": "BUY", "hash": "ca9fa0dd7d055ff6a0528291b0a04828194ef75f", "best_bid": "0.18", "best_ask": "0.97"}, {"asset_id": "104261134120343853622280944278231007806923775273920625091535282621751091388993", "price": "0.82", "size": "20", "side": "SELL", "hash": "77b92a84579e6f94e71a8e4c99211448b30a725a", "best_bid": "0.03", "best_ask": "0.82"}], "timestamp": "1769384074816", "event_type": "price_change"}}
{"_local_timestamp": "2026-01-25T23:34:34.910236+00:00", "data": {"market": "0xee58cd1c7231995c5ae2a91f48c350a22f87659a302101db4a3df99e6dc3a6ea", "price_changes": [{"asset_id": "21283325371787731209365391554654959446978032764029860917798309525771402585583", "price": "0.19", "size": "20", "side": "BUY", "hash": "0d9e2c65c9c0d706d6c7ae5ae598d9495747ce8e", "best_bid": "0.19", "best_ask": "0.98"}, {"asset_id": "7803863184464146993115773330448529218170635474995115952766099510312723003472", "price": "0.81", "size": "20", "side": "SELL", "hash": "65d6f2a90b63f8a4062a10b0910515abed849365", "best_bid": "0.02", "best_ask": "0.81"}], "timestamp": "1769384074843", "event_type": "price_change"}}
{"_local_timestamp": "2026-01-25T23:34:34.936233+00:00", "data": {"market": "0xfe9d1a32b46991e6895baece1bf6bb1467b814a28aefd6f33f13c6ba91b8d3c9", "price_changes": [{"asset_id": "57979481369976477405471459370425139763472501428373244029900741691432131403521", "price": "0.16", "size": "20", "side": "BUY", "hash": "0aab3235c72086bf38c3930501e1ade62f7bf3b1", "best_bid": "0.16", "best_ask": "0.95"}, {"asset_id": "71990823545476172057397539228999083435242402644332688321711165550800328090716", "price": "0.84", "size": "20", "side": "SELL", "hash": "0dbc19cdc9c5662a3e8c20dd1a9c2657152e617e", "best_bid": "0.05", "best_ask": "0.84"}], "timestamp": "1769384074867", "event_type": "price_change"}}
{"_local_timestamp": "2026-01-25T23:34:34.963447+00:00", "data": {"market": "0x97d9efae9a1242a8a03dbcc185a8b86bd305d6d46b3f24ca1a4aca3fa9a6212e", "price_changes": [{"asset_id": "104261134120343853622280944278231007806923775273920625091535282621751091388993", "price": "0.04", "size": "29.99", "side": "BUY", "hash": "31403f5733e446de799384dde939ebea4382c4b1", "best_bid": "0.04", "best_ask": "0.82"}, {"asset_id": "108294337269786211232053551884711256636202429160499226202163015019758017901843", "price": "0.96", "size": "29.99", "side": "SELL", "hash": "24463806b26b0179b9c7b4dc15c65d352f28abf4", "best_bid": "0.18", "best_ask": "0.96"}], "timestamp": "1769384074887", "event_type": "price_change"}}
{"_local_timestamp": "2026-01-25T23:34:34.974700+00:00", "data": {"market": "0xc20bd18955fdcaea6f4f20c37d84d5388e91fc4638490ca4facf8be523dc6c13", "price_changes": [{"asset_id": "89373461182969289579845172492872922158629123151223268658038449652837405119276", "price": "0.04", "size": "29.99", "side": "BUY", "hash": "2edf2a81aa49982b672a811e8497b8c9b74b4793", "best_bid": "0.04", "best_ask": "0.75"}, {"asset_id": "40380829381795973958306409949439163717944979125745463341977071152902853169349", "price": "0.96", "size": "29.99", "side": "SELL", "hash": "6688d9736c5ce7cdeb02c278d08a8a583baea51a", "best_bid": "0.25", "best_ask": "0.96"}], "timestamp": "1769384074886", "event_type": "price_change"}}
{"_local_timestamp": "2026-01-25T23:34:36.843190+00:00", "data": {"market": "0xee58cd1c7231995c5ae2a91f48c350a22f87659a302101db4a3df99e6dc3a6ea", "price_changes": [{"asset_id": "21283325371787731209365391554654959446978032764029860917798309525771402585583", "price": "0.11", "size": "0", "side": "BUY", "hash": "e425b239b616db92fc74983e7418a9ac57e34262", "best_bid": "0.19", "best_ask": "0.98"}, {"asset_id": "7803863184464146993115773330448529218170635474995115952766099510312723003472", "price": "0.89", "size": "0", "side": "SELL", "hash": "b7e6dfe019bb237c56c93ed39380666abebfc18a", "best_bid": "0.02", "best_ask": "0.81"}], "timestamp": "1769384076775", "event_type": "price_change"}}
{"_local_timestamp": "2026-01-25T23:34:36.845833+00:00", "data": {"market": "0xc20bd18955fdcaea6f4f20c37d84d5388e91fc4638490ca4facf8be523dc6c13", "price_changes": [{"asset_id": "40380829381795973958306409949439163717944979125745463341977071152902853169349", "price": "0.11", "size": "0", "side": "BUY", "hash": "f77842686a09c1e3c8e5249e4db3b05b30e3a086", "best_bid": "0.25", "best_ask": "0.96"}, {"asset_id": "89373461182969289579845172492872922158629123151223268658038449652837405119276", "price": "0.89", "size": "0", "side": "SELL", "hash": "d6c53370afcc47e5eeb76b3ae1180b2427086cec", "best_bid": "0.04", "best_ask": "0.75"}], "timestamp": "1769384076775", "event_type": "price_change"}}
{"_local_timestamp": "2026-01-25T23:34:36.846353+00:00", "data": {"market": "0x9a0de7353469fc7af319897a8a494334b8a286d5cd8ec4b4edb6b3445a4b1597", "price_changes": [{"asset_id": "82448464534710566057881902879012276545801914494658997880647276477323315813986", "price": "0.09", "size": "0", "side": "BUY", "hash": "b13d6756457b55af278f8b54fcc568890113246f", "best_bid": "0.24", "best_ask": "0.95"}, {"asset_id": "43697661106139132419773585187886106203320732906584708348798041358649329039252", "price": "0.91", "size": "0", "side": "SELL", "hash": "2a0ae87832e83902380850770ee0c6f1374f4106", "best_bid": "0.05", "best_ask": "0.76"}], "timestamp": "1769384076775", "event_type": "price_change"}}
{"_local_timestamp": "2026-01-25T23:34:36.846875+00:00", "data": {"market": "0xfe9d1a32b46991e6895baece1bf6bb1467b814a28aefd6f33f13c6ba91b8d3c9", "price_changes": [{"asset_id": "57979481369976477405471459370425139763472501428373244029900741691432131403521", "price": "0.09", "size": "0", "side": "BUY", "hash": "a87c25d9dbfdbed3ca5b8f1828ce06e93ffb94e8", "best_bid": "0.16", "best_ask": "0.95"}, {"asset_id": "71990823545476172057397539228999083435242402644332688321711165550800328090716", "price": "0.91", "size": "0", "side": "SELL", "hash": "9db693a9736a91c2e2d0f714328d5f59a8af0b50", "best_bid": "0.05", "best_ask": "0.84"}], "timestamp": "1769384076775", "event_type": "price_change"}}
{"_local_timestamp": "2026-01-25T23:34:36.847645+00:00", "data": {"market": "0x949c8c782beaf0d71a8ddc42ce5c0d0bfe3ec3c6ae5a7f94daea10850e8c570d", "price_changes": [{"asset_id": "87159419841688319639364568112345975815517805746054836624129542662189383490979", "price": "0.11", "size": "0", "side": "BUY", "hash": "dccbe0ef1a3247e919c1ec56cd0d9c142246071e", "best_bid": "0.23", "best_ask": "0.96"}, {"asset_id": "30539481741900915205478863896530423654330693287078895672964604758297530843731", "price": "0.89", "size": "0", "side": "SELL", "hash": "42a06a1f6ccf630ef9822af5ed7a450444e01db7", "best_bid": "0.04", "best_ask": "0.77"}], "timestamp": "1769384076775", "event_type": "price_change"}}
{"_local_timestamp": "2026-01-25T23:34:36.878648+00:00", "data": {"market": "0x949c8c782beaf0d71a8ddc42ce5c0d0bfe3ec3c6ae5a7f94daea10850e8c570d", "price_changes": [{"asset_id": "87159419841688319639364568112345975815517805746054836624129542662189383490979", "price": "0.13", "size": "25", "side": "BUY", "hash": "b41776d25fccf5f0676f353e61a18df0635583f4", "best_bid": "0.23", "best_ask": "0.96"}, {"asset_id": "30539481741900915205478863896530423654330693287078895672964604758297530843731", "price": "0.87", "size": "25", "side": "SELL", "hash": "f249e6fb2a17c7a009e788df0b60e63c8f55b5fd", "best_bid": "0.04", "best_ask": "0.77"}], "timestamp": "1769384076810", "event_type": "price_change"}}
{"_local_timestamp": "2026-01-25T23:34:36.879150+00:00", "data": {"market": "0xc20bd18955fdcaea6f4f20c37d84d5388e91fc4638490ca4facf8be523dc6c13", "price_changes": [{"asset_id": "40380829381795973958306409949439163717944979125745463341977071152902853169349", "price": "0.15", "size": "20", "side": "BUY", "hash": "97eeee0e533b627b3d8bcec0b5ee8b5b77a2934d", "best_bid": "0.25", "best_ask": "0.96"}, {"asset_id": "89373461182969289579845172492872922158629123151223268658038449652837405119276", "price": "0.85", "size": "20", "side": "SELL", "hash": "9342590a8ab644734ed129394f82efd6c690d5a1", "best_bid": "0.04", "best_ask": "0.75"}], "timestamp": "1769384076810", "event_type": "price_change"}}
{"_local_timestamp": "2026-01-25T23:34:36.879636+00:00", "data": {"market": "0xfe9d1a32b46991e6895baece1bf6bb1467b814a28aefd6f33f13c6ba91b8d3c9", "price_changes": [{"asset_id": "57979481369976477405471459370425139763472501428373244029900741691432131403521", "price": "0.13", "size": "20", "side": "BUY", "hash": "110cf5d086bcc83529608e8ba38a644afb102d0c", "best_bid": "0.16", "best_ask": "0.95"}, {"asset_id": "71990823545476172057397539228999083435242402644332688321711165550800328090716", "price": "0.87", "size": "20", "side": "SELL", "hash": "7bfbf9167e2a85ae33f5e85b8a947363e2754f59", "best_bid": "0.05", "best_ask": "0.84"}], "timestamp": "1769384076810", "event_type": "price_change"}}
{"_local_timestamp": "2026-01-25T23:34:36.880330+00:00", "data": {"market": "0x9a0de7353469fc7af319897a8a494334b8a286d5cd8ec4b4edb6b3445a4b1597", "price_changes": [{"asset_id": "82448464534710566057881902879012276545801914494658997880647276477323315813986", "price": "0.13", "size": "20", "side": "BUY", "hash": "0cbd40cf5154a173c973980062e004ef0f73b29f", "best_bid": "0.24", "best_ask": "0.95"}, {"asset_id": "43697661106139132419773585187886106203320732906584708348798041358649329039252", "price": "0.87", "size": "20", "side": "SELL", "hash": "0f7ec1e2bf38fa6b23c13386be1c456cb4b489ea", "best_bid": "0.05", "best_ask": "0.76"}], "timestamp": "1769384076810", "event_type": "price_change"}}
{"_local_timestamp": "2026-01-25T23:34:36.880919+00:00", "data": {"market": "0xee58cd1c7231995c5ae2a91f48c350a22f87659a302101db4a3df99e6dc3a6ea", "price_changes": [{"asset_id": "21283325371787731209365391554654959446978032764029860917798309525771402585583", "price": "0.15", "size": "20", "side": "BUY", "hash": "ef593eea863cf327fd5752851f3bcf3c06013074", "best_bid": "0.19", "best_ask": "0.98"}, {"asset_id": "7803863184464146993115773330448529218170635474995115952766099510312723003472", "price": "0.85", "size": "20", "side": "SELL", "hash": "f7ea0a577c31d32e33f09adec582573f88e86f6e", "best_bid": "0.02", "best_ask": "0.81"}], "timestamp": "1769384076810", "event_type": "price_change"}}
{"_local_timestamp": "2026-01-25T23:34:40.021461+00:00", "data": {"market": "0xee58cd1c7231995c5ae2a91f48c350a22f87659a302101db4a3df99e6dc3a6ea", "price_changes": [{"asset_id": "21283325371787731209365391554654959446978032764029860917798309525771402585583", "price": "0.14", "size": "63", "side": "BUY", "hash": "192c83962eb1af336c0b0116f1ad057d78ca9871", "best_bid": "0.19", "best_ask": "0.98"}, {"asset_id": "7803863184464146993115773330448529218170635474995115952766099510312723003472", "price": "0.86", "size": "63", "side": "SELL", "hash": "6ea4d15e4e1ab747a63169927f5e877fc2f1eadf", "best_bid": "0.02", "best_ask": "0.81"}], "timestamp": "1769384079856", "event_type": "price_change"}}
{"_local_timestamp": "2026-01-25T23:34:40.083261+00:00", "data": {"market": "0xee58cd1c7231995c5ae2a91f48c350a22f87659a302101db4a3df99e6dc3a6ea", "price_changes": [{"asset_id": "21283325371787731209365391554654959446978032764029860917798309525771402585583", "price": "0.15", "size": "30", "side": "BUY", "hash": "8628bf7646866c897f38e5252ecade5bd708ad75", "best_bid": "0.19", "best_ask": "0.98"}, {"asset_id": "7803863184464146993115773330448529218170635474995115952766099510312723003472", "price": "0.85", "size": "30", "side": "SELL", "hash": "18279f0cf5ec873576f6e7a40ea76f3c197ebd4e", "best_bid": "0.02", "best_ask": "0.81"}], "timestamp": "1769384079951", "event_type": "price_change"}}
{"_local_timestamp": "2026-01-25T23:34:44.133274+00:00", "data": {"market": "0xee58cd1c7231995c5ae2a91f48c350a22f87659a302101db4a3df99e6dc3a6ea", "price_changes": [{"asset_id": "21283325371787731209365391554654959446978032764029860917798309525771402585583", "price": "0.15", "size": "10", "side": "BUY", "hash": "d00f20f6605f1874aa3ea92f4a0be384ffcbd79b", "best_bid": "0.19", "best_ask": "0.98"}, {"asset_id": "7803863184464146993115773330448529218170635474995115952766099510312723003472", "price": "0.85", "size": "10", "side": "SELL", "hash": "25075ca64f139ee02931007c372adfed7bbccf1d", "best_bid": "0.02", "best_ask": "0.81"}], "timestamp": "1769384084022", "event_type": "price_change"}}
{"_local_timestamp": "2026-01-25T23:34:44.150127+00:00", "data": {"market": "0xee58cd1c7231995c5ae2a91f48c350a22f87659a302101db4a3df99e6dc3a6ea", "price_changes": [{"asset_id": "21283325371787731209365391554654959446978032764029860917798309525771402585583", "price": "0.16", "size": "20", "side": "BUY", "hash": "bdc8c4bafbfe23bbda2eda6ed4863c30403729a7", "best_bid": "0.19", "best_ask": "0.98"}, {"asset_id": "7803863184464146993115773330448529218170635474995115952766099510312723003472", "price": "0.84", "size": "20", "side": "SELL", "hash": "fa8d440aa43468e3fa4f64f698599aa1fa0b41d3", "best_bid": "0.02", "best_ask": "0.81"}], "timestamp": "1769384084047", "event_type": "price_change"}}
