{"_local_timestamp": "2026-01-25T23:40:47.063689+00:00", "data": [{"market": "0x97d9efae9a1242a8a03dbcc185a8b86bd305d6d46b3f24ca1a4aca3fa9a6212e", "asset_id": "104261134120343853622280944278231007806923775273920625091535282621751091388993", "timestamp": "1769384421474", "hash": "87f223d328dc9c89440a076d4daa86591759ecf1", "bids": [{"price": "0.01", "size": "133.32"}, {"price": "0.02", "size": "47"}, {"price": "0.03", "size": "60.98"}], "asks": [{"price": "0.99", "size": "10072.34"}, {"price": "0.98", "size": "5000"}, {"price": "0.96", "size": "2500"}, {"price": "0.95", "size": "64"}, {"price": "0.93", "size": "62"}, {"price": "0.92", "size": "66.66"}, {"price": "0.91", "size": "20"}, {"price": "0.79", "size": "66.66"}], "event_type": "book", "last_trade_price": ""}, {"market": "0xc20bd18955fdcaea6f4f20c37d84d5388e91fc4638490ca4facf8be523dc6c13", "asset_id": "89373461182969289579845172492872922158629123151223268658038449652837405119276", "timestamp": "1769384333975", "hash": "3afef790f15d3b1ef70048a7cce93691b238257d", "bids": [{"price": "0.01", "size": "86.66"}, {"price": "0.02", "size": "40"}, {"price": "0.03", "size": "38.33"}], "asks": [{"price": "0.99", "size": "10066.66"}, {"price": "0.98", "size": "5000"}, {"price": "0.96", "size": "2500"}, {"price": "0.95", "size": "40"}, {"price": "0.94", "size": "750"}, {"price": "0.9", "size": "375"}, {"price": "0.89", "size": "20"}, {"price": "0.87", "size": "76.66"}, {"price": "0.86", "size": "38"}, {"price": "0.75", "size": "71.66"}], "event_type": "book", "last_trade_price": ""}, {"market": "0xee58cd1c7231995c5ae2a91f48c350a22f87659a302101db4a3df99e6dc3a6ea", "asset_id": "7803863184464146993115773330448529218170635474995115952766099510312723003472", "timestamp": "1769384350516", "hash": "e06dfe36b208f27b1b56ea1badf7a0cf49f754c1", "bids": [{"price": "0.01", "size": "27"}, {"price": "0.02", "size": "10"}, {"price": "0.03", "size": "27"}, {"price": "0.05", "size": "27"}], "asks": [{"price": "0.99", "size": "10066.66"}, {"price": "0.98", "size": "5000"}, {"price": "0.96", "size": "2642"}, {"price": "0.94", "size": "750"}, {"price": "0.91", "size": "66.66"}, {"price": "0.9", "size": "375"}, {"price": "0.89", "size": "20"}, {"price": "0.88", "size": "10"}, {"price": "0.86", "size": "63"}, {"price": "0.83", "size": "66.66"}], "event_type": "book", "last_trade_price": ""}, {"market": "0x949c8c782beaf0d71a8ddc42ce5c0d0bfe3ec3c6ae5a7f94daea10850e8c570d", "asset_id": "30539481741900915205478863896530423654330693287078895672964604758297530843731", "timestamp": "1769384300276", "hash": "6a6fa65ea355f77797a651e070a1fc2448afbf74", "bids": [{"price": "0.01", "size": "69.56"}, {"price": "0.02", "size": "43.35"}, {"price": "0.03", "size": "29.78"}], "asks": [{"price": "0.99", "size": "10066.66"}, {"price": "0.98", "size": "5000"}, {"price": "0.97", "size": "66"}, {"price": "0.96", "size": "2500"}, {"price": "0.94", "size": "750"}, {"price": "0.9", "size": "375"}, {"price": "0.88", "size": "76.66"}, {"price": "0.87", "size": "25"}, {"price": "0.77", "size": "71.66"}], "event_type": "book", "last_trade_price": "0.020"}, {"market": "0xfe9d1a32b46991e6895baece1bf6bb1467b814a28aefd6f33f13c6ba91b8d3c9", "asset_id": "57979481369976477405471459370425139763472501428373244029900741691432131403521", "timestamp": "1769384331826", "hash": "35025fb1a35fd6c40548e383d201623f9bab8d0e", "bids": [{"price": "0.01", "size": "10066.66"}, {"price": "0.02", "size": "5000"}, {"price": "0.04", "size": "2500"}, {"price": "0.06", "size": "750"}, {"price": "0.08", "size": "66.66"}, {"price": "0.1", "size": "375"}, {"price": "0.11", "size": "10"}, {"price": "0.12", "size": "113"}, {"price": "0.15", "size": "66.66"}], "asks": [{"price": "0.99", "size": "116.66"}, {"price": "0.98", "size": "26"}, {"price": "0.96", "size": "53.33"}], "event_type": "book", "last_trade_price": ""}, {"market": "0xee58cd1c7231995c5ae2a91f48c350a22f87659a302101db4a3df99e6dc3a6ea", "asset_id": "21283325371787731209365391554654959446978032764029860917798309525771402585583", "timestamp": "1769384350516", "hash": "e9dfbe7bc46201679d54a12192c7a5f390e60002", "bids": [{"price": "0.01", "size": "10066.66"}, {"price": "0.02", "size": "5000"}, {"price": "0.04", "size": "2642"}, {"price": "0.06", "size": "750"}, {"price": "0.09", "size": "66.66"}, {"price": "0.1", "size": "375"}, {"price": "0.11", "size": "20"}, {"price": "0.12", "size": "10"}, {"price": "0.14", "size": "63"}, {"price": "0.17", "size": "66.66"}], "asks": [{"price": "0.99", "size": "27"}, {"price": "0.98", "size": "10"}, {"price": "0.97", "size": "27"}, {"price": "0.95", "size": "27"}], "event_type": "book", "last_trade_price": ""}, {"market": "0x949c8c782beaf0d71a8ddc42ce5c0d0bfe3ec3c6ae5a7f94daea10850e8c570d", "asset_id": "87159419841688319639364568112345975815517805746054836624129542662189383490979", "timestamp": "1769384300276", "hash": "1deef0e48f20de776f6eb5691a23eae2fdac0169", "bids": [{"price": "0.01", "size": "10066.66"}, {"price": "0.02", "size": "5000"}, {"price": "0.03", "size": "66"}, {"price": "0.04", "size": "2500"}, {"price": "0.06", "size": "750"}, {"price": "0.1", "size": "375"}, {"price": "0.12", "size": "76.66"}, {"price": "0.13", "size": "25"}, {"price": "0.23", "size": "71.66"}], "asks": [{"price": "0.99", "size": "69.56"}, {"price": "0.98", "size": "43.35"}, {"price": "0.97", "size": "29.78"}], "event_type": "book", "last_trade_price": "0.020"}, {"market": "0x9a0de7353469fc7af319897a8a494334b8a286d5cd8ec4b4edb6b3445a4b1597", "asset_id": "43697661106139132419773585187886106203320732906584708348798041358649329039252", "timestamp": "1769384347968", "hash": "a93fc58bf88764d01e75ccdb78c36c03fbc6269c", "bids": [{"price": "0.01", "size": "57.5"}, {"price": "0.02", "size": "37"}, {"price": "0.03", "size": "47.5"}], "asks": [{"price": "0.99", "size": "10066.66"}, {"price": "0.98", "size": "5000"}, {"price": "0.97", "size": "66"}, {"price": "0.96", "size": "2500"}, {"price": "0.94", "size": "10"}, {"price": "0.88", "size": "76.66"}, {"price": "0.87", "size": "20"}, {"price": "0.76", "size": "71.66"}], "event_type": "book", "last_trade_price": ""}, {"market": "0x97d9efae9a1242a8a03dbcc185a8b86bd305d6d46b3f24ca1a4aca3fa9a6212e", "asset_id": "108294337269786211232053551884711256636202429160499226202163015019758017901843", "timestamp": "1769384421474", "hash": "e2dc84e8e7f2cd295596c27e20e5957c1fecefcc", "bids": [{"price": "0.01", "size": "10072.34"}, {"price": "0.02", "size": "5000"}, {"price": "0.04", "size": "2500"}, {"price": "0.05", "size": "64"}, {"price": "0.07", "size": "62"}, {"price": "0.08", "size": "66.66"}, {"price": "0.09", "size": "20"}, {"price": "0.21", "size": "66.66"}], "asks": [{"price": "0.99", "size": "133.32"}, {"price": "0.98", "size": "47"}, {"price": "0.97", "size": "60.98"}], "event_type": "book", "last_trade_price": ""}, {"market": "0x9a0de7353469fc7af319897a8a494334b8a286d5cd8ec4b4edb6b3445a4b1597", "asset_id": "82448464534710566057881902879012276545801914494658997880647276477323315813986", "timestamp": "1769384347968", "hash": "e7168e2bfa2780ba2350de958cf7ec0677ed4cd5", "bids": [{"price": "0.01", "size": "10066.66"}, {"price": "0.02", "size": "5000"}, {"price": "0.03", "size": "66"}, {"price": "0.04", "size": "2500"}, {"price": "0.06", "size": "10"}, {"price": "0.12", "size": "76.66"}, {"price": "0.13", "size": "20"}, {"price": "0.24", "size": "71.66"}], "asks": [{"price": "0.99", "size": "57.5"}, {"price": "0.98", "size": "37"}, {"price": "0.97", "size": "47.5"}], "event_type": "book", "last_trade_price": ""}, {"market": "0xc20bd18955fdcaea6f4f20c37d84d5388e91fc4638490ca4facf8be523dc6c13", "asset_id": "40380829381795973958306409949439163717944979125745463341977071152902853169349", "timestamp": "1769384333975", "hash": "ad449895ecd84c50576f5d01525977d4122c972a", "bids": [{"price": "0.01", "size": "10066.66"}, {"price": "0.02", "size": "5000"}, {"price": "0.04", "size": "2500"}, {"price": "0.05", "size": "40"}, {"price": "0.06", "size": "750"}, {"price": "0.1", "size": "375"}, {"price": "0.11", "size": "20"}, {"price": "0.13", "size": "76.66"}, {"price": "0.14", "size": "38"}, {"price": "0.25", "size": "71.66"}], "asks": [{"price": "0.99", "size": "86.66"}, {"price": "0.98", "size": "40"}, {"price": "0.97", "size": "38.33"}], "event_type": "book", "last_trade_price": ""}, {"market": "0xfe9d1a32b46991e6895baece1bf6bb1467b814a28aefd6f33f13c6ba91b8d3c9", "asset_id": "71990823545476172057397539228999083435242402644332688321711165550800328090716", "timestamp": "1769384331826", "hash": "da8792b6502ce5558d566d11d723a07c6937dabd", "bids": [{"price": "0.01", "size": "116.66"}, {"price": "0.02", "size": "26"}, {"price": "0.04", "size": "53.33"}], "asks": [{"price": "0.99", "size": "10066.66"}, {"price": "0.98", "size": "5000"}, {"price": "0.96", "size": "2500"}, {"price": "0.94", "size": "750"}, {"price": "0.92", "size": "66.66"}, {"price": "0.9", "size": "375"}, {"price": "0.89", "size": "10"}, {"price": "0.88", "size": "113"}, {"price": "0.85", "size": "66.66"}], "event_type": "book", "last_trade_price": ""}]}
{"_local_timestamp": "2026-01-25T23:40:52.033692+00:00", "data": {"market": "0xee58cd1c7231995c5ae2a91f48c350a22f87659a302101db4a3df99e6dc3a6ea", "price_changes": [{"asset_id": "21283325371787731209365391554654959446978032764029860917798309525771402585583", "price": "0.17", "size": "0", "side": "BUY", "hash": "ff799272cbc27ca9b27d0eb1fd19e236adb51986", "best_bid": "0.14", "best_ask": "0.95"}, {"asset_id": "7803863184464146993115773330448529218170635474995115952766099510312723003472", "price": "0.83", "size": "0", "side": "SELL", "hash": "34d846a6fd0469b504476a3aadd26d1ff41787fb", "best_bid": "0.05", "best_ask": "0.86"}], "timestamp": "1769384451958", "event_type": "price_change"}}
{"_local_timestamp": "2026-01-25T23:40:52.034567+00:00", "data": {"market": "0xfe9d1a32b46991e6895baece1bf6bb1467b814a28aefd6f33f13c6ba91b8d3c9", "price_changes": [{"asset_id": "57979481369976477405471459370425139763472501428373244029900741691432131403521", "price": "0.15", "size": "0", "side": "BUY", "hash": "74acffe90dcc15355aa86d58c9db75b36dea53b3", "best_bid": "0.12", "best_ask": "0.96"}, {"asset_id": "71990823545476172057397539228999083435242402644332688321711165550800328090716", "price": "0.85", "size": "0", "side": "SELL", "hash": "9c7fc6d9683bdd47e71f2bfb2d1c65f448a87012", "best_bid": "0.04", "best_ask": "0.88"}], "timestamp": "1769384451958", "event_type": "price_change"}}
{"_local_timestamp": "2026-01-25T23:40:52.035287+00:00", "data": {"market": "0x97d9efae9a1242a8a03dbcc185a8b86bd305d6d46b3f24ca1a4aca3fa9a6212e", "price_changes": [{"asset_id": "108294337269786211232053551884711256636202429160499226202163015019758017901843", "price": "0.21", "size": "0", "side": "BUY", "hash": "3c5607e5ba8de8bbb2ffe86229670550ba9461bf", "best_bid": "0.09", "best_ask": "0.97"}, {"asset_id": "104261134120343853622280944278231007806923775273920625091535282621751091388993", "price": "0.79", "size": "0", "side": "SELL", "hash": "83f960f4870b75a70c2ef3fdd30c458d0b646e1f", "best_bid": "0.03", "best_ask": "0.91"}], "timestamp": "1769384451958", "event_type": "price_change"}}
{"_local_timestamp": "2026-01-25T23:40:52.035962+00:00", "data": {"market": "0x9a0de7353469fc7af319897a8a494334b8a286d5cd8ec4b4edb6b3445a4b1597", "price_changes": [{"asset_id": "43697661106139132419773585187886106203320732906584708348798041358649329039252", "price": "0.03", "size": "0", "side": "BUY", "hash": "c5fd648fd3d8fa4e84a58e99a8459d8830bc7caa", "best_bid": "0.02", "best_ask": "0.76"}, {"asset_id": "82448464534710566057881902879012276545801914494658997880647276477323315813986", "price": "0.97", "size": "0", "side": "SELL", "hash": "6244a51ce05387ff9f5156982ff9b44c1f62bb53", "best_bid": "0.24", "best_ask": "0.98"}], "timestamp": "1769384451958", "event_type": "price_change"}}
{"_local_timestamp": "2026-01-25T23:40:52.036637+00:00", "data": {"market": "0xee58cd1c7231995c5ae2a91f48c350a22f87659a302101db4a3df99e6dc3a6ea", "price_changes": [{"asset_id": "7803863184464146993115773330448529218170635474995115952766099510312723003472", "price": "0.05", "size": "0", "side": "BUY", "hash": "d28d0d3951d2714112c65c999e48a0824b83af88", "best_bid": "0.03", "best_ask": "0.86"}, {"asset_id": "21283325371787731209365391554654959446978032764029860917798309525771402585583", "price": "0.95", "size": "0", "side": "SELL", "hash": "c67ad3782eb83284da15dc4b73d606ff7b7ee8dd", "best_bid": "0.14", "best_ask": "0.97"}], "timestamp": "1769384451958", "event_type": "price_change"}}
{"_local_timestamp": "2026-01-25T23:40:52.037375+00:00", "data": {"market": "0x9a0de7353469fc7af319897a8a494334b8a286d5cd8ec4b4edb6b3445a4b1597", "price_changes": [{"asset_id": "43697661106139132419773585187886106203320732906584708348798041358649329039252", "price": "0.01", "size": "10", "side": "BUY", "hash": "c5fd648fd3d8fa4e84a58e99a8459d8830bc7caa", "best_bid": "0.02", "best_ask": "0.76"}, {"asset_id": "82448464534710566057881902879012276545801914494658997880647276477323315813986", "price": "0.99", "size": "10", "side": "SELL", "hash": "6244a51ce05387ff9f5156982ff9b44c1f62bb53", "best_bid": "0.24", "best_ask": "0.98"}], "timestamp": "1769384451958", "event_type": "price_change"}}
{"_local_timestamp": "2026-01-25T23:40:52.130449+00:00", "data": {"market": "0xfe9d1a32b46991e6895baece1bf6bb1467b814a28aefd6f33f13c6ba91b8d3c9", "price_changes": [{"asset_id": "57979481369976477405471459370425139763472501428373244029900741691432131403521", "price": "0.13", "size": "20", "side": "BUY", "hash": "4e004ef26e2be51c5f10debf0692533fcfa507c4", "best_bid": "0.13", "best_ask": "0.96"}, {"asset_id": "71990823545476172057397539228999083435242402644332688321711165550800328090716", "price": "0.87", "size": "20", "side": "SELL", "hash": "41c97bcfb3c8740fd79db1e9b34b82a1eaa01dba", "best_bid": "0.04", "best_ask": "0.87"}], "timestamp": "1769384452058", "event_type": "price_change"}}
{"_local_timestamp": "2026-01-25T23:40:52.185732+00:00", "data": {"market": "0x97d9efae9a1242a8a03dbcc185a8b86bd305d6d46b3f24ca1a4aca3fa9a6212e", "price_changes": [{"asset_id": "108294337269786211232053551884711256636202429160499226202163015019758017901843", "price": "0.14", "size": "20", "side": "BUY", "hash": "9d42036de5289c491c6a69af69c30acad7218ce6", "best_bid": "0.14", "best_ask": "0.97"}, {"asset_id": "104261134120343853622280944278231007806923775273920625091535282621751091388993", "price": "0.86", "size": "20", "side": "SELL", "hash": "3001d9aecab4443648f81a8e2ea440ec50385af1", "best_bid": "0.03", "best_ask": "0.86"}], "timestamp": "1769384452113", "event_type": "price_change"}}
{"_local_timestamp": "2026-01-25T23:40:52.205774+00:00", "data": {"market": "0xee58cd1c7231995c5ae2a91f48c350a22f87659a302101db4a3df99e6dc3a6ea", "price_changes": [{"asset_id": "21283325371787731209365391554654959446978032764029860917798309525771402585583", "price": "0.14", "size": "83", "side": "BUY", "hash": "d041c4ba20fc3baf4686a125da71c17765928d5e", "best_bid": "0.14", "best_ask": "0.97"}, {"asset_id": "7803863184464146993115773330448529218170635474995115952766099510312723003472", "price": "0.86", "size": "83", "side": "SELL", "hash": "db822954593cff140ec7f9bcb5a7abea94001ca5", "best_bid": "0.03", "best_ask": "0.86"}], "timestamp": "1769384452135", "event_type": "price_change"}}
{"_local_timestamp": "2026-01-25T23:40:52.318179+00:00", "data": {"market": "0x949c8c782beaf0d71a8ddc42ce5c0d0bfe3ec3c6ae5a7f94daea10850e8c570d", "price_changes": [{"asset_id": "87159419841688319639364568112345975815517805746054836624129542662189383490979", "price": "0.13", "size": "5", "side": "BUY", "hash": "23cea29f4ec9aa87967f43befdae377b58de4c92", "best_bid": "0.23", "best_ask": "0.97"}, {"asset_id": "30539481741900915205478863896530423654330693287078895672964604758297530843731", "price": "0.87", "size": "5", "side": "SELL", "hash": "8f711916c1ca3d18115f4b38de632d1dd0cbb05d", "best_bid": "0.03", "best_ask": "0.77"}], "timestamp": "1769384452245", "event_type": "price_change"}}
{"_local_timestamp": "2026-01-25T23:40:52.318960+00:00", "data": {"market": "0xc20bd18955fdcaea6f4f20c37d84d5388e91fc4638490ca4facf8be523dc6c13", "price_changes": [{"asset_id": "40380829381795973958306409949439163717944979125745463341977071152902853169349", "price": "0.11", "size": "0", "side": "BUY", "hash": "c762672a2965496a3919e49398c192b48474060f", "best_bid": "0.25", "best_ask": "0.97"}, {"asset_id": "89373461182969289579845172492872922158629123151223268658038449652837405119276", "price": "0.89", "size": "0", "side": "SELL", "hash": "8a90d36a84f41b4f7824ecdcc3b036e7a2cdb7e6", "best_bid": "0.03", "best_ask": "0.75"}], "timestamp": "1769384452245", "event_type": "price_change"}}
{"_local_timestamp": "2026-01-25T23:40:52.319689+00:00", "data": {"market": "0x9a0de7353469fc7af319897a8a494334b8a286d5cd8ec4b4edb6b3445a4b1597", "price_changes": [{"asset_id": "82448464534710566057881902879012276545801914494658997880647276477323315813986", "price": "0.13", "size": "0", "side": "BUY", "hash": "15059ada6991c99df475d4113ce025e040e00a45", "best_bid": "0.24", "best_ask": "0.98"}, {"asset_id": "43697661106139132419773585187886106203320732906584708348798041358649329039252", "price": "0.87", "size": "0", "side": "SELL", "hash": "3dbe7b2c35a376b62e3fac44a3e0d7d056e7ea66", "best_bid": "0.02", "best_ask": "0.76"}], "timestamp": "1769384452245", "event_type": "price_change"}}
{"_local_timestamp": "2026-01-25T23:40:52.320376+00:00", "data": {"market": "0xfe9d1a32b46991e6895baece1bf6bb1467b814a28aefd6f33f13c6ba91b8d3c9", "price_changes": [{"asset_id": "57979481369976477405471459370425139763472501428373244029900741691432131403521", "price": "0.12", "size": "93", "side": "BUY", "hash": "2d24d6f01f3215b889796bfbe80d60fceae2c282", "best_bid": "0.13", "best_ask": "0.96"}, {"asset_id": "71990823545476172057397539228999083435242402644332688321711165550800328090716", "price": "0.88", "size": "93", "side": "SELL", "hash": "cb49da8003a63532a7d3d45581d21cc264b34544", "best_bid": "0.04", "best_ask": "0.87"}], "timestamp": "1769384452245", "event_type": "price_change"}}
{"_local_timestamp": "2026-01-25T23:40:52.321058+00:00", "data": {"market": "0xee58cd1c7231995c5ae2a91f48c350a22f87659a302101db4a3df99e6dc3a6ea", "price_changes": [{"asset_id": "21283325371787731209365391554654959446978032764029860917798309525771402585583", "price": "0.11", "size": "0", "side": "BUY", "hash": "04d78f2dbeb3035228d0007907b631abd14db3c9", "best_bid": "0.14", "best_ask": "0.97"}, {"asset_id": "7803863184464146993115773330448529218170635474995115952766099510312723003472", "price": "0.89", "size": "0", "side": "SELL", "hash": "24e07042811c51c3d93196b6439eb65230971e72", "best_bid": "0.03", "best_ask": "0.86"}], "timestamp": "1769384452245", "event_type": "price_change"}}
{"_local_timestamp": "2026-01-25T23:40:52.350030+00:00", "data": {"market": "0xee58cd1c7231995c5ae2a91f48c350a22f87659a302101db4a3df99e6dc3a6ea", "price_changes": [{"asset_id": "21283325371787731209365391554654959446978032764029860917798309525771402585583", "price": "0.1", "size": "395", "side": "BUY", "hash": "c4291a1de0fee7370b2910fe47832c29c0ef9f96", "best_bid": "0.14", "best_ask": "0.97"}, {"asset_id": "7803863184464146993115773330448529218170635474995115952766099510312723003472", "price": "0.9", "size": "395", "side": "SELL", "hash": "1ae9e708b5b63de07e802c30fdeaec347af6ab44", "best_bid": "0.03", "best_ask": "0.86"}], "timestamp": "1769384452276", "event_type": "price_change"}}
{"_local_timestamp": "2026-01-25T23:40:52.350812+00:00", "data": {"market": "0x9a0de7353469fc7af319897a8a494334b8a286d5cd8ec4b4edb6b3445a4b1597", "price_changes": [{"asset_id": "82448464534710566057881902879012276545801914494658997880647276477323315813986", "price": "0.07", "size": "20", "side": "BUY", "hash": "9b9940d9955183697e9cde8f42170c216a222fb2", "best_bid": "0.24", "best_ask": "0.98"}, {"asset_id": "43697661106139132419773585187886106203320732906584708348798041358649329039252", "price": "0.93", "size": "20", "side": "SELL", "hash": "82f65a8cb2ccd5a3eb308de615912033984deaa1", "best_bid": "0.02", "best_ask": "0.76"}], "timestamp": "1769384452276", "event_type": "price_change"}}
{"_local_timestamp": "2026-01-25T23:40:52.351509+00:00", "data": {"market": "0xfe9d1a32b46991e6895baece1bf6bb1467b814a28aefd6f33f13c6ba91b8d3c9", "price_changes": [{"asset_id": "57979481369976477405471459370425139763472501428373244029900741691432131403521", "price": "0.09", "size": "20", "side": "BUY", "hash": "da02329fc46f8efeeba923d7fb41916b8b16ad50", "best_bid": "0.13", "best_ask": "0.96"}, {"asset_id": "71990823545476172057397539228999083435242402644332688321711165550800328090716", "price": "0.91", "size": "20", "side": "SELL", "hash": "3b2fc2e9a0959ce6a4cf4d96d5415ed2dd589e45", "best_bid": "0.04", "best_ask": "0.87"}], "timestamp": "1769384452276", "event_type": "price_change"}}
{"_local_timestamp": "2026-01-25T23:40:52.352258+00:00", "data": {"market": "0x949c8c782beaf0d71a8ddc42ce5c0d0bfe3ec3c6ae5a7f94daea10850e8c570d", "price_changes": [{"asset_id": "87159419841688319639364568112345975815517805746054836624129542662189383490979", "price": "0.07", "size": "20", "side": "BUY", "hash": "a42d3c9f8a4dd9de96199c8851476b0ea099194a", "best_bid": "0.23", "best_ask": "0.97"}, {"asset_id": "30539481741900915205478863896530423654330693287078895672964604758297530843731", "price": "0.93", "size": "20", "side": "SELL", "hash": "deb9ef8779e361b8e486c0d4f873ead807f45f43", "best_bid": "0.03", "best_ask": "0.77"}], "timestamp": "1769384452276", "event_type": "price_change"}}
{"_local_timestamp": "2026-01-25T23:40:52.352960+00:00", "data": {"market": "0xc20bd18955fdcaea6f4f20c37d84d5388e91fc4638490ca4facf8be523dc6c13", "price_changes": [{"asset_id": "40380829381795973958306409949439163717944979125745463341977071152902853169349", "price": "0.07", "size": "20", "side": "BUY", "hash": "24edd7ab5c22e9eb040283bbe3352af1ad2ac5b9", "best_bid": "0.25", "best_ask": "0.97"}, {"asset_id": "89373461182969289579845172492872922158629123151223268658038449652837405119276", "price": "0.93", "size": "20", "side": "SELL", "hash": "baa315844e9f4a9f63c0a738de40b67b5e4ea164", "best_bid": "0.03", "best_ask": "0.75"}], "timestamp": "1769384452276", "event_type": "price_change"}}
{"_local_timestamp": "2026-01-25T23:40:52.397401+00:00", "data": {"market": "0x97d9efae9a1242a8a03dbcc185a8b86bd305d6d46b3f24ca1a4aca3fa9a6212e", "price_changes": [{"asset_id": "108294337269786211232053551884711256636202429160499226202163015019758017901843", "price": "0.05", "size": "0", "side": "BUY", "hash": "4d7dc58d47a00ba0947e95bb22fcf85b86264729", "best_bid": "0.14", "best_ask": "0.97"}, {"asset_id": "104261134120343853622280944278231007806923775273920625091535282621751091388993", "price": "0.95", "size": "0", "side": "SELL", "hash": "fff921870baa476febbb55253a9947f273b42f72", "best_bid": "0.03", "best_ask": "0.86"}], "timestamp": "1769384452330", "event_type": "price_change"}}
{"_local_timestamp": "2026-01-25T23:40:52.630062+00:00", "data": {"market": "0x9a0de7353469fc7af319897a8a494334b8a286d5cd8ec4b4edb6b3445a4b1597", "price_changes": [{"asset_id": "43697661106139132419773585187886106203320732906584708348798041358649329039252", "price": "0.01", "size": "41.66", "side": "BUY", "hash": "9441917918042278c163d749c5897a328b7535bd", "best_bid": "0.02", "best_ask": "0.76"}, {"asset_id": "82448464534710566057881902879012276545801914494658997880647276477323315813986", "price": "0.99", "size": "41.66", "side": "SELL", "hash": "7b7fa0b295333f6c26debe0d6cc2eb2b9b41da8c", "best_bid": "0.24", "best_ask": "0.98"}], "timestamp": "1769384452557", "event_type": "price_change"}}
{"_local_timestamp": "2026-01-25T23:40:52.693904+00:00", "data": {"market": "0x97d9efae9a1242a8a03dbcc185a8b86bd305d6d46b3f24ca1a4aca3fa9a6212e", "price_changes": [{"asset_id": "108294337269786211232053551884711256636202429160499226202163015019758017901843", "price": "0.01", "size": "10139", "side": "BUY", "hash": "4e455d64bded753a94d6a732fb5b47b348253218", "best_bid": "0.14", "best_ask": "0.97"}, {"asset_id": "104261134120343853622280944278231007806923775273920625091535282621751091388993", "price": "0.99", "size": "10139", "side": "SELL", "hash": "b38b9693ee0973d1d1c2484bb4cab41f50cf00ba", "best_bid": "0.03", "best_ask": "0.86"}], "timestamp": "1769384452623", "event_type": "price_change"}}
{"_local_timestamp": "2026-01-25T23:40:52.722029+00:00", "data": {"market": "0x9a0de7353469fc7af319897a8a494334b8a286d5cd8ec4b4edb6b3445a4b1597", "price_changes": [{"asset_id": "43697661106139132419773585187886106203320732906584708348798041358649329039252", "price": "0.03", "size": "31.66", "side": "BUY", "hash": "fb79a390676777e0bd943ad72a924d287f54b0ec", "best_bid": "0.03", "best_ask": "0.76"}, {"asset_id": "82448464534710566057881902879012276545801914494658997880647276477323315813986", "price": "0.97", "size": "31.66", "side": "SELL", "hash": "b71b5603c8d401b2956bf048e8e6f3e49926bdd3", "best_bid": "0.24", "best_ask": "0.97"}], "timestamp": "1769384452644", "event_type": "price_change"}}
{"_local_timestamp": "2026-01-25T23:40:52.745998+00:00", "data": {"market": "0x9a0de7353469fc7af319897a8a494334b8a286d5cd8ec4b4edb6b3445a4b1597", "price_changes": [{"asset_id": "43697661106139132419773585187886106203320732906584708348798041358649329039252", "price": "0.02", "size": "68.66", "side": "BUY", "hash": "2a7f946bd2587003641fbace0369357ae3d40f62", "best_bid": "0.03", "best_ask": "0.76"}, {"asset_id": "82448464534710566057881902879012276545801914494658997880647276477323315813986", "price": "0.98", "size": "68.66", "side": "SELL", "hash": "ef771f024d11606a72b480fcc517e898cd417f58", "best_bid": "0.24", "best_ask": "0.97"}], "timestamp": "1769384452678", "event_type": "price_change"}}
{"_local_timestamp": "2026-01-25T23:40:52.808153+00:00", "data": {"market": "0xee58cd1c7231995c5ae2a91f48c350a22f87659a302101db4a3df99e6dc3a6ea", "price_changes": [{"asset_id": "7803863184464146993115773330448529218170635474995115952766099510312723003472", "price": "0.01", "size": "54", "side": "BUY", "hash": "76b6dedf59ffc80632b9f7e657ae9d7539dbbf2c", "best_bid": "0.03", "best_ask": "0.86"}, {"asset_id": "21283325371787731209365391554654959446978032764029860917798309525771402585583", "price": "0.99", "size": "54", "side": "SELL", "hash": "1500f13cab3466b80f7ee980203bbd3ae8636353", "best_bid": "0.14", "best_ask": "0.97"}], "timestamp": "1769384452742", "event_type": "price_change"}}
{"_local_timestamp": "2026-01-25T23:40:52.965132+00:00", "data": {"market": "0xee58cd1c7231995c5ae2a91f48c350a22f87659a302101db4a3df99e6dc3a6ea", "price_changes": [{"asset_id": "21283325371787731209365391554654959446978032764029860917798309525771402585583", "price": "0.15", "size": "66.66", "side": "BUY", "hash": "d45c59eb0c4386870e8c88bdb0f7f82911b7f29e", "best_bid": "0.15", "best_ask": "0.97"}, {"asset_id": "7803863184464146993115773330448529218170635474995115952766099510312723003472", "price": "0.85", "size": "66.66", "side": "SELL", "hash": "0d0bd39cb059c95b1649a4d2e4ff7a7f07110d8e", "best_bid": "0.03", "best_ask": "0.85"}], "timestamp": "1769384452895", "event_type": "price_change"}}
{"_local_timestamp": "2026-01-25T23:40:52.990406+00:00", "data": {"market": "0xee58cd1c7231995c5ae2a91f48c350a22f87659a302101db4a3df99e6dc3a6ea", "price_changes": [{"asset_id": "21283325371787731209365391554654959446978032764029860917798309525771402585583", "price": "0.14", "size": "63", "side": "BUY", "hash": "5ffd906871fde5b5b6df60625e8c266c953342c9", "best_bid": "0.15", "best_ask": "0.97"}, {"asset_id": "7803863184464146993115773330448529218170635474995115952766099510312723003472", "price": "0.86", "size": "63", "side": "SELL", "hash": "3482be20626e3c23e8411a4e44f3f788f78e4400", "best_bid": "0.03", "best_ask": "0.85"}], "timestamp": "1769384452919", "event_type": "price_change"}}
{"_local_timestamp": "2026-01-25T23:40:53.039647+00:00", "data": {"market": "0xfe9d1a32b46991e6895baece1bf6bb1467b814a28aefd6f33f13c6ba91b8d3c9", "price_changes": [{"asset_id": "57979481369976477405471459370425139763472501428373244029900741691432131403521", "price": "0.13", "size": "86.66", "side": "BUY", "hash": "c705fbaa91b015662c3275f804afcc3f22f7ca53", "best_bid": "0.13", "best_ask": "0.96"}, {"asset_id": "71990823545476172057397539228999083435242402644332688321711165550800328090716", "price": "0.87", "size": "86.66", "side": "SELL", "hash": "bcba1dc6e4d3ff21dd19773cce2e04c6c31b856e", "best_bid": "0.04", "best_ask": "0.87"}], "timestamp": "1769384452969", "event_type": "price_change"}}
{"_local_timestamp": "2026-01-25T23:40:53.174760+00:00", "data": {"market": "0xc20bd18955fdcaea6f4f20c37d84d5388e91fc4638490ca4facf8be523dc6c13", "price_changes": [{"asset_id": "40380829381795973958306409949439163717944979125745463341977071152902853169349", "price": "0.07", "size": "0", "side": "BUY", "hash": "9b9f6bfa2f024df01ba6953f566188f58fb17882", "best_bid": "0.25", "best_ask": "0.97"}, {"asset_id": "89373461182969289579845172492872922158629123151223268658038449652837405119276", "price": "0.93", "size": "0", "side": "SELL", "hash": "b76cbaf6a3da04c6d5155577196d17eb17a78236", "best_bid": "0.03", "best_ask": "0.75"}], "timestamp": "1769384453097", "event_type": "price_change"}}
{"_local_timestamp": "2026-01-25T23:40:53.175720+00:00", "data": {"market": "0x949c8c782beaf0d71a8ddc42ce5c0d0bfe3ec3c6ae5a7f94daea10850e8c570d", "price_changes": [{"asset_id": "87159419841688319639364568112345975815517805746054836624129542662189383490979", "price": "0.07", "size": "0", "side": "BUY", "hash": "d33d69a043ac7f094a3c3635df65530da8e114ec", "best_bid": "0.23", "best_ask": "0.97"}, {"asset_id": "30539481741900915205478863896530423654330693287078895672964604758297530843731", "price": "0.93", "size": "0", "side": "SELL", "hash": "a1b1ac1e32feeb79e71e938fbe897d6da747adef", "best_bid": "0.03", "best_ask": "0.77"}], "timestamp": "1769384453097", "event_type": "price_change"}}
{"_local_timestamp": "2026-01-25T23:40:53.176531+00:00", "data": {"market": "0xee58cd1c7231995c5ae2a91f48c350a22f87659a302101db4a3df99e6dc3a6ea", "price_changes": [{"asset_id": "21283325371787731209365391554654959446978032764029860917798309525771402585583", "price": "0.1", "size": "375", "side": "BUY", "hash": "2efa5c8e7041b4e1c9026ce4c7a277c30082e32f", "best_bid": "0.15", "best_ask": "0.97"}, {"asset_id": "7803863184464146993115773330448529218170635474995115952766099510312723003472", "price": "0.9", "size": "375", "side": "SELL", "hash": "f166671e2f32f76063fba950cf81231d63809d16", "best_bid": "0.03", "best_ask": "0.85"}], "timestamp": "1769384453097", "event_type": "price_change"}}
{"_local_timestamp": "2026-01-25T23:40:53.198597+00:00", "data": {"market": "0xee58cd1c7231995c5ae2a91f48c350a22f87659a302101db4a3df99e6dc3a6ea", "price_changes": [{"asset_id": "21283325371787731209365391554654959446978032764029860917798309525771402585583", "price": "0.15", "size": "86.66", "side": "BUY", "hash": "7d9b7cf6aeb43ab5f128c6932cace7af75e0b67e", "best_bid": "0.15", "best_ask": "0.97"}, {"asset_id": "7803863184464146993115773330448529218170635474995115952766099510312723003472", "price": "0.85", "size": "86.66", "side": "SELL", "hash": "9801d0f4f43c18ff4545ebb332f9418fabc20727", "best_bid": "0.03", "best_ask": "0.85"}], "timestamp": "1769384453120", "event_type": "price_change"}}
{"_local_timestamp": "2026-01-25T23:40:53.205833+00:00", "data": {"market": "0xee58cd1c7231995c5ae2a91f48c350a22f87659a302101db4a3df99e6dc3a6ea", "price_changes": [{"asset_id": "21283325371787731209365391554654959446978032764029860917798309525771402585583", "price": "0.11", "size": "20", "side": "BUY", "hash": "9e0ece51b8a99e989b13d35cfc32758ee51c5fde", "best_bid": "0.15", "best_ask": "0.97"}, {"asset_id": "7803863184464146993115773330448529218170635474995115952766099510312723003472", "price": "0.89", "size": "20", "side": "SELL", "hash": "599937dd7c063ca9de77a45b33065b6b258d1677", "best_bid": "0.03", "best_ask": "0.85"}], "timestamp": "1769384453127", "event_type": "price_change"}}
{"_local_timestamp": "2026-01-25T23:40:53.208489+00:00", "data": {"market": "0xc20bd18955fdcaea6f4f20c37d84d5388e91fc4638490ca4facf8be523dc6c13", "price_changes": [{"asset_id": "40380829381795973958306409949439163717944979125745463341977071152902853169349", "price": "0.11", "size": "20", "side": "BUY", "hash": "1303913deb942b03c7e0abff611d24dd529d1b98", "best_bid": "0.25", "best_ask": "0.97"}, {"asset_id": "89373461182969289579845172492872922158629123151223268658038449652837405119276", "price": "0.89", "size": "20", "side": "SELL", "hash": "7dbb7e7493d0cfaf6b7b6cf93b221aa28d0d00fd", "best_bid": "0.03", "best_ask": "0.75"}], "timestamp": "1769384453127", "event_type": "price_change"}}
{"_local_timestamp": "2026-01-25T23:40:53.210197+00:00", "data": {"market": "0x949c8c782beaf0d71a8ddc42ce5c0d0bfe3ec3c6ae5a7f94daea10850e8c570d", "price_changes": [{"asset_id": "87159419841688319639364568112345975815517805746054836624129542662189383490979", "price": "0.11", "size": "20", "side": "BUY", "hash": "eae5ba9f5b16ba887f3e9200beea1e7b964d59e3", "best_bid": "0.23", "best_ask": "0.97"}, {"asset_id": "30539481741900915205478863896530423654330693287078895672964604758297530843731", "price": "0.89", "size": "20", "side": "SELL", "hash": "d1dcdd37ff7435e8d3b3fab348eb88bb2f2cce09", "best_bid": "0.03", "best_ask": "0.77"}], "timestamp": "1769384453127", "event_type": "price_change"}}
{"_local_timestamp": "2026-01-25T23:41:12.068228+00:00", "data": {"market": "0xfe9d1a32b46991e6895baece1bf6bb1467b814a28aefd6f33f13c6ba91b8d3c9", "price_changes": [{"asset_id": "57979481369976477405471459370425139763472501428373244029900741691432131403521", "price": "0.11", "size": "0", "side": "BUY", "hash": "c04e7af506e399896866255c3f8ef0974767dd15", "best_bid": "0.13", "best_ask": "0.96"}, {"asset_id": "71990823545476172057397539228999083435242402644332688321711165550800328090716", "price": "0.89", "size": "0", "side": "SELL", "hash": "4b3392997e14d2cc9de4cb66bd6c55dda9e9bf7d", "best_bid": "0.04", "best_ask": "0.87"}], "timestamp": "1769384471954", "event_type": "price_change"}}
{"_local_timestamp": "2026-01-25T23:41:12.195226+00:00", "data": {"market": "0xfe9d1a32b46991e6895baece1bf6bb1467b814a28aefd6f33f13c6ba91b8d3c9", "price_changes": [{"asset_id": "57979481369976477405471459370425139763472501428373244029900741691432131403521", "price": "0.1", "size": "385", "side": "BUY", "hash": "2f8cd59be75b90dfa372987b544006151605ce89", "best_bid": "0.13", "best_ask": "0.96"}, {"asset_id": "71990823545476172057397539228999083435242402644332688321711165550800328090716", "price": "0.9", "size": "385", "side": "SELL", "hash": "547057ec8a578372db99d06ff1df940d1a89c6ac", "best_bid": "0.04", "best_ask": "0.87"}], "timestamp": "1769384472063", "event_type": "price_change"}}
{"_local_timestamp": "2026-01-25T23:41:32.295303+00:00", "data": {"market": "0xfe9d1a32b46991e6895baece1bf6bb1467b814a28aefd6f33f13c6ba91b8d3c9", "price_changes": [{"asset_id": "57979481369976477405471459370425139763472501428373244029900741691432131403521", "price": "0.04", "size": "2591", "side": "BUY", "hash": "523d19aa840ac6099c8c07e2859354865a8f0ef4", "best_bid": "0.13", "best_ask": "0.96"}, {"asset_id": "71990823545476172057397539228999083435242402644332688321711165550800328090716", "price": "0.96", "size": "2591", "side": "SELL", "hash": "33ad631e078b9f1986bad167e4e771ffcb3186ea", "best_bid": "0.04", "best_ask": "0.87"}], "timestamp": "1769384492125", "event_type": "price_change"}}
{"_local_timestamp": "2026-01-25T23:41:49.096939+00:00", "data": {"market": "0xee58cd1c7231995c5ae2a91f48c350a22f87659a302101db4a3df99e6dc3a6ea", "price_changes": [{"asset_id": "7803863184464146993115773330448529218170635474995115952766099510312723003472", "price": "0.02", "size": "0", "side": "BUY", "hash": "81dd160b9a9d7e839056036f525f752cdfcc5d2b", "best_bid": "0.03", "best_ask": "0.85"}, {"asset_id": "21283325371787731209365391554654959446978032764029860917798309525771402585583", "price": "0.98", "size": "0", "side": "SELL", "hash": "de44df70b5dd0e1193bb2305989fc1ba6197dd2a", "best_bid": "0.15", "best_ask": "0.97"}], "timestamp": "1769384508979", "event_type": "price_change"}}
{"_local_timestamp": "2026-01-25T23:41:49.154557+00:00", "data": {"market": "0xee58cd1c7231995c5ae2a91f48c350a22f87659a302101db4a3df99e6dc3a6ea", "price_changes": [{"asset_id": "7803863184464146993115773330448529218170635474995115952766099510312723003472", "price": "0.01", "size": "64", "side": "BUY", "hash": "60de915ad0982082e1b04a523e5e03bcd78794a5", "best_bid": "0.03", "best_ask": "0.85"}, {"asset_id": "21283325371787731209365391554654959446978032764029860917798309525771402585583", "price": "0.99", "size": "64", "side": "SELL", "hash": "4f17cfffde14664c2fabf00962d4dc8bb4f33a6d", "best_bid": "0.15", "best_ask": "0.97"}], "timestamp": "1769384509030", "event_type": "price_change"}}
{"_local_timestamp": "2026-01-25T23:41:49.190347+00:00", "data": {"market": "0xee58cd1c7231995c5ae2a91f48c350a22f87659a302101db4a3df99e6dc3a6ea", "price_changes": [{"asset_id": "21283325371787731209365391554654959446978032764029860917798309525771402585583", "price": "0.12", "size": "0", "side": "BUY", "hash": "dff0c01cffd311fb760f6142bec502427a78d88d", "best_bid": "0.15", "best_ask": "0.97"}, {"asset_id": "7803863184464146993115773330448529218170635474995115952766099510312723003472", "price": "0.88", "size": "0", "side": "SELL", "hash": "bbee4a61e44405eb6adea1002a638709336d020a", "best_bid": "0.03", "best_ask": "0.85"}], "timestamp": "1769384509120", "event_type": "price_change"}}
{"_local_timestamp": "2026-01-25T23:41:49.308842+00:00", "data": {"market": "0xee58cd1c7231995c5ae2a91f48c350a22f87659a302101db4a3df99e6dc3a6ea", "price_changes": [{"asset_id": "21283325371787731209365391554654959446978032764029860917798309525771402585583", "price": "0.11", "size": "30", "side": "BUY", "hash": "995211b6362aaded94205ca062c0e1989691c20e", "best_bid": "0.15", "best_ask": "0.97"}, {"asset_id": "7803863184464146993115773330448529218170635474995115952766099510312723003472", "price": "0.89", "size": "30", "side": "SELL", "hash": "63e8b70006a08cb364913cd2766c12827958ad5a", "best_bid": "0.03", "best_ask": "0.85"}], "timestamp": "1769384509227", "event_type": "price_change"}}
{"_local_timestamp": "2026-01-25T23:41:49.537750+00:00", "data": {"market": "0x9a0de7353469fc7af319897a8a494334b8a286d5cd8ec4b4edb6b3445a4b1597", "price_changes": [{"asset_id": "82448464534710566057881902879012276545801914494658997880647276477323315813986", "price": "0.12", "size": "66.66", "side": "BUY", "hash": "fcc86639498860e4e59deb7db624f7bba6a44c4a", "best_bid": "0.24", "best_ask": "0.97"}, {"asset_id": "43697661106139132419773585187886106203320732906584708348798041358649329039252", "price": "0.88", "size": "66.66", "side": "SELL", "hash": "5fd68b1f7ba071e2180f98aa0119da10379b1457", "best_bid": "0.03", "best_ask": "0.76"}], "timestamp": "1769384509467", "event_type": "price_change"}}
{"_local_timestamp": "2026-01-25T23:41:49.684943+00:00", "data": {"market": "0x9a0de7353469fc7af319897a8a494334b8a286d5cd8ec4b4edb6b3445a4b1597", "price_changes": [{"asset_id": "82448464534710566057881902879012276545801914494658997880647276477323315813986", "price": "0.08", "size": "10", "side": "BUY", "hash": "0d36a1c1fb94abd70d81ea7d5b19c887d0767128", "best_bid": "0.24", "best_ask": "0.97"}, {"asset_id": "43697661106139132419773585187886106203320732906584708348798041358649329039252", "price": "0.92", "size": "10", "side": "SELL", "hash": "18081baba5b39bbfc1d053a888a146010fa5783c", "best_bid": "0.03", "best_ask": "0.76"}], "timestamp": "1769384509620", "event_type": "price_change"}}
{"_local_timestamp": "2026-01-25T23:41:50.339624+00:00", "data": {"market": "0x9a0de7353469fc7af319897a8a494334b8a286d5cd8ec4b4edb6b3445a4b1597", "price_changes": [{"asset_id": "82448464534710566057881902879012276545801914494658997880647276477323315813986", "price": "0.07", "size": "0", "side": "BUY", "hash": "a05dea161ffc1b154c935f7d020eda354697db25", "best_bid": "0.24", "best_ask": "0.97"}, {"asset_id": "43697661106139132419773585187886106203320732906584708348798041358649329039252", "price": "0.93", "size": "0", "side": "SELL", "hash": "11331d8fd40077bcdd0e3e4bba8014d3f5a11e6c", "best_bid": "0.03", "best_ask": "0.76"}], "timestamp": "1769384510258", "event_type": "price_change"}}
{"_local_timestamp": "2026-01-25T23:41:50.360883+00:00", "data": {"market": "0x9a0de7353469fc7af319897a8a494334b8a286d5cd8ec4b4edb6b3445a4b1597", "price_changes": [{"asset_id": "82448464534710566057881902879012276545801914494658997880647276477323315813986", "price": "0.09", "size": "20", "side": "BUY", "hash": "940af139b2feca0100ca95a3d1f1a4c742e677d3", "best_bid": "0.24", "best_ask": "0.97"}, {"asset_id": "43697661106139132419773585187886106203320732906584708348798041358649329039252", "price": "0.91", "size": "20", "side": "SELL", "hash": "014f6f43f6d5de1a456adf0d4673c7968e6a568a", "best_bid": "0.03", "best_ask": "0.76"}], "timestamp": "1769384510283", "event_type": "price_change"}}
{"_local_timestamp": "2026-01-25T23:42:07.335554+00:00", "data": {"market": "0xee58cd1c7231995c5ae2a91f48c350a22f87659a302101db4a3df99e6dc3a6ea", "price_changes": [{"asset_id": "7803863184464146993115773330448529218170635474995115952766099510312723003472", "price": "0.04", "size": "29.99", "side": "BUY", "hash": "3e18395c4fc2b5e5166563a03e97d058b22ad30c", "best_bid": "0.04", "best_ask": "0.85"}, {"asset_id": "21283325371787731209365391554654959446978032764029860917798309525771402585583", "price": "0.96", "size": "29.99", "side": "SELL", "hash": "2424333010cb8f488eeafcc7e94ea965623bc987", "best_bid": "0.15", "best_ask": "0.96"}], "timestamp": "1769384527262", "event_type": "price_change"}}
{"_local_timestamp": "2026-01-25T23:42:10.045307+00:00", "data": {"market": "0xfe9d1a32b46991e6895baece1bf6bb1467b814a28aefd6f33f13c6ba91b8d3c9", "price_changes": [{"asset_id": "57979481369976477405471459370425139763472501428373244029900741691432131403521", "price": "0.09", "size": "0", "side": "BUY", "hash": "b9ff26c5c12c76ec380d71b485e4dde04cccd7f1", "best_bid": "0.13", "best_ask": "0.96"}, {"asset_id": "71990823545476172057397539228999083435242402644332688321711165550800328090716", "price": "0.91", "size": "0", "side": "SELL", "hash": "c3d6d86b1b8ca18a1a6394458a3c814d8d291abe", "best_bid": "0.04", "best_ask": "0.87"}], "timestamp": "1769384529969", "event_type": "price_change"}}
{"_local_timestamp": "2026-01-25T23:42:10.066472+00:00", "data": {"market": "0xfe9d1a32b46991e6895baece1bf6bb1467b814a28aefd6f33f13c6ba91b8d3c9", "price_changes": [{"asset_id": "57979481369976477405471459370425139763472501428373244029900741691432131403521", "price": "0.11", "size": "20", "side": "BUY", "hash": "d6ace28fdace674875fd32c249bf0b78348dad87", "best_bid": "0.13", "best_ask": "0.96"}, {"asset_id": "71990823545476172057397539228999083435242402644332688321711165550800328090716", "price": "0.89", "size": "20", "side": "SELL", "hash": "67f7d4ab1099cf5c674a08250126f313016b73b5", "best_bid": "0.04", "best_ask": "0.87"}], "timestamp": "1769384529996", "event_type": "price_change"}}
{"_local_timestamp": "2026-01-25T23:42:53.571885+00:00", "data": {"market": "0x9a0de7353469fc7af319897a8a494334b8a286d5cd8ec4b4edb6b3445a4b1597", "price_changes": [{"asset_id": "82448464534710566057881902879012276545801914494658997880647276477323315813986", "price": "0.08", "size": "0", "side": "BUY", "hash": "6b4f7072b3f64d8d4b52105aab38b9a08034a0a3", "best_bid": "0.24", "best_ask": "0.97"}, {"asset_id": "43697661106139132419773585187886106203320732906584708348798041358649329039252", "price": "0.92", "size": "0", "side": "SELL", "hash": "7b3bcb67707e12f7df172c6e7775b3c27a7ac949", "best_bid": "0.03", "best_ask": "0.76"}], "timestamp": "1769384573405", "event_type": "price_change"}}
{"_local_timestamp": "2026-01-25T23:42:53.633626+00:00", "data": {"market": "0x9a0de7353469fc7af319897a8a494334b8a286d5cd8ec4b4edb6b3445a4b1597", "price_changes": [{"asset_id": "82448464534710566057881902879012276545801914494658997880647276477323315813986", "price": "0.1", "size": "10", "side": "BUY", "hash": "78d04fb6770cc243563de25ccf0c22fcf3d2d126", "best_bid": "0.24", "best_ask": "0.97"}, {"asset_id": "43697661106139132419773585187886106203320732906584708348798041358649329039252", "price": "0.9", "size": "10", "side": "SELL", "hash": "d25054f2dfe8c6464eba41ec0b5c5353f7610efe", "best_bid": "0.03", "best_ask": "0.76"}], "timestamp": "1769384573455", "event_type": "price_change"}}
{"_local_timestamp": "2026-01-25T23:42:55.234392+00:00", "data": {"market": "0x9a0de7353469fc7af319897a8a494334b8a286d5cd8ec4b4edb6b3445a4b1597", "price_changes": [{"asset_id": "82448464534710566057881902879012276545801914494658997880647276477323315813986", "price": "0.09", "size": "0", "side": "BUY", "hash": "bebd300ac1670e37853e08c6a02abd3ab28b62b6", "best_bid": "0.24", "best_ask": "0.97"}, {"asset_id": "43697661106139132419773585187886106203320732906584708348798041358649329039252", "price": "0.91", "size": "0", "side": "SELL", "hash": "421f3f52ee217e2cdb6f76387c4647063d175da2", "best_bid": "0.03", "best_ask": "0.76"}], "timestamp": "1769384575069", "event_type": "price_change"}}
{"_local_timestamp": "2026-01-25T23:42:55.263724+00:00", "data": {"market": "0x9a0de7353469fc7af319897a8a494334b8a286d5cd8ec4b4edb6b3445a4b1597", "price_changes": [{"asset_id": "82448464534710566057881902879012276545801914494658997880647276477323315813986", "price": "0.11", "size": "20", "side": "BUY", "hash": "6db6d5cefab21fa17cfdb3800413c1c80ed56864", "best_bid": "0.24", "best_ask": "0.97"}, {"asset_id": "43697661106139132419773585187886106203320732906584708348798041358649329039252", "price": "0.89", "size": "20", "side": "SELL", "hash": "433ec7afe3a5adefd7e0403dcb30df07d163e178", "best_bid": "0.03", "best_ask": "0.76"}], "timestamp": "1769384575098", "event_type": "price_change"}}
{"_local_timestamp": "2026-01-25T23:42:56.716763+00:00", "data": {"market": "0x9a0de7353469fc7af319897a8a494334b8a286d5cd8ec4b4edb6b3445a4b1597", "price_changes": [{"asset_id": "82448464534710566057881902879012276545801914494658997880647276477323315813986", "price": "0.04", "size": "2620.99", "side": "BUY", "hash": "10933ccc66f1d204dc5eb32bb91e2f758651f834", "best_bid": "0.24", "best_ask": "0.97"}, {"asset_id": "43697661106139132419773585187886106203320732906584708348798041358649329039252", "price": "0.96", "size": "2620.99", "side": "SELL", "hash": "a5c576dc47074012a0ca75bc361aec6ef63a7443", "best_bid": "0.03", "best_ask": "0.76"}], "timestamp": "1769384576518", "event_type": "price_change"}}
{"_local_timestamp": "2026-01-25T23:43:30.558494+00:00", "data": {"market": "0xee58cd1c7231995c5ae2a91f48c350a22f87659a302101db4a3df99e6dc3a6ea", "price_changes": [{"asset_id": "7803863184464146993115773330448529218170635474995115952766099510312723003472", "price": "0.01", "size": "37", "side": "BUY", "hash": "48fdca9b5bc6242caf3fdf0b94082c1a028547a3", "best_bid": "0.04", "best_ask": "0.85"}, {"asset_id": "21283325371787731209365391554654959446978032764029860917798309525771402585583", "price": "0.99", "size": "37", "side": "SELL", "hash": "821151c51e06a9b791a36ddecacc1f1fdf2b63c5", "best_bid": "0.15", "best_ask": "0.96"}], "timestamp": "1769384610487", "event_type": "price_change"}}
{"_local_timestamp": "2026-01-25T23:43:30.559702+00:00", "data": {"market": "0x97d9efae9a1242a8a03dbcc185a8b86bd305d6d46b3f24ca1a4aca3fa9a6212e", "price_changes": [{"asset_id": "108294337269786211232053551884711256636202429160499226202163015019758017901843", "price": "0.01", "size": "10066.66", "side": "BUY", "hash": "22c383be3ed1b87087533453312986101b92d797", "best_bid": "0.14", "best_ask": "0.97"}, {"asset_id": "104261134120343853622280944278231007806923775273920625091535282621751091388993", "price": "0.99", "size": "10066.66", "side": "SELL", "hash": "609186672052d508ea06d9663def716006b5e046", "best_bid": "0.03", "best_ask": "0.86"}], "timestamp": "1769384610487", "event_type": "price_change"}}
{"_local_timestamp": "2026-01-25T23:43:31.400563+00:00", "data": {"market": "0xee58cd1c7231995c5ae2a91f48c350a22f87659a302101db4a3df99e6dc3a6ea", "price_changes": [{"asset_id": "7803863184464146993115773330448529218170635474995115952766099510312723003472", "price": "0.05", "size": "27", "side": "BUY", "hash": "ce6903b587a793f2d9e2ad7a64422751db368c19", "best_bid": "0.05", "best_ask": "0.85"}, {"asset_id": "21283325371787731209365391554654959446978032764029860917798309525771402585583", "price": "0.95", "size": "27", "side": "SELL", "hash": "ae0cdec426e12820c7355cf43824cd553611022e", "best_bid": "0.15", "best_ask": "0.95"}], "timestamp": "1769384611326", "event_type": "price_change"}}
{"_local_timestamp": "2026-01-25T23:43:31.455814+00:00", "data": {"market": "0x97d9efae9a1242a8a03dbcc185a8b86bd305d6d46b3f24ca1a4aca3fa9a6212e", "price_changes": [{"asset_id": "108294337269786211232053551884711256636202429160499226202163015019758017901843", "price": "0.15", "size": "66.66", "side": "BUY", "hash": "4c686fee54cbc0c26bdbf8399129c8a234568769", "best_bid": "0.15", "best_ask": "0.97"}, {"asset_id": "104261134120343853622280944278231007806923775273920625091535282621751091388993", "price": "0.85", "size": "66.66", "side": "SELL", "hash": "8ba3a7ba31bd448c632fcfac75793efc391093eb", "best_bid": "0.03", "best_ask": "0.85"}], "timestamp": "1769384611378", "event_type": "price_change"}}
{"_local_timestamp": "2026-01-25T23:43:31.471617+00:00", "data": {"market": "0x97d9efae9a1242a8a03dbcc185a8b86bd305d6d46b3f24ca1a4aca3fa9a6212e", "price_changes": [{"asset_id": "108294337269786211232053551884711256636202429160499226202163015019758017901843", "price": "0.14", "size": "0", "side": "BUY", "hash": "768a9e73149650cd2b52c97da5813dacefe49910", "best_bid": "0.15", "best_ask": "0.97"}, {"asset_id": "104261134120343853622280944278231007806923775273920625091535282621751091388993", "price": "0.86", "size": "0", "side": "SELL", "hash": "46680e1fbc9e2daee1bcb75429b7db1c089e9581", "best_bid": "0.03", "best_ask": "0.85"}], "timestamp": "1769384611399", "event_type": "price_change"}}
{"_local_timestamp": "2026-01-25T23:43:31.502743+00:00", "data": {"market": "0x97d9efae9a1242a8a03dbcc185a8b86bd305d6d46b3f24ca1a4aca3fa9a6212e", "price_changes": [{"asset_id": "108294337269786211232053551884711256636202429160499226202163015019758017901843", "price": "0.16", "size": "20", "side": "BUY", "hash": "dd838c4a61aa8e3812563a673181e6c898323d5e", "best_bid": "0.16", "best_ask": "0.97"}, {"asset_id": "104261134120343853622280944278231007806923775273920625091535282621751091388993", "price": "0.84", "size": "20", "side": "SELL", "hash": "d79eaa532aea385e7f61a778f9ba9defbc7b6e53", "best_bid": "0.03", "best_ask": "0.84"}], "timestamp": "1769384611429", "event_type": "price_change"}}
{"_local_timestamp": "2026-01-25T23:43:33.685662+00:00", "data": {"market": "0x949c8c782beaf0d71a8ddc42ce5c0d0bfe3ec3c6ae5a7f94daea10850e8c570d", "price_changes": [{"asset_id": "87159419841688319639364568112345975815517805746054836624129542662189383490979", "price": "0.11", "size": "0", "side": "BUY", "hash": "20ff21fe26be34f62f043710e3079168b5861c2e", "best_bid": "0.23", "best_ask": "0.97"}, {"asset_id": "30539481741900915205478863896530423654330693287078895672964604758297530843731", "price": "0.89", "size": "0", "side": "SELL", "hash": "e26e79fc6841444ead7989fe9dc36b19a8ee4b43", "best_bid": "0.03", "best_ask": "0.77"}], "timestamp": "1769384613618", "event_type": "price_change"}}
{"_local_timestamp": "2026-01-25T23:43:33.686703+00:00", "data": {"market": "0x9a0de7353469fc7af319897a8a494334b8a286d5cd8ec4b4edb6b3445a4b1597", "price_changes": [{"asset_id": "82448464534710566057881902879012276545801914494658997880647276477323315813986", "price": "0.11", "size": "0", "side": "BUY", "hash": "e240941d1d12d8fbe2d196fb45aaffd2d7c26b2b", "best_bid": "0.24", "best_ask": "0.97"}, {"asset_id": "43697661106139132419773585187886106203320732906584708348798041358649329039252", "price": "0.89", "size": "0", "side": "SELL", "hash": "f7a236de236f03dafc877bf0cf0b18f0669e7316", "best_bid": "0.03", "best_ask": "0.76"}], "timestamp": "1769384613618", "event_type": "price_change"}}
{"_local_timestamp": "2026-01-25T23:43:33.712919+00:00", "data": {"market": "0x9a0de7353469fc7af319897a8a494334b8a286d5cd8ec4b4edb6b3445a4b1597", "price_changes": [{"asset_id": "82448464534710566057881902879012276545801914494658997880647276477323315813986", "price": "0.13", "size": "20", "side": "BUY", "hash": "9076b9dd8691e36b1087fc118028029b578eb655", "best_bid": "0.24", "best_ask": "0.97"}, {"asset_id": "43697661106139132419773585187886106203320732906584708348798041358649329039252", "price": "0.87", "size": "20", "side": "SELL", "hash": "5edb1d746fbcb8c09455b87b28d103351db2da22", "best_bid": "0.03", "best_ask": "0.76"}], "timestamp": "1769384613646", "event_type": "price_change"}}
{"_local_timestamp": "2026-01-25T23:43:33.718052+00:00", "data": {"market": "0x949c8c782beaf0d71a8ddc42ce5c0d0bfe3ec3c6ae5a7f94daea10850e8c570d", "price_changes": [{"asset_id": "87159419841688319639364568112345975815517805746054836624129542662189383490979", "price": "0.13", "size": "25", "side": "BUY", "hash": "2510ebfa34417691a44761742c5853fa57493f7c", "best_bid": "0.23", "best_ask": "0.97"}, {"asset_id": "30539481741900915205478863896530423654330693287078895672964604758297530843731", "price": "0.87", "size": "25", "side": "SELL", "hash": "38a43b91dbbbded83dcdd5585987868b2d100e74", "best_bid": "0.03", "best_ask": "0.77"}], "timestamp": "1769384613646", "event_type": "price_change"}}
{"_local_timestamp": "2026-01-25T23:43:34.694080+00:00", "data": {"market": "0xee58cd1c7231995c5ae2a91f48c350a22f87659a302101db4a3df99e6dc3a6ea", "price_changes": [{"asset_id": "7803863184464146993115773330448529218170635474995115952766099510312723003472", "price": "0.04", "size": "0", "side": "BUY", "hash": "97228b5b9ec7aa9e94cf8be4c503a3de205c703a", "best_bid": "0.05", "best_ask": "0.85"}, {"asset_id": "21283325371787731209365391554654959446978032764029860917798309525771402585583", "price": "0.96", "size": "0", "side": "SELL", "hash": "ba37487957539b71dd43dd8aa60f161c2a97ee05", "best_bid": "0.15", "best_ask": "0.95"}], "timestamp": "1769384614624", "event_type": "price_change"}}
{"_local_timestamp": "2026-01-25T23:43:39.488002+00:00", "data": {"market": "0xfe9d1a32b46991e6895baece1bf6bb1467b814a28aefd6f33f13c6ba91b8d3c9", "price_changes": [{"asset_id": "57979481369976477405471459370425139763472501428373244029900741691432131403521", "price": "0.14", "size": "39", "side": "BUY", "hash": "998b4589fe90f291c6eaf68d0bbc5d0dc35097ab", "best_bid": "0.14", "best_ask": "0.96"}, {"asset_id": "71990823545476172057397539228999083435242402644332688321711165550800328090716", "price": "0.86", "size": "39", "side": "SELL", "hash": "9b551447b0942ae67450efe551a6c7f7ef5b65ed", "best_bid": "0.04", "best_ask": "0.86"}], "timestamp": "1769384619413", "event_type": "price_change"}}
{"_local_timestamp": "2026-01-25T23:43:39.506430+00:00", "data": {"market": "0xfe9d1a32b46991e6895baece1bf6bb1467b814a28aefd6f33f13c6ba91b8d3c9", "price_changes": [{"asset_id": "57979481369976477405471459370425139763472501428373244029900741691432131403521", "price": "0.13", "size": "66.66", "side": "BUY", "hash": "38d07b45935920a9caaf470bb78142aa4377914d", "best_bid": "0.14", "best_ask": "0.96"}, {"asset_id": "71990823545476172057397539228999083435242402644332688321711165550800328090716", "price": "0.87", "size": "66.66", "side": "SELL", "hash": "b241c40e666644907a1d81996f107cb145fca34a", "best_bid": "0.04", "best_ask": "0.86"}], "timestamp": "1769384619436", "event_type": "price_change"}}
{"_local_timestamp": "2026-01-25T23:43:39.525963+00:00", "data": {"market": "0xfe9d1a32b46991e6895baece1bf6bb1467b814a28aefd6f33f13c6ba91b8d3c9", "price_changes": [{"asset_id": "57979481369976477405471459370425139763472501428373244029900741691432131403521", "price": "0.16", "size": "20", "side": "BUY", "hash": "158895cc1f2b61c7b43c5a61268f11bc7f6d6394", "best_bid": "0.16", "best_ask": "0.96"}, {"asset_id": "71990823545476172057397539228999083435242402644332688321711165550800328090716", "price": "0.84", "size": "20", "side": "SELL", "hash": "b123ddd7416ec6f42d85a1213fda2eadaf124d7e", "best_bid": "0.04", "best_ask": "0.84"}], "timestamp": "1769384619457", "event_type": "price_change"}}
{"_local_timestamp": "2026-01-25T23:43:46.500098+00:00", "data": {"market": "0x9a0de7353469fc7af319897a8a494334b8a286d5cd8ec4b4edb6b3445a4b1597", "price_changes": [{"asset_id": "82448464534710566057881902879012276545801914494658997880647276477323315813986", "price": "0.1", "size": "0", "side": "BUY", "hash": "1b92c392a31fa9dbd20b9c5e2479d7e1c986f3c8", "best_bid": "0.24", "best_ask": "0.97"}, {"asset_id": "43697661106139132419773585187886106203320732906584708348798041358649329039252", "price": "0.9", "size": "0", "side": "SELL", "hash": "941fada865acaf4f19662694206ee8c62baa5086", "best_bid": "0.03", "best_ask": "0.76"}], "timestamp": "1769384626432", "event_type": "price_change"}}
{"_local_timestamp": "2026-01-25T23:43:46.615296+00:00", "data": {"market": "0x9a0de7353469fc7af319897a8a494334b8a286d5cd8ec4b4edb6b3445a4b1597", "price_changes": [{"asset_id": "82448464534710566057881902879012276545801914494658997880647276477323315813986", "price": "0.12", "size": "76.66", "side": "BUY", "hash": "794c8f2c2fec670ff6d2e72263c9dcfebe46dfdf", "best_bid": "0.24", "best_ask": "0.97"}, {"asset_id": "43697661106139132419773585187886106203320732906584708348798041358649329039252", "price": "0.88", "size": "76.66", "side": "SELL", "hash": "abb6b124a2e2ce7f51f4e81bf785dd6a2565ea6d", "best_bid": "0.03", "best_ask": "0.76"}], "timestamp": "1769384626548", "event_type": "price_change"}}
{"_local_timestamp": "2026-01-25T23:44:07.858046+00:00", "data": {"market": "0xfe9d1a32b46991e6895baece1bf6bb1467b814a28aefd6f33f13c6ba91b8d3c9", "price_changes": [{"asset_id": "57979481369976477405471459370425139763472501428373244029900741691432131403521", "price": "0.14", "size": "0", "side": "BUY", "hash": "640b59451b4395798967e069e4a1a4b10ec5fb8b", "best_bid": "0.16", "best_ask": "0.96"}, {"asset_id": "71990823545476172057397539228999083435242402644332688321711165550800328090716", "price": "0.86", "size": "0", "side": "SELL", "hash": "878ce6dfd4cf58a5c59332787ea970fe922af3ae", "best_bid": "0.04", "best_ask": "0.84"}], "timestamp": "1769384647788", "event_type": "price_change"}}
{"_local_timestamp": "2026-01-25T23:44:21.613615+00:00", "data": {"market": "0xee58cd1c7231995c5ae2a91f48c350a22f87659a302101db4a3df99e6dc3a6ea", "price_changes": [{"asset_id": "7803863184464146993115773330448529218170635474995115952766099510312723003472", "price": "0.01", "size": "27", "side": "BUY", "hash": "8bdf75540441d4f444899d2803b203188c302795", "best_bid": "0.05", "best_ask": "0.85"}, {"asset_id": "21283325371787731209365391554654959446978032764029860917798309525771402585583", "price": "0.99", "size": "27", "side": "SELL", "hash": "f2e3a2a9a26e96b0c89dab4a8e701414b61c23da", "best_bid": "0.15", "best_ask": "0.95"}], "timestamp": "1769384661454", "event_type": "price_change"}}
{"_local_timestamp": "2026-01-25T23:44:21.661018+00:00", "data": {"market": "0xee58cd1c7231995c5ae2a91f48c350a22f87659a302101db4a3df99e6dc3a6ea", "price_changes": [{"asset_id": "7803863184464146993115773330448529218170635474995115952766099510312723003472", "price": "0.02", "size": "10", "side": "BUY", "hash": "f2a02a1c2cbae105f2ebfd9ddbfd4442ed722e0b", "best_bid": "0.05", "best_ask": "0.85"}, {"asset_id": "21283325371787731209365391554654959446978032764029860917798309525771402585583", "price": "0.98", "size": "10", "side": "SELL", "hash": "0755f7280da2dcb016288f5dc05f8d2911ea9501", "best_bid": "0.15", "best_ask": "0.95"}], "timestamp": "1769384661547", "event_type": "price_change"}}
{"_local_timestamp": "2026-01-25T23:44:34.000696+00:00", "data": {"market": "0xfe9d1a32b46991e6895baece1bf6bb1467b814a28aefd6f33f13c6ba91b8d3c9", "price_changes": [{"asset_id": "57979481369976477405471459370425139763472501428373244029900741691432131403521", "price": "0.1", "size": "375", "side": "BUY", "hash": "9b0ed87b71164144b38083955d1fb78e681b427e", "best_bid": "0.16", "best_ask": "0.96"}, {"asset_id": "71990823545476172057397539228999083435242402644332688321711165550800328090716", "price": "0.9", "size": "375", "side": "SELL", "hash": "a0d1579055b12bab9c127b24aa879854e6255e52", "best_bid": "0.04", "best_ask": "0.84"}], "timestamp": "1769384673934", "event_type": "price_change"}}
{"_local_timestamp": "2026-01-25T23:44:34.134404+00:00", "data": {"market": "0xfe9d1a32b46991e6895baece1bf6bb1467b814a28aefd6f33f13c6ba91b8d3c9", "price_changes": [{"asset_id": "57979481369976477405471459370425139763472501428373244029900741691432131403521", "price": "0.12", "size": "103", "side": "BUY", "hash": "3423afdfe19d9370c35cef3a68d749f4455c05ea", "best_bid": "0.16", "best_ask": "0.96"}, {"asset_id": "71990823545476172057397539228999083435242402644332688321711165550800328090716", "price": "0.88", "size": "103", "side": "SELL", "hash": "f88e28597e35840b8adf49503e719aa3136a5246", "best_bid": "0.04", "best_ask": "0.84"}], "timestamp": "1769384674041", "event_type": "price_change"}}
{"_local_timestamp": "2026-01-25T23:44:38.108349+00:00", "data": {"market": "0x949c8c782beaf0d71a8ddc42ce5c0d0bfe3ec3c6ae5a7f94daea10850e8c570d", "price_changes": [{"asset_id": "87159419841688319639364568112345975815517805746054836624129542662189383490979", "price": "0.12", "size": "66.66", "side": "BUY", "hash": "159409efeac601633284129e86ac8add868dfcd5", "best_bid": "0.23", "best_ask": "0.97"}, {"asset_id": "30539481741900915205478863896530423654330693287078895672964604758297530843731", "price": "0.88", "size": "66.66", "side": "SELL", "hash": "f39808b947d231678530ef7522cce9e99ead132a", "best_bid": "0.03", "best_ask": "0.77"}], "timestamp": "1769384678011", "event_type": "price_change"}}
{"_local_timestamp": "2026-01-25T23:44:38.109351+00:00", "data": {"market": "0x949c8c782beaf0d71a8ddc42ce5c0d0bfe3ec3c6ae5a7f94daea10850e8c570d", "price_changes": [{"asset_id": "30539481741900915205478863896530423654330693287078895672964604758297530843731", "price": "0.01", "size": "59.56", "side": "BUY", "hash": "5688546f496f2a8f6c307e717ee478d3e87ae766", "best_bid": "0.03", "best_ask": "0.77"}, {"asset_id": "87159419841688319639364568112345975815517805746054836624129542662189383490979", "price": "0.99", "size": "59.56", "side": "SELL", "hash": "701d4247266750d9adb8e1ed1c7ce23ef2a268fb", "best_bid": "0.23", "best_ask": "0.97"}], "timestamp": "1769384678012", "event_type": "price_change"}}
{"_local_timestamp": "2026-01-25T23:46:16.306014+00:00", "data": {"market": "0xfe9d1a32b46991e6895baece1bf6bb1467b814a28aefd6f33f13c6ba91b8d3c9", "price_changes": [{"asset_id": "57979481369976477405471459370425139763472501428373244029900741691432131403521", "price": "0.13", "size": "0", "side": "BUY", "hash": "81111c9da3af7f489f6f8be99724b69f28023a25", "best_bid": "0.16", "best_ask": "0.96"}, {"asset_id": "71990823545476172057397539228999083435242402644332688321711165550800328090716", "price": "0.87", "size": "0", "side": "SELL", "hash": "0f87ec451bb23d9bee7ecdb608d1d0e651fb34b0", "best_bid": "0.04", "best_ask": "0.84"}], "timestamp": "1769384776230", "event_type": "price_change"}}
{"_local_timestamp": "2026-01-25T23:46:16.307016+00:00", "data": {"market": "0x97d9efae9a1242a8a03dbcc185a8b86bd305d6d46b3f24ca1a4aca3fa9a6212e", "price_changes": [{"asset_id": "108294337269786211232053551884711256636202429160499226202163015019758017901843", "price": "0.15", "size": "0", "side": "BUY", "hash": "45bf92b941fafa4cd44340f797b01b704c2d4d7a", "best_bid": "0.16", "best_ask": "0.97"}, {"asset_id": "104261134120343853622280944278231007806923775273920625091535282621751091388993", "price": "0.85", "size": "0", "side": "SELL", "hash": "53d6c40cd935d52a1caf931a21e464310706a923", "best_bid": "0.03", "best_ask": "0.84"}], "timestamp": "1769384776230", "event_type": "price_change"}}
{"_local_timestamp": "2026-01-25T23:46:16.307899+00:00", "data": {"market": "0xee58cd1c7231995c5ae2a91f48c350a22f87659a302101db4a3df99e6dc3a6ea", "price_changes": [{"asset_id": "7803863184464146993115773330448529218170635474995115952766099510312723003472", "price": "0.05", "size": "0", "side": "BUY", "hash": "ecddb79359bd3f15beab036baa3f2bb7a59ac98f", "best_bid": "0.03", "best_ask": "0.85"}, {"asset_id": "21283325371787731209365391554654959446978032764029860917798309525771402585583", "price": "0.95", "size": "0", "side": "SELL", "hash": "f626e6d2e8a4ef4a17d2c7f3ca05aa2cb921f270", "best_bid": "0.15", "best_ask": "0.97"}], "timestamp": "1769384776229", "event_type": "price_change"}}
{"_local_timestamp": "2026-01-25T23:46:16.316223+00:00", "data": {"market": "0xfe9d1a32b46991e6895baece1bf6bb1467b814a28aefd6f33f13c6ba91b8d3c9", "price_changes": [{"asset_id": "57979481369976477405471459370425139763472501428373244029900741691432131403521", "price": "0.16", "size": "0", "side": "BUY", "hash": "8ad6d5dfaa057c1b30ed77fe3afe3387b0562fea", "best_bid": "0.12", "best_ask": "0.96"}, {"asset_id": "71990823545476172057397539228999083435242402644332688321711165550800328090716", "price": "0.84", "size": "0", "side": "SELL", "hash": "fc1f3a8c2a8e0db1c29187709992baf9f2fc7836", "best_bid": "0.04", "best_ask": "0.88"}], "timestamp": "1769384776249", "event_type": "price_change"}}
{"_local_timestamp": "2026-01-25T23:46:16.317280+00:00", "data": {"market": "0x97d9efae9a1242a8a03dbcc185a8b86bd305d6d46b3f24ca1a4aca3fa9a6212e", "price_changes": [{"asset_id": "108294337269786211232053551884711256636202429160499226202163015019758017901843", "price": "0.16", "size": "0", "side": "BUY", "hash": "9db218ff0a1f739ccc3900422dc87f41c74c5c65", "best_bid": "0.09", "best_ask": "0.97"}, {"asset_id": "104261134120343853622280944278231007806923775273920625091535282621751091388993", "price": "0.84", "size": "0", "side": "SELL", "hash": "bf13f75597e13f38aa43f9787c1f456e177f6224", "best_bid": "0.03", "best_ask": "0.91"}], "timestamp": "1769384776249", "event_type": "price_change"}}
{"_local_timestamp": "2026-01-25T23:46:16.348518+00:00", "data": {"market": "0x97d9efae9a1242a8a03dbcc185a8b86bd305d6d46b3f24ca1a4aca3fa9a6212e", "price_changes": [{"asset_id": "108294337269786211232053551884711256636202429160499226202163015019758017901843", "price": "0.13", "size": "20", "side": "BUY", "hash": "28c17e7d107887d6200e2e64f0bf35c6cdd7fd30", "best_bid": "0.13", "best_ask": "0.97"}, {"asset_id": "104261134120343853622280944278231007806923775273920625091535282621751091388993", "price": "0.87", "size": "20", "side": "SELL", "hash": "1df3763238144ba78a3a1b725a7602a10f6c93f9", "best_bid": "0.03", "best_ask": "0.87"}], "timestamp": "1769384776272", "event_type": "price_change"}}
{"_local_timestamp": "2026-01-25T23:46:16.369065+00:00", "data": {"market": "0xfe9d1a32b46991e6895baece1bf6bb1467b814a28aefd6f33f13c6ba91b8d3c9", "price_changes": [{"asset_id": "57979481369976477405471459370425139763472501428373244029900741691432131403521", "price": "0.13", "size": "20", "side": "BUY", "hash": "f381db5915abb19e46ec3d92c451d230afeadd75", "best_bid": "0.13", "best_ask": "0.96"}, {"asset_id": "71990823545476172057397539228999083435242402644332688321711165550800328090716", "price": "0.87", "size": "20", "side": "SELL", "hash": "314ccc3e5039ee469d04e974fba3b69ae06fc23a", "best_bid": "0.04", "best_ask": "0.87"}], "timestamp": "1769384776295", "event_type": "price_change"}}
{"_local_timestamp": "2026-01-25T23:46:16.852870+00:00", "data": {"market": "0x97d9efae9a1242a8a03dbcc185a8b86bd305d6d46b3f24ca1a4aca3fa9a6212e", "price_changes": [{"asset_id": "104261134120343853622280944278231007806923775273920625091535282621751091388993", "price": "0.01", "size": "143.32", "side": "BUY", "hash": "98a051781541bc5e91c1dc5e7c32e0efa3566739", "best_bid": "0.03", "best_ask": "0.87"}, {"asset_id": "108294337269786211232053551884711256636202429160499226202163015019758017901843", "price": "0.99", "size": "143.32", "side": "SELL", "hash": "84990731870048f66c41960bf28006491870adcb", "best_bid": "0.13", "best_ask": "0.97"}], "timestamp": "1769384776783", "event_type": "price_change"}}
{"_local_timestamp": "2026-01-25T23:46:16.955335+00:00", "data": {"market": "0x97d9efae9a1242a8a03dbcc185a8b86bd305d6d46b3f24ca1a4aca3fa9a6212e", "price_changes": [{"asset_id": "108294337269786211232053551884711256636202429160499226202163015019758017901843", "price": "0.08", "size": "76.66", "side": "BUY", "hash": "e63c4cdcc35071d64dca9463e256d6760b02c05e", "best_bid": "0.13", "best_ask": "0.97"}, {"asset_id": "104261134120343853622280944278231007806923775273920625091535282621751091388993", "price": "0.92", "size": "76.66", "side": "SELL", "hash": "e975ba2bbac2811716f3323490c35a3395e0f19a", "best_bid": "0.03", "best_ask": "0.87"}], "timestamp": "1769384776883", "event_type": "price_change"}}
{"_local_timestamp": "2026-01-25T23:46:17.049062+00:00", "data": {"market": "0xee58cd1c7231995c5ae2a91f48c350a22f87659a302101db4a3df99e6dc3a6ea", "price_changes": [{"asset_id": "7803863184464146993115773330448529218170635474995115952766099510312723003472", "price": "0.01", "size": "54", "side": "BUY", "hash": "a790bb1578af4472e9566bfa8d8c7cc9681cdaaf", "best_bid": "0.03", "best_ask": "0.85"}, {"asset_id": "21283325371787731209365391554654959446978032764029860917798309525771402585583", "price": "0.99", "size": "54", "side": "SELL", "hash": "e7388d38fcbd911a902ac944e71b1378633d967c", "best_bid": "0.15", "best_ask": "0.97"}], "timestamp": "1769384776976", "event_type": "price_change"}}
{"_local_timestamp": "2026-01-25T23:46:17.098574+00:00", "data": {"market": "0xfe9d1a32b46991e6895baece1bf6bb1467b814a28aefd6f33f13c6ba91b8d3c9", "price_changes": [{"asset_id": "57979481369976477405471459370425139763472501428373244029900741691432131403521", "price": "0.17", "size": "66.66", "side": "BUY", "hash": "27c1741f462675c15b7efcf39d15a5367e261314", "best_bid": "0.17", "best_ask": "0.96"}, {"asset_id": "71990823545476172057397539228999083435242402644332688321711165550800328090716", "price": "0.83", "size": "66.66", "side": "SELL", "hash": "823529013a618393fd7ee4ddf4df2d042a943901", "best_bid": "0.04", "best_ask": "0.83"}], "timestamp": "1769384776996", "event_type": "price_change"}}
{"_local_timestamp": "2026-01-25T23:46:17.121561+00:00", "data": {"market": "0x97d9efae9a1242a8a03dbcc185a8b86bd305d6d46b3f24ca1a4aca3fa9a6212e", "price_changes": [{"asset_id": "108294337269786211232053551884711256636202429160499226202163015019758017901843", "price": "0.17", "size": "66.66", "side": "BUY", "hash": "98543aa28cec3c3bf5c5054e174e56ceba2f1f8c", "best_bid": "0.17", "best_ask": "0.97"}, {"asset_id": "104261134120343853622280944278231007806923775273920625091535282621751091388993", "price": "0.83", "size": "66.66", "side": "SELL", "hash": "8d5cda2a44ab2f03581f0db6d9b3e21e1698f44d", "best_bid": "0.03", "best_ask": "0.83"}], "timestamp": "1769384777010", "event_type": "price_change"}}
{"_local_timestamp": "2026-01-25T23:46:19.012699+00:00", "data": {"market": "0x949c8c782beaf0d71a8ddc42ce5c0d0bfe3ec3c6ae5a7f94daea10850e8c570d", "price_changes": [{"asset_id": "87159419841688319639364568112345975815517805746054836624129542662189383490979", "price": "0.13", "size": "5", "side": "BUY", "hash": "b1306ad34d384058320501340fb529d4f11413f3", "best_bid": "0.23", "best_ask": "0.97"}, {"asset_id": "30539481741900915205478863896530423654330693287078895672964604758297530843731", "price": "0.87", "size": "5", "side": "SELL", "hash": "994101157563369b65567483463ccb01e1d4849f", "best_bid": "0.03", "best_ask": "0.77"}], "timestamp": "1769384778944", "event_type": "price_change"}}
{"_local_timestamp": "2026-01-25T23:46:19.013717+00:00", "data": {"market": "0xfe9d1a32b46991e6895baece1bf6bb1467b814a28aefd6f33f13c6ba91b8d3c9", "price_changes": [{"asset_id": "57979481369976477405471459370425139763472501428373244029900741691432131403521", "price": "0.11", "size": "0", "side": "BUY", "hash": "bbede0be306e438e50c5780cc0ec33282892050a", "best_bid": "0.17", "best_ask": "0.96"}, {"asset_id": "71990823545476172057397539228999083435242402644332688321711165550800328090716", "price": "0.89", "size": "0", "side": "SELL", "hash": "9f2db28d3d3e2918409b437d8e76051d7479ebd5", "best_bid": "0.04", "best_ask": "0.83"}], "timestamp": "1769384778944", "event_type": "price_change"}}
{"_local_timestamp": "2026-01-25T23:46:19.014603+00:00", "data": {"market": "0x9a0de7353469fc7af319897a8a494334b8a286d5cd8ec4b4edb6b3445a4b1597", "price_changes": [{"asset_id": "82448464534710566057881902879012276545801914494658997880647276477323315813986", "price": "0.13", "size": "0", "side": "BUY", "hash": "17c8b57347adc27a8b0971200bce36185d91d049", "best_bid": "0.24", "best_ask": "0.97"}, {"asset_id": "43697661106139132419773585187886106203320732906584708348798041358649329039252", "price": "0.87", "size": "0", "side": "SELL", "hash": "477da547ce9762074c4f30a5d29ad973623c5708", "best_bid": "0.03", "best_ask": "0.76"}], "timestamp": "1769384778944", "event_type": "price_change"}}
{"_local_timestamp": "2026-01-25T23:46:19.039946+00:00", "data": {"market": "0xfe9d1a32b46991e6895baece1bf6bb1467b814a28aefd6f33f13c6ba91b8d3c9", "price_changes": [{"asset_id": "57979481369976477405471459370425139763472501428373244029900741691432131403521", "price": "0.09", "size": "20", "side": "BUY", "hash": "417f0d6dc534f04536fc5fb733533a5a1c8cea3a", "best_bid": "0.17", "best_ask": "0.96"}, {"asset_id": "71990823545476172057397539228999083435242402644332688321711165550800328090716", "price": "0.91", "size": "20", "side": "SELL", "hash": "bdbf1debc34a1c631199dd8dc2507df21056a574", "best_bid": "0.04", "best_ask": "0.83"}], "timestamp": "1769384778971", "event_type": "price_change"}}
{"_local_timestamp": "2026-01-25T23:46:19.040907+00:00", "data": {"market": "0x9a0de7353469fc7af319897a8a494334b8a286d5cd8ec4b4edb6b3445a4b1597", "price_changes": [{"asset_id": "82448464534710566057881902879012276545801914494658997880647276477323315813986", "price": "0.07", "size": "20", "side": "BUY", "hash": "c561266dce41e53f068edd7a6f74c7597cf8953c", "best_bid": "0.24", "best_ask": "0.97"}, {"asset_id": "43697661106139132419773585187886106203320732906584708348798041358649329039252", "price": "0.93", "size": "20", "side": "SELL", "hash": "622071255ffe00e4905b5c003d881dcd26bcf665", "best_bid": "0.03", "best_ask": "0.76"}], "timestamp": "1769384778971", "event_type": "price_change"}}
{"_local_timestamp": "2026-01-25T23:46:19.041805+00:00", "data": {"market": "0x949c8c782beaf0d71a8ddc42ce5c0d0bfe3ec3c6ae5a7f94daea10850e8c570d", "price_changes": [{"asset_id": "87159419841688319639364568112345975815517805746054836624129542662189383490979", "price": "0.11", "size": "20", "side": "BUY", "hash": "0b252eb224df82e5cf1d7b1302f4794423706dc7", "best_bid": "0.23", "best_ask": "0.97"}, {"asset_id": "30539481741900915205478863896530423654330693287078895672964604758297530843731", "price": "0.89", "size": "20", "side": "SELL", "hash": "59eecb10cd18822199a4db464bb3d077e87fab16", "best_bid": "0.03", "best_ask": "0.77"}], "timestamp": "1769384778971", "event_type": "price_change"}}
{"_local_timestamp": "2026-01-25T23:46:31.088906+00:00", "data": {"market": "0x9a0de7353469fc7af319897a8a494334b8a286d5cd8ec4b4edb6b3445a4b1597", "price_changes": [{"asset_id": "82448464534710566057881902879012276545801914494658997880647276477323315813986", "price": "0.12", "size": "66.66", "side": "BUY", "hash": "ec9aff4929139a14096b31b84456d6e020af12c3", "best_bid": "0.24", "best_ask": "0.97"}, {"asset_id": "43697661106139132419773585187886106203320732906584708348798041358649329039252", "price": "0.88", "size": "66.66", "side": "SELL", "hash": "5439ef58de203d6dbea51324e8970464c11422ea", "best_bid": "0.03", "best_ask": "0.76"}], "timestamp": "1769384790933", "event_type": "price_change"}}
{"_local_timestamp": "2026-01-25T23:46:31.224320+00:00", "data": {"market": "0x9a0de7353469fc7af319897a8a494334b8a286d5cd8ec4b4edb6b3445a4b1597", "price_changes": [{"asset_id": "82448464534710566057881902879012276545801914494658997880647276477323315813986", "price": "0.08", "size": "10", "side": "BUY", "hash": "fea901b7886d5de0ff3f66cff10fc95ccd67fa68", "best_bid": "0.24", "best_ask": "0.97"}, {"asset_id": "43697661106139132419773585187886106203320732906584708348798041358649329039252", "price": "0.92", "size": "10", "side": "SELL", "hash": "f5b0fefaa3f9e953c926e94fc68ba45051d7dbac", "best_bid": "0.03", "best_ask": "0.76"}], "timestamp": "1769384791028", "event_type": "price_change"}}
{"_local_timestamp": "2026-01-25T23:46:32.638895+00:00", "data": {"market": "0x9a0de7353469fc7af319897a8a494334b8a286d5cd8ec4b4edb6b3445a4b1597", "price_changes": [{"asset_id": "82448464534710566057881902879012276545801914494658997880647276477323315813986", "price": "0.07", "size": "0", "side": "BUY", "hash": "1d7a36fb6d2ae6867206737979ec0e59e7ebcf69", "best_bid": "0.24", "best_ask": "0.97"}, {"asset_id": "43697661106139132419773585187886106203320732906584708348798041358649329039252", "price": "0.93", "size": "0", "side": "SELL", "hash": "8515833e56d17d8f7656c6090e987240891d2c55", "best_bid": "0.03", "best_ask": "0.76"}], "timestamp": "1769384792362", "event_type": "price_change"}}
{"_local_timestamp": "2026-01-25T23:46:32.668081+00:00", "data": {"market": "0x9a0de7353469fc7af319897a8a494334b8a286d5cd8ec4b4edb6b3445a4b1597", "price_changes": [{"asset_id": "82448464534710566057881902879012276545801914494658997880647276477323315813986", "price": "0.09", "size": "20", "side": "BUY", "hash": "07ba5663e9a32a2955a6e7025861606a9783c6b4", "best_bid": "0.24", "best_ask": "0.97"}, {"asset_id": "43697661106139132419773585187886106203320732906584708348798041358649329039252", "price": "0.91", "size": "20", "side": "SELL", "hash": "907a692b1c9a8c8f6c8ad31fa1322f9fe1b526e8", "best_bid": "0.03", "best_ask": "0.76"}], "timestamp": "1769384792387", "event_type": "price_change"}}
{"_local_timestamp": "2026-01-25T23:46:48.235059+00:00", "data": {"market": "0x97d9efae9a1242a8a03dbcc185a8b86bd305d6d46b3f24ca1a4aca3fa9a6212e", "price_changes": [{"asset_id": "104261134120343853622280944278231007806923775273920625091535282621751091388993", "price": "0.04", "size": "29.99", "side": "BUY", "hash": "789d10b50ffde24236c8c2fdcf5398ae35de374a", "best_bid": "0.04", "best_ask": "0.83"}, {"asset_id": "108294337269786211232053551884711256636202429160499226202163015019758017901843", "price": "0.96", "size": "29.99", "side": "SELL", "hash": "305a5aafbe460a7857fc499126d3b74c5a043be1", "best_bid": "0.17", "best_ask": "0.96"}], "timestamp": "1769384808043", "event_type": "price_change"}}
{"_local_timestamp": "2026-01-25T23:46:48.236372+00:00", "data": {"market": "0xc20bd18955fdcaea6f4f20c37d84d5388e91fc4638490ca4facf8be523dc6c13", "price_changes": [{"asset_id": "89373461182969289579845172492872922158629123151223268658038449652837405119276", "price": "0.04", "size": "29.99", "side": "BUY", "hash": "cbec13fb15c518e6cc7f19a2105e2e6e82ffc20c", "best_bid": "0.04", "best_ask": "0.75"}, {"asset_id": "40380829381795973958306409949439163717944979125745463341977071152902853169349", "price": "0.96", "size": "29.99", "side": "SELL", "hash": "2cf282ea9dd4e2c060ced50a4d238dd639c1fd86", "best_bid": "0.25", "best_ask": "0.96"}], "timestamp": "1769384808043", "event_type": "price_change"}}
{"_local_timestamp": "2026-01-25T23:46:48.237335+00:00", "data": {"market": "0x9a0de7353469fc7af319897a8a494334b8a286d5cd8ec4b4edb6b3445a4b1597", "price_changes": [{"asset_id": "43697661106139132419773585187886106203320732906584708348798041358649329039252", "price": "0.04", "size": "29.99", "side": "BUY", "hash": "36c2816f73680e5cd861ecf53d19b34978bbe898", "best_bid": "0.04", "best_ask": "0.76"}, {"asset_id": "82448464534710566057881902879012276545801914494658997880647276477323315813986", "price": "0.96", "size": "29.99", "side": "SELL", "hash": "e1bede0b32a87f5cd6df73ce0360a7d0d6399821", "best_bid": "0.24", "best_ask": "0.96"}], "timestamp": "1769384808043", "event_type": "price_change"}}
{"_local_timestamp": "2026-01-25T23:46:48.238293+00:00", "data": {"market": "0x949c8c782beaf0d71a8ddc42ce5c0d0bfe3ec3c6ae5a7f94daea10850e8c570d", "price_changes": [{"asset_id": "30539481741900915205478863896530423654330693287078895672964604758297530843731", "price": "0.04", "size": "29.99", "side": "BUY", "hash": "e4b0da59c926d46250423acc1301f716ce2d31ba", "best_bid": "0.04", "best_ask": "0.77"}, {"asset_id": "87159419841688319639364568112345975815517805746054836624129542662189383490979", "price": "0.96", "size": "29.99", "side": "SELL", "hash": "dc7dd68dee967853a3ef883830b0071f421adaad", "best_bid": "0.23", "best_ask": "0.96"}], "timestamp": "1769384808043", "event_type": "price_change"}}
{"_local_timestamp": "2026-01-25T23:46:48.278786+00:00", "data": {"market": "0x97d9efae9a1242a8a03dbcc185a8b86bd305d6d46b3f24ca1a4aca3fa9a6212e", "price_changes": [{"asset_id": "108294337269786211232053551884711256636202429160499226202163015019758017901843", "price": "0.13", "size": "0", "side": "BUY", "hash": "bb753080d05262b9e074ac3d2c3c3fb7af16b762", "best_bid": "0.17", "best_ask": "0.96"}, {"asset_id": "104261134120343853622280944278231007806923775273920625091535282621751091388993", "price": "0.87", "size": "0", "side": "SELL", "hash": "632ba77199ab025a9f573073b3ef764a145f8958", "best_bid": "0.04", "best_ask": "0.83"}], "timestamp": "1769384808074", "event_type": "price_change"}}
{"_local_timestamp": "2026-01-25T23:46:48.298095+00:00", "data": {"market": "0xfe9d1a32b46991e6895baece1bf6bb1467b814a28aefd6f33f13c6ba91b8d3c9", "price_changes": [{"asset_id": "57979481369976477405471459370425139763472501428373244029900741691432131403521", "price": "0.13", "size": "0", "side": "BUY", "hash": "fac53a21473120151d32e89290403c9c07331fe3", "best_bid": "0.17", "best_ask": "0.96"}, {"asset_id": "71990823545476172057397539228999083435242402644332688321711165550800328090716", "price": "0.87", "size": "0", "side": "SELL", "hash": "9f50160b57fe8aa9e7b07688ef7d21a3f5652471", "best_bid": "0.04", "best_ask": "0.83"}], "timestamp": "1769384808095", "event_type": "price_change"}}
{"_local_timestamp": "2026-01-25T23:46:48.330446+00:00", "data": {"market": "0x97d9efae9a1242a8a03dbcc185a8b86bd305d6d46b3f24ca1a4aca3fa9a6212e", "price_changes": [{"asset_id": "108294337269786211232053551884711256636202429160499226202163015019758017901843", "price": "0.18", "size": "20", "side": "BUY", "hash": "d2fe04bc3802c54bb4939b9a5d7d5a6c46157a24", "best_bid": "0.18", "best_ask": "0.96"}, {"asset_id": "104261134120343853622280944278231007806923775273920625091535282621751091388993", "price": "0.82", "size": "20", "side": "SELL", "hash": "4959d79f70f943b61db3e2ba6c8dea33c93dd65e", "best_bid": "0.04", "best_ask": "0.82"}], "timestamp": "1769384808126", "event_type": "price_change"}}
{"_local_timestamp": "2026-01-25T23:46:48.358578+00:00", "data": {"market": "0xfe9d1a32b46991e6895baece1bf6bb1467b814a28aefd6f33f13c6ba91b8d3c9", "price_changes": [{"asset_id": "71990823545476172057397539228999083435242402644332688321711165550800328090716", "price": "0.05", "size": "23.99", "side": "BUY", "hash": "1bc6138de2888febaf1be4e0188a3e8bcabcee3a", "best_bid": "0.05", "best_ask": "0.83"}, {"asset_id": "57979481369976477405471459370425139763472501428373244029900741691432131403521", "price": "0.95", "size": "23.99", "side": "SELL", "hash": "df3be0bd159ff67da42726696da306da063070f7", "best_bid": "0.17", "best_ask": "0.95"}], "timestamp": "1769384808148", "event_type": "price_change"}}
{"_local_timestamp": "2026-01-25T23:46:48.359660+00:00", "data": {"market": "0xfe9d1a32b46991e6895baece1bf6bb1467b814a28aefd6f33f13c6ba91b8d3c9", "price_changes": [{"asset_id": "57979481369976477405471459370425139763472501428373244029900741691432131403521", "price": "0.18", "size": "20", "side": "BUY", "hash": "6715a69ed02c722bf84a623b7c57c99947ca2da8", "best_bid": "0.18", "best_ask": "0.95"}, {"asset_id": "71990823545476172057397539228999083435242402644332688321711165550800328090716", "price": "0.82", "size": "20", "side": "SELL", "hash": "50005021b115230d4067a03e559a18334ab61b1b", "best_bid": "0.05", "best_ask": "0.82"}], "timestamp": "1769384808150", "event_type": "price_change"}}
{"_local_timestamp": "2026-01-25T23:46:49.850086+00:00", "data": {"market": "0xc20bd18955fdcaea6f4f20c37d84d5388e91fc4638490ca4facf8be523dc6c13", "price_changes": [{"asset_id": "40380829381795973958306409949439163717944979125745463341977071152902853169349", "price": "0.11", "size": "0", "side": "BUY", "hash": "6b8c47bdeab68d39c6dcab40dd9b63e1fd7ebc8b", "best_bid": "0.25", "best_ask": "0.96"}, {"asset_id": "89373461182969289579845172492872922158629123151223268658038449652837405119276", "price": "0.89", "size": "0", "side": "SELL", "hash": "f152a97a55d16b39210ea1eb4bbde3ccf5833350", "best_bid": "0.04", "best_ask": "0.75"}], "timestamp": "1769384809678", "event_type": "price_change"}}
{"_local_timestamp": "2026-01-25T23:46:49.851173+00:00", "data": {"market": "0x9a0de7353469fc7af319897a8a494334b8a286d5cd8ec4b4edb6b3445a4b1597", "price_changes": [{"asset_id": "82448464534710566057881902879012276545801914494658997880647276477323315813986", "price": "0.09", "size": "0", "side": "BUY", "hash": "b6a86ac437db4e057dedb077b65346b059ea07a7", "best_bid": "0.24", "best_ask": "0.96"}, {"asset_id": "43697661106139132419773585187886106203320732906584708348798041358649329039252", "price": "0.91", "size": "0", "side": "SELL", "hash": "82e7e185e6656ebe8fe726b7c978905fc84af534", "best_bid": "0.04", "best_ask": "0.76"}], "timestamp": "1769384809678", "event_type": "price_change"}}
{"_local_timestamp": "2026-01-25T23:46:49.858204+00:00", "data": {"market": "0xfe9d1a32b46991e6895baece1bf6bb1467b814a28aefd6f33f13c6ba91b8d3c9", "price_changes": [{"asset_id": "57979481369976477405471459370425139763472501428373244029900741691432131403521", "price": "0.09", "size": "0", "side": "BUY", "hash": "030d89c77127db7b73e87a0373257851beea4f39", "best_bid": "0.18", "best_ask": "0.95"}, {"asset_id": "71990823545476172057397539228999083435242402644332688321711165550800328090716", "price": "0.91", "size": "0", "side": "SELL", "hash": "a6beae2d22a36d1c22897991ab064ae31e3d283d", "best_bid": "0.05", "best_ask": "0.82"}], "timestamp": "1769384809678", "event_type": "price_change"}}
{"_local_timestamp": "2026-01-25T23:46:49.859160+00:00", "data": {"market": "0xee58cd1c7231995c5ae2a91f48c350a22f87659a302101db4a3df99e6dc3a6ea", "price_changes": [{"asset_id": "21283325371787731209365391554654959446978032764029860917798309525771402585583", "price": "0.11", "size": "10", "side": "BUY", "hash": "898e8e8530bf95f4041856fea5c64c56c6fbd0e4", "best_bid": "0.15", "best_ask": "0.97"}, {"asset_id": "7803863184464146993115773330448529218170635474995115952766099510312723003472", "price": "0.89", "size": "10", "side": "SELL", "hash": "c9c064ee3e3eed126bbf6248199e489137598a6d", "best_bid": "0.03", "best_ask": "0.85"}], "timestamp": "1769384809678", "event_type": "price_change"}}
{"_local_timestamp": "2026-01-25T23:46:49.860081+00:00", "data": {"market": "0x949c8c782beaf0d71a8ddc42ce5c0d0bfe3ec3c6ae5a7f94daea10850e8c570d", "price_changes": [{"asset_id": "87159419841688319639364568112345975815517805746054836624129542662189383490979", "price": "0.11", "size": "0", "side": "BUY", "hash": "92ee99bffb02b8e40863bcd790b599ead235084f", "best_bid": "0.23", "best_ask": "0.96"}, {"asset_id": "30539481741900915205478863896530423654330693287078895672964604758297530843731", "price": "0.89", "size": "0", "side": "SELL", "hash": "ae3a22455ffd3b24ca3f02343e5392086aaacd01", "best_bid": "0.04", "best_ask": "0.77"}], "timestamp": "1769384809678", "event_type": "price_change"}}
{"_local_timestamp": "2026-01-25T23:46:49.878595+00:00", "data": {"market": "0xc20bd18955fdcaea6f4f20c37d84d5388e91fc4638490ca4facf8be523dc6c13", "price_changes": [{"asset_id": "40380829381795973958306409949439163717944979125745463341977071152902853169349", "price": "0.15", "size": "20", "side": "BUY", "hash": "7d0105ef2dcbbacdc29cefaa293d10d89a53d690", "best_bid": "0.25", "best_ask": "0.96"}, {"asset_id": "89373461182969289579845172492872922158629123151223268658038449652837405119276", "price": "0.85", "size": "20", "side": "SELL", "hash": "889621647ec941701c93d0e912e85a04252c41ed", "best_bid": "0.04", "best_ask": "0.75"}], "timestamp": "1769384809709", "event_type": "price_change"}}
{"_local_timestamp": "2026-01-25T23:46:49.879613+00:00", "data": {"market": "0x949c8c782beaf0d71a8ddc42ce5c0d0bfe3ec3c6ae5a7f94daea10850e8c570d", "price_changes": [{"asset_id": "87159419841688319639364568112345975815517805746054836624129542662189383490979", "price": "0.13", "size": "25", "side": "BUY", "hash": "e641c8db6144e44ffa5b8a93efbace8497501606", "best_bid": "0.23", "best_ask": "0.96"}, {"asset_id": "30539481741900915205478863896530423654330693287078895672964604758297530843731", "price": "0.87", "size": "25", "side": "SELL", "hash": "632980d779446349ae35017b80eaf5590e04ee47", "best_bid": "0.04", "best_ask": "0.77"}], "timestamp": "1769384809709", "event_type": "price_change"}}
{"_local_timestamp": "2026-01-25T23:46:49.880568+00:00", "data": {"market": "0x9a0de7353469fc7af319897a8a494334b8a286d5cd8ec4b4edb6b3445a4b1597", "price_changes": [{"asset_id": "82448464534710566057881902879012276545801914494658997880647276477323315813986", "price": "0.13", "size": "20", "side": "BUY", "hash": "1fd509c028d2612b7c75e34d409059ff392c214f", "best_bid": "0.24", "best_ask": "0.96"}, {"asset_id": "43697661106139132419773585187886106203320732906584708348798041358649329039252", "price": "0.87", "size": "20", "side": "SELL", "hash": "e8c01c3c403841f08457f4d6375f7cc0450c7f8b", "best_bid": "0.04", "best_ask": "0.76"}], "timestamp": "1769384809710", "event_type": "price_change"}}
{"_local_timestamp": "2026-01-25T23:46:49.881592+00:00", "data": {"market": "0xee58cd1c7231995c5ae2a91f48c350a22f87659a302101db4a3df99e6dc3a6ea", "price_changes": [{"asset_id": "21283325371787731209365391554654959446978032764029860917798309525771402585583", "price": "0.16", "size": "20", "side": "BUY", "hash": "2c6a0559592bfe26ef307c48e86d2070ece858f7", "best_bid": "0.16", "best_ask": "0.97"}, {"asset_id": "7803863184464146993115773330448529218170635474995115952766099510312723003472", "price": "0.84", "size": "20", "side": "SELL", "hash": "f3fa7084e469b8597b6dcfe9fbdd65802f5d4ab4", "best_bid": "0.03", "best_ask": "0.84"}], "timestamp": "1769384809709", "event_type": "price_change"}}
{"_local_timestamp": "2026-01-25T23:46:49.882588+00:00", "data": {"market": "0xfe9d1a32b46991e6895baece1bf6bb1467b814a28aefd6f33f13c6ba91b8d3c9", "price_changes": [{"asset_id": "57979481369976477405471459370425139763472501428373244029900741691432131403521", "price": "0.13", "size": "20", "side": "BUY", "hash": "0b20292312f88c934ed062937fe093b1111e7a88", "best_bid": "0.18", "best_ask": "0.95"}, {"asset_id": "71990823545476172057397539228999083435242402644332688321711165550800328090716", "price": "0.87", "size": "20", "side": "SELL", "hash": "deacbb3921b58ff76d5c9e1eba309ee0fcff653c", "best_bid": "0.05", "best_ask": "0.82"}], "timestamp": "1769384809710", "event_type": "price_change"}}
{"_local_timestamp": "2026-01-25T23:46:49.898598+00:00", "data": {"market": "0xee58cd1c7231995c5ae2a91f48c350a22f87659a302101db4a3df99e6dc3a6ea", "price_changes": [{"asset_id": "21283325371787731209365391554654959446978032764029860917798309525771402585583", "price": "0.15", "size": "66.66", "side": "BUY", "hash": "9285645b7b1a43c3efc9f6e08746b8f3a7fa270d", "best_bid": "0.16", "best_ask": "0.97"}, {"asset_id": "7803863184464146993115773330448529218170635474995115952766099510312723003472", "price": "0.85", "size": "66.66", "side": "SELL", "hash": "d8c23213735c0d9f7f8da1c043a2c8991797e76c", "best_bid": "0.03", "best_ask": "0.84"}], "timestamp": "1769384809734", "event_type": "price_change"}}
{"_local_timestamp": "2026-01-25T23:46:50.061250+00:00", "data": {"market": "0xee58cd1c7231995c5ae2a91f48c350a22f87659a302101db4a3df99e6dc3a6ea", "price_changes": [{"asset_id": "21283325371787731209365391554654959446978032764029860917798309525771402585583", "price": "0.19", "size": "20", "side": "BUY", "hash": "6d4d8b419753e3e892deca2071a9f927436711a2", "best_bid": "0.19", "best_ask": "0.97"}, {"asset_id": "7803863184464146993115773330448529218170635474995115952766099510312723003472", "price": "0.81", "size": "20", "side": "SELL", "hash": "debf742416270cc6bd23597d5e37943a17bd90f3", "best_bid": "0.03", "best_ask": "0.81"}], "timestamp": "1769384809758", "event_type": "price_change"}}
