{"_local_timestamp": "2026-01-25T23:33:38.074804+00:00", "data": [{"market": "0x92d9b1b2184185bcd2f636f8b1c00d2e8900037541c5530b31cd241a2eab239b", "asset_id": "61569645404255728258034880900232154069864126111347760075858298497771392596261", "timestamp": "1769383854753", "hash": "4b67a4aa82c4d82a080da082aafd0762e4b447ce", "bids": [{"price": "0.01", "size": "143.32"}, {"price": "0.02", "size": "50"}, {"price": "0.04", "size": "66.66"}], "asks": [{"price": "0.99", "size": "10066.66"}, {"price": "0.98", "size": "5000"}, {"price": "0.96", "size": "2500"}, {"price": "0.95", "size": "40"}, {"price": "0.94", "size": "750"}, {"price": "0.93", "size": "20"}, {"price": "0.9", "size": "375"}, {"price": "0.89", "size": "10"}, {"price": "0.88", "size": "181.66"}, {"price": "0.75", "size": "71.66"}], "event_type": "book", "last_trade_price": ""}, {"market": "0x26d14a0493969677b36b61f22d36675350c18794efe409a1b596a70ab8dde460", "asset_id": "4922858101891993317973090956426199126889194706037483998826954590755280826537", "timestamp": "1769383844551", "hash": "74e6cc7e15a968df3cef8953df722486854295e1", "bids": [{"price": "0.01", "size": "143.32"}, {"price": "0.02", "size": "55"}, {"price": "0.03", "size": "66.66"}], "asks": [{"price": "0.99", "size": "10066.66"}, {"price": "0.98", "size": "5000"}, {"price": "0.96", "size": "2500"}, {"price": "0.93", "size": "62"}, {"price": "0.92", "size": "66.66"}, {"price": "0.91", "size": "20"}, {"price": "0.9", "size": "20"}, {"price": "0.81", "size": "71.66"}], "event_type": "book", "last_trade_price": ""}, {"market": "0x3b32ef6897c33e7cac03641f3b16f25de3bbba86c48193ae7250b81bd5dc8e36", "asset_id": "94178105025010587605551061804884711949946880458304780411387357983973214654267", "timestamp": "1769384016150", "hash": "b1921805c2c80cf0114cd11e2eac4a4ce5679c8b", "bids": [{"price": "0.01", "size": "10100"}, {"price": "0.02", "size": "5000"}, {"price": "0.04", "size": "2500"}, {"price": "0.06", "size": "750"}, {"price": "0.1", "size": "375"}, {"price": "0.11", "size": "30"}, {"price": "0.12", "size": "105"}, {"price": "0.14", "size": "20"}], "asks": [{"price": "0.99", "size": "143.32"}, {"price": "0.98", "size": "55"}, {"price": "0.97", "size": "66.66"}], "event_type": "book", "last_trade_price": ""}, {"market": "0xd8eabfa8f66981b8d3a6eb675bb8af14c5f6efe031b4a5c32df905759f223879", "asset_id": "93427470351544238513526892778862660244461908155491853908352970314446781168681", "timestamp": "1769383846874", "hash": "d3ca9e5acec02a636434dbb0e5c5b439efd55c7d", "bids": [{"price": "0.01", "size": "10066.66"}, {"price": "0.02", "size": "5000"}, {"price": "0.03", "size": "66"}, {"price": "0.04", "size": "2500"}, {"price": "0.06", "size": "750"}, {"price": "0.1", "size": "375"}, {"price": "0.11", "size": "30"}, {"price": "0.12", "size": "172.66"}, {"price": "0.23", "size": "71.66"}], "asks": [{"price": "0.99", "size": "143.32"}, {"price": "0.98", "size": "50"}, {"price": "0.97", "size": "66.66"}], "event_type": "book", "last_trade_price": ""}, {"market": "0x26d14a0493969677b36b61f22d36675350c18794efe409a1b596a70ab8dde460", "asset_id": "106482657940160172792420808683871220884614775895702575094685323356692868972691", "timestamp": "1769383844551", "hash": "1b93e43ebc8ef268268300544c2d7884761b773b", "bids": [{"price": "0.01", "size": "10066.66"}, {"price": "0.02", "size": "5000"}, {"price": "0.04", "size": "2500"}, {"price": "0.07", "size": "62"}, {"price": "0.08", "size": "66.66"}, {"price": "0.09", "size": "20"}, {"price": "0.1", "size": "20"}, {"price": "0.19", "size": "71.66"}], "asks": [{"price": "0.99", "size": "143.32"}, {"price": "0.98", "size": "55"}, {"price": "0.97", "size": "66.66"}], "event_type": "book", "last_trade_price": ""}, {"market": "0xa30d0d62ddebe5a59d1567e5a95445b8e1dda8c9884f4342b4680000205d5f58", "asset_id": "101313263892942797820449986417343739651434504986390071424946051436429538023924", "timestamp": "1769384016996", "hash": "0326f765f47af9b87b723ef6ae8376cad8950866", "bids": [{"price": "0.01", "size": "143.32"}, {"price": "0.02", "size": "55"}, {"price": "0.03", "size": "66.66"}], "asks": [{"price": "0.99", "size": "10066.66"}, {"price": "0.98", "size": "5000"}, {"price": "0.96", "size": "2500"}, {"price": "0.94", "size": "10"}, {"price": "0.93", "size": "66.66"}, {"price": "0.92", "size": "10"}, {"price": "0.91", "size": "10"}, {"price": "0.9", "size": "20"}, {"price": "0.81", "size": "71.66"}], "event_type": "book", "last_trade_price": ""}, {"market": "0x47fd8303835d9108252343069ada769162976137e4e1c22b94b1cb305cd35d8a", "asset_id": "67693362484685031602902821937273102535915587968938088041888174799603605996322", "timestamp": "1769383845815", "hash": "a0b4e10d409dfe87eb9634fdd7adec47fa45e558", "bids": [{"price": "0.01", "size": "10066.66"}, {"price": "0.02", "size": "5000"}, {"price": "0.03", "size": "66"}, {"price": "0.04", "size": "2500"}, {"price": "0.06", "size": "750"}, {"price": "0.1", "size": "375"}, {"price": "0.11", "size": "30"}, {"price": "0.12", "size": "159.66"}, {"price": "0.23", "size": "71.66"}], "asks": [{"price": "0.99", "size": "143.32"}, {"price": "0.98", "size": "55"}, {"price": "0.97", "size": "66.66"}], "event_type": "book", "last_trade_price": ""}, {"market": "0x3b32ef6897c33e7cac03641f3b16f25de3bbba86c48193ae7250b81bd5dc8e36", "asset_id": "17972610624679517127262054229981683562086894472126949625769427736325964002189", "timestamp": "1769384016150", "hash": "56fa92f5777f603c6592d97adea5e2eece361349", "bids": [{"price": "0.01", "size": "143.32"}, {"price": "0.02", "size": "55"}, {"price": "0.03", "size": "66.66"}], "asks": [{"price": "0.99", "size": "10100"}, {"price": "0.98", "size": "5000"}, {"price": "0.96", "size": "2500"}, {"price": "0.94", "size": "750"}, {"price": "0.9", "size": "375"}, {"price": "0.89", "size": "30"}, {"price": "0.88", "size": "105"}, {"price": "0.86", "size": "20"}], "event_type": "book", "last_trade_price": ""}, {"market": "0xa30d0d62ddebe5a59d1567e5a95445b8e1dda8c9884f4342b4680000205d5f58", "asset_id": "100874815949847511385269867891927428085011282984378081156415582806859006418622", "timestamp": "1769384016996", "hash": "288436361cce823968365de8c84a3323e8c73a75", "bids": [{"price": "0.01", "size": "10066.66"}, {"price": "0.02", "size": "5000"}, {"price": "0.04", "size": "2500"}, {"price": "0.06", "size": "10"}, {"price": "0.07", "size": "66.66"}, {"price": "0.08", "size": "10"}, {"price": "0.09", "size": "10"}, {"price": "0.1", "size": "20"}, {"price": "0.19", "size": "71.66"}], "asks": [{"price": "0.99", "size": "143.32"}, {"price": "0.98", "size": "55"}, {"price": "0.97", "size": "66.66"}], "event_type": "book", "last_trade_price": ""}, {"market": "0x47fd8303835d9108252343069ada769162976137e4e1c22b94b1cb305cd35d8a", "asset_id": "36087368699108837630068526518911366313227880114245979222947438453683556758111", "timestamp": "1769383845815", "hash": "3f0285e17773af1605dc0d62913d4d02dbdc0ac4", "bids": [{"price": "0.01", "size": "143.32"}, {"price": "0.02", "size": "55"}, {"price": "0.03", "size": "66.66"}], "asks": [{"price": "0.99", "size": "10066.66"}, {"price": "0.98", "size": "5000"}, {"price": "0.97", "size": "66"}, {"price": "0.96", "size": "2500"}, {"price": "0.94", "size": "750"}, {"price": "0.9", "size": "375"}, {"price": "0.89", "size": "30"}, {"price": "0.88", "size": "159.66"}, {"price": "0.77", "size": "71.66"}], "event_type": "book", "last_trade_price": ""}, {"market": "0x92d9b1b2184185bcd2f636f8b1c00d2e8900037541c5530b31cd241a2eab239b", "asset_id": "109219029248620472089454746502736175063492512175080091770615531566788580709265", "timestamp": "1769383854753", "hash": "6ccbf209107dca4d7213b6c5329b9b18854f7719", "bids": [{"price": "0.01", "size": "10066.66"}, {"price": "0.02", "size": "5000"}, {"price": "0.04", "size": "2500"}, {"price": "0.05", "size": "40"}, {"price": "0.06", "size": "750"}, {"price": "0.07", "size": "20"}, {"price": "0.1", "size": "375"}, {"price": "0.11", "size": "10"}, {"price": "0.12", "size": "181.66"}, {"price": "0.25", "size": "71.66"}], "asks": [{"price": "0.99", "size": "143.32"}, {"price": "0.98", "size": "50"}, {"price": "0.96", "size": "66.66"}], "event_type": "book", "last_trade_price": ""}, {"market": "0xd8eabfa8f66981b8d3a6eb675bb8af14c5f6efe031b4a5c32df905759f223879", "asset_id": "112512812049971030318594775213742917548833690085890279670946775909631461554878", "timestamp": "1769383846874", "hash": "c6e2d406752def2f96621e8c35a1a6e59d42a8ea", "bids": [{"price": "0.01", "size": "143.32"}, {"price": "0.02", "size": "50"}, {"price": "0.03", "size": "66.66"}], "asks": [{"price": "0.99", "size": "10066.66"}, {"price": "0.98", "size": "5000"}, {"price": "0.97", "size": "66"}, {"price": "0.96", "size": "2500"}, {"price": "0.94", "size": "750"}, {"price": "0.9", "size": "375"}, {"price": "0.89", "size": "30"}, {"price": "0.88", "size": "172.66"}, {"price": "0.77", "size": "71.66"}], "event_type": "book", "last_trade_price": ""}]}
{"_local_timestamp": "2026-01-25T23:33:51.961463+00:00", "data": {"market": "0x3b32ef6897c33e7cac03641f3b16f25de3bbba86c48193ae7250b81bd5dc8e36", "price_changes": [{"asset_id": "17972610624679517127262054229981683562086894472126949625769427736325964002189", "price": "0.86", "size": "25", "side": "SELL", "hash": "933b0968d91dc31d313aa0008199420dc6e5609d", "best_bid": "0.03", "best_ask": "0.86"}, {"asset_id": "94178105025010587605551061804884711949946880458304780411387357983973214654267", "price": "0.14", "size": "25", "side": "BUY", "hash": "cc023a54feee098c69b2d56a53c5665b1e1ef272", "best_bid": "0.14", "best_ask": "0.97"}], "timestamp": "1769384031892", "event_type": "price_change"}}
{"_local_timestamp": "2026-01-25T23:34:34.855900+00:00", "data": {"market": "0xa30d0d62ddebe5a59d1567e5a95445b8e1dda8c9884f4342b4680000205d5f58", "price_changes": [{"asset_id": "101313263892942797820449986417343739651434504986390071424946051436429538023924", "price": "0.04", "size": "29.99", "side": "BUY", "hash": "2f2704186230ee68658d62b285e0d99aa4795e0d", "best_bid": "0.04", "best_ask": "0.81"}, {"asset_id": "100874815949847511385269867891927428085011282984378081156415582806859006418622", "price": "0.96", "size": "29.99", "side": "SELL", "hash": "992da1ac6f6342322c8ab11d4f09c126066e7594", "best_bid": "0.19", "best_ask": "0.96"}], "timestamp": "1769384074773", "event_type": "price_change"}}
{"_local_timestamp": "2026-01-25T23:34:34.862472+00:00", "data": {"market": "0x3b32ef6897c33e7cac03641f3b16f25de3bbba86c48193ae7250b81bd5dc8e36", "price_changes": [{"asset_id": "17972610624679517127262054229981683562086894472126949625769427736325964002189", "price": "0.04", "size": "29.99", "side": "BUY", "hash": "b4e1c4285f267e2f6f6c22392303af5aabbf1dd9", "best_bid": "0.04", "best_ask": "0.86"}, {"asset_id": "94178105025010587605551061804884711949946880458304780411387357983973214654267", "price": "0.96", "size": "29.99", "side": "SELL", "hash": "d22ff2d338218cbfb02aa4b842afa3cba5447a57", "best_bid": "0.14", "best_ask": "0.96"}], "timestamp": "1769384074774", "event_type": "price_change"}}
{"_local_timestamp": "2026-01-25T23:34:34.864799+00:00", "data": {"market": "0x92d9b1b2184185bcd2f636f8b1c00d2e8900037541c5530b31cd241a2eab239b", "price_changes": [{"asset_id": "61569645404255728258034880900232154069864126111347760075858298497771392596261", "price": "0.05", "size": "23.99", "side": "BUY", "hash": "ffb90619b5cadd856f00b403908c327d067e0bae", "best_bid": "0.05", "best_ask": "0.75"}, {"asset_id": "109219029248620472089454746502736175063492512175080091770615531566788580709265", "price": "0.95", "size": "23.99", "side": "SELL", "hash": "c556a5b89eaa924ce60060636f61c52f9a24835b", "best_bid": "0.25", "best_ask": "0.95"}], "timestamp": "1769384074774", "event_type": "price_change"}}
{"_local_timestamp": "2026-01-25T23:34:34.936236+00:00", "data": {"market": "0x47fd8303835d9108252343069ada769162976137e4e1c22b94b1cb305cd35d8a", "price_changes": [{"asset_id": "67693362484685031602902821937273102535915587968938088041888174799603605996322", "price": "0.12", "size": "169.66", "side": "BUY", "hash": "4480853e588668d50d3785f6a364a7cf917b484a", "best_bid": "0.23", "best_ask": "0.97"}, {"asset_id": "36087368699108837630068526518911366313227880114245979222947438453683556758111", "price": "0.88", "size": "169.66", "side": "SELL", "hash": "348920289093f6e31de2fcfdd531165ed0971bc0", "best_bid": "0.03", "best_ask": "0.77"}], "timestamp": "1769384074863", "event_type": "price_change"}}
{"_local_timestamp": "2026-01-25T23:34:34.963145+00:00", "data": {"market": "0x26d14a0493969677b36b61f22d36675350c18794efe409a1b596a70ab8dde460", "price_changes": [{"asset_id": "4922858101891993317973090956426199126889194706037483998826954590755280826537", "price": "0.04", "size": "29.99", "side": "BUY", "hash": "fbafe5fdf061f3d201ff885fa2f1e65f757725b7", "best_bid": "0.04", "best_ask": "0.81"}, {"asset_id": "106482657940160172792420808683871220884614775895702575094685323356692868972691", "price": "0.96", "size": "29.99", "side": "SELL", "hash": "4215f20a588978a43519fcd5f33360169ae65861", "best_bid": "0.19", "best_ask": "0.96"}], "timestamp": "1769384074886", "event_type": "price_change"}}
{"_local_timestamp": "2026-01-25T23:34:34.964985+00:00", "data": {"market": "0x47fd8303835d9108252343069ada769162976137e4e1c22b94b1cb305cd35d8a", "price_changes": [{"asset_id": "36087368699108837630068526518911366313227880114245979222947438453683556758111", "price": "0.04", "size": "29.99", "side": "BUY", "hash": "b03c855e494fa7c74c1ba3a750da912dd9fd6e77", "best_bid": "0.04", "best_ask": "0.77"}, {"asset_id": "67693362484685031602902821937273102535915587968938088041888174799603605996322", "price": "0.96", "size": "29.99", "side": "SELL", "hash": "ddcbd35ce6e27081aed21cd06161b378e48ba65f", "best_bid": "0.23", "best_ask": "0.96"}], "timestamp": "1769384074886", "event_type": "price_change"}}
{"_local_timestamp": "2026-01-25T23:34:34.977157+00:00", "data": {"market": "0x26d14a0493969677b36b61f22d36675350c18794efe409a1b596a70ab8dde460", "price_changes": [{"asset_id": "106482657940160172792420808683871220884614775895702575094685323356692868972691", "price": "0.19", "size": "91.66", "side": "BUY", "hash": "5a9074eef086cc833634b994fda63fb221a20016", "best_bid": "0.19", "best_ask": "0.96"}, {"asset_id": "4922858101891993317973090956426199126889194706037483998826954590755280826537", "price": "0.81", "size": "91.66", "side": "SELL", "hash": "75df39fabed862a0ea85c1cdf4cb961d24a059f9", "best_bid": "0.04", "best_ask": "0.81"}], "timestamp": "1769384074910", "event_type": "price_change"}}
{"_local_timestamp": "2026-01-25T23:34:35.001778+00:00", "data": {"market": "0xa30d0d62ddebe5a59d1567e5a95445b8e1dda8c9884f4342b4680000205d5f58", "price_changes": [{"asset_id": "100874815949847511385269867891927428085011282984378081156415582806859006418622", "price": "0.19", "size": "91.66", "side": "BUY", "hash": "3df12f7344d8b1b99f31705c193bd25859577376", "best_bid": "0.19", "best_ask": "0.96"}, {"asset_id": "101313263892942797820449986417343739651434504986390071424946051436429538023924", "price": "0.81", "size": "91.66", "side": "SELL", "hash": "7ce57d3bc62e057fac076171dd0433fbff9a66d0", "best_bid": "0.04", "best_ask": "0.81"}], "timestamp": "1769384074932", "event_type": "price_change"}}
{"_local_timestamp": "2026-01-25T23:34:35.049209+00:00", "data": {"market": "0x26d14a0493969677b36b61f22d36675350c18794efe409a1b596a70ab8dde460", "price_changes": [{"asset_id": "106482657940160172792420808683871220884614775895702575094685323356692868972691", "price": "0.09", "size": "10", "side": "BUY", "hash": "aaae77c27f0daa061c38544f6e0c6aaa35718a31", "best_bid": "0.19", "best_ask": "0.96"}, {"asset_id": "4922858101891993317973090956426199126889194706037483998826954590755280826537", "price": "0.91", "size": "10", "side": "SELL", "hash": "60ddcccdbeeea4577506f9b2b4c9ef2d39698570", "best_bid": "0.04", "best_ask": "0.81"}], "timestamp": "1769384074979", "event_type": "price_change"}}
{"_local_timestamp": "2026-01-25T23:34:35.096219+00:00", "data": {"market": "0x3b32ef6897c33e7cac03641f3b16f25de3bbba86c48193ae7250b81bd5dc8e36", "price_changes": [{"asset_id": "94178105025010587605551061804884711949946880458304780411387357983973214654267", "price": "0.12", "size": "115", "side": "BUY", "hash": "47e34bacf1ee9afc959225c7257b38ab6ab8ca10", "best_bid": "0.14", "best_ask": "0.96"}, {"asset_id": "17972610624679517127262054229981683562086894472126949625769427736325964002189", "price": "0.88", "size": "115", "side": "SELL", "hash": "59897eb5cd39894a4cd5fa7b850bb777c4de07f3", "best_bid": "0.04", "best_ask": "0.86"}], "timestamp": "1769384075015", "event_type": "price_change"}}
{"_local_timestamp": "2026-01-25T23:34:35.096694+00:00", "data": {"market": "0x92d9b1b2184185bcd2f636f8b1c00d2e8900037541c5530b31cd241a2eab239b", "price_changes": [{"asset_id": "109219029248620472089454746502736175063492512175080091770615531566788580709265", "price": "0.12", "size": "191.66", "side": "BUY", "hash": "5cba62680b84a66854e306650925178796114fbc", "best_bid": "0.25", "best_ask": "0.95"}, {"asset_id": "61569645404255728258034880900232154069864126111347760075858298497771392596261", "price": "0.88", "size": "191.66", "side": "SELL", "hash": "8e22a5cdf3678205f24482ee51e382a04a687b2b", "best_bid": "0.05", "best_ask": "0.75"}], "timestamp": "1769384075015", "event_type": "price_change"}}
{"_local_timestamp": "2026-01-25T23:34:35.097207+00:00", "data": {"market": "0xd8eabfa8f66981b8d3a6eb675bb8af14c5f6efe031b4a5c32df905759f223879", "price_changes": [{"asset_id": "93427470351544238513526892778862660244461908155491853908352970314446781168681", "price": "0.12", "size": "182.66", "side": "BUY", "hash": "c146e4c31f0ffb406c8d79efc2fcb070470d7573", "best_bid": "0.23", "best_ask": "0.97"}, {"asset_id": "112512812049971030318594775213742917548833690085890279670946775909631461554878", "price": "0.88", "size": "182.66", "side": "SELL", "hash": "102515bfd887f1637ad0c7d29fd709ac80153bc4", "best_bid": "0.03", "best_ask": "0.77"}], "timestamp": "1769384075015", "event_type": "price_change"}}
{"_local_timestamp": "2026-01-25T23:34:35.249100+00:00", "data": {"market": "0x26d14a0493969677b36b61f22d36675350c18794efe409a1b596a70ab8dde460", "price_changes": [{"asset_id": "106482657940160172792420808683871220884614775895702575094685323356692868972691", "price": "0.08", "size": "76.66", "side": "BUY", "hash": "634d1698229c9030667945f3cb097c0519371e4f", "best_bid": "0.19", "best_ask": "0.96"}, {"asset_id": "4922858101891993317973090956426199126889194706037483998826954590755280826537", "price": "0.92", "size": "76.66", "side": "SELL", "hash": "5b372cfcac969044ff18f8a6089dcadea217308d", "best_bid": "0.04", "best_ask": "0.81"}], "timestamp": "1769384075183", "event_type": "price_change"}}
{"_local_timestamp": "2026-01-25T23:34:39.602869+00:00", "data": {"market": "0xd8eabfa8f66981b8d3a6eb675bb8af14c5f6efe031b4a5c32df905759f223879", "price_changes": [{"asset_id": "93427470351544238513526892778862660244461908155491853908352970314446781168681", "price": "0.11", "size": "10", "side": "BUY", "hash": "2e1d39be5e6bdf6790d7c276f1cae8cb1c7cfbf9", "best_bid": "0.23", "best_ask": "0.97"}, {"asset_id": "112512812049971030318594775213742917548833690085890279670946775909631461554878", "price": "0.89", "size": "10", "side": "SELL", "hash": "3bb300fc1da6fcf8ac84ac412403006df7c5b26d", "best_bid": "0.03", "best_ask": "0.77"}], "timestamp": "1769384079533", "event_type": "price_change"}}
{"_local_timestamp": "2026-01-25T23:34:39.603237+00:00", "data": {"market": "0x92d9b1b2184185bcd2f636f8b1c00d2e8900037541c5530b31cd241a2eab239b", "price_changes": [{"asset_id": "109219029248620472089454746502736175063492512175080091770615531566788580709265", "price": "0.07", "size": "0", "side": "BUY", "hash": "8f9c1bb701016e156880175adc7ac168330ac28e", "best_bid": "0.25", "best_ask": "0.95"}, {"asset_id": "61569645404255728258034880900232154069864126111347760075858298497771392596261", "price": "0.93", "size": "0", "side": "SELL", "hash": "c8f4574bb8fadd9ee51e696828e5dcbcfd3d2637", "best_bid": "0.05", "best_ask": "0.75"}], "timestamp": "1769384079534", "event_type": "price_change"}}
{"_local_timestamp": "2026-01-25T23:34:39.603531+00:00", "data": {"market": "0x47fd8303835d9108252343069ada769162976137e4e1c22b94b1cb305cd35d8a", "price_changes": [{"asset_id": "67693362484685031602902821937273102535915587968938088041888174799603605996322", "price": "0.11", "size": "10", "side": "BUY", "hash": "58fd705bb1167c55c13f93d0221dca5571a388d5", "best_bid": "0.23", "best_ask": "0.96"}, {"asset_id": "36087368699108837630068526518911366313227880114245979222947438453683556758111", "price": "0.89", "size": "10", "side": "SELL", "hash": "419112d293a9319df9db6d29b7515eaa2f015e1d", "best_bid": "0.04", "best_ask": "0.77"}], "timestamp": "1769384079534", "event_type": "price_change"}}
{"_local_timestamp": "2026-01-25T23:34:39.603843+00:00", "data": {"market": "0x3b32ef6897c33e7cac03641f3b16f25de3bbba86c48193ae7250b81bd5dc8e36", "price_changes": [{"asset_id": "94178105025010587605551061804884711949946880458304780411387357983973214654267", "price": "0.11", "size": "10", "side": "BUY", "hash": "6faaaa907147018604cdc7310c62ed20951dd0d1", "best_bid": "0.14", "best_ask": "0.96"}, {"asset_id": "17972610624679517127262054229981683562086894472126949625769427736325964002189", "price": "0.89", "size": "10", "side": "SELL", "hash": "4fffa05ef265be823aaa8a3b7db3dc63c3165591", "best_bid": "0.04", "best_ask": "0.86"}], "timestamp": "1769384079534", "event_type": "price_change"}}
{"_local_timestamp": "2026-01-25T23:34:39.638833+00:00", "data": {"market": "0xd8eabfa8f66981b8d3a6eb675bb8af14c5f6efe031b4a5c32df905759f223879", "price_changes": [{"asset_id": "93427470351544238513526892778862660244461908155491853908352970314446781168681", "price": "0.13", "size": "20", "side": "BUY", "hash": "4b77a4ecf135162b4ec2834fb4e9330c8f9fc62f", "best_bid": "0.23", "best_ask": "0.97"}, {"asset_id": "112512812049971030318594775213742917548833690085890279670946775909631461554878", "price": "0.87", "size": "20", "side": "SELL", "hash": "f2ae5320023b991f8be146913d24926907aa811e", "best_bid": "0.03", "best_ask": "0.77"}], "timestamp": "1769384079569", "event_type": "price_change"}}
{"_local_timestamp": "2026-01-25T23:34:39.639222+00:00", "data": {"market": "0x92d9b1b2184185bcd2f636f8b1c00d2e8900037541c5530b31cd241a2eab239b", "price_changes": [{"asset_id": "109219029248620472089454746502736175063492512175080091770615531566788580709265", "price": "0.13", "size": "20", "side": "BUY", "hash": "f4efecbf4b39baf0a9826cac0522228a924e6d4c", "best_bid": "0.25", "best_ask": "0.95"}, {"asset_id": "61569645404255728258034880900232154069864126111347760075858298497771392596261", "price": "0.87", "size": "20", "side": "SELL", "hash": "1d4dcf56c4ca769032eef2e8fb62f94ac7243a48", "best_bid": "0.05", "best_ask": "0.75"}], "timestamp": "1769384079569", "event_type": "price_change"}}
{"_local_timestamp": "2026-01-25T23:34:39.639541+00:00", "data": {"market": "0x3b32ef6897c33e7cac03641f3b16f25de3bbba86c48193ae7250b81bd5dc8e36", "price_changes": [{"asset_id": "94178105025010587605551061804884711949946880458304780411387357983973214654267", "price": "0.15", "size": "20", "side": "BUY", "hash": "6d7531259c761b3cfe5f31f444357e3140e1870d", "best_bid": "0.15", "best_ask": "0.96"}, {"asset_id": "17972610624679517127262054229981683562086894472126949625769427736325964002189", "price": "0.85", "size": "20", "side": "SELL", "hash": "6b401612fe68576be2a712acedbcdd3bb57d9ebe", "best_bid": "0.04", "best_ask": "0.85"}], "timestamp": "1769384079569", "event_type": "price_change"}}
{"_local_timestamp": "2026-01-25T23:34:39.639905+00:00", "data": {"market": "0x47fd8303835d9108252343069ada769162976137e4e1c22b94b1cb305cd35d8a", "price_changes": [{"asset_id": "67693362484685031602902821937273102535915587968938088041888174799603605996322", "price": "0.13", "size": "20", "side": "BUY", "hash": "ec4022708014d57d18150eb2790d4e3eb3dde013", "best_bid": "0.23", "best_ask": "0.96"}, {"asset_id": "36087368699108837630068526518911366313227880114245979222947438453683556758111", "price": "0.87", "size": "20", "side": "SELL", "hash": "7c5cb1652e5a637210ed4a856b731f760563c51e", "best_bid": "0.04", "best_ask": "0.77"}], "timestamp": "1769384079570", "event_type": "price_change"}}
{"_local_timestamp": "2026-01-25T23:34:39.659811+00:00", "data": {"market": "0x3b32ef6897c33e7cac03641f3b16f25de3bbba86c48193ae7250b81bd5dc8e36", "price_changes": [{"asset_id": "94178105025010587605551061804884711949946880458304780411387357983973214654267", "price": "0.14", "size": "5", "side": "BUY", "hash": "b1142361aa96ed34dff3a01e238e88a184a25846", "best_bid": "0.15", "best_ask": "0.96"}, {"asset_id": "17972610624679517127262054229981683562086894472126949625769427736325964002189", "price": "0.86", "size": "5", "side": "SELL", "hash": "6786abb959c908473420abf9f30543dbde7aba90", "best_bid": "0.04", "best_ask": "0.85"}], "timestamp": "1769384079589", "event_type": "price_change"}}
{"_local_timestamp": "2026-01-25T23:34:39.690941+00:00", "data": {"market": "0x3b32ef6897c33e7cac03641f3b16f25de3bbba86c48193ae7250b81bd5dc8e36", "price_changes": [{"asset_id": "94178105025010587605551061804884711949946880458304780411387357983973214654267", "price": "0.19", "size": "20", "side": "BUY", "hash": "6ab5b6f551ac276699900102420e99d9875e295c", "best_bid": "0.19", "best_ask": "0.96"}, {"asset_id": "17972610624679517127262054229981683562086894472126949625769427736325964002189", "price": "0.81", "size": "20", "side": "SELL", "hash": "c2736d2f9b44ce0d4a117863c5c0f3eadeb92158", "best_bid": "0.04", "best_ask": "0.81"}], "timestamp": "1769384079611", "event_type": "price_change"}}
{"_local_timestamp": "2026-01-25T23:34:39.818857+00:00", "data": {"market": "0x3b32ef6897c33e7cac03641f3b16f25de3bbba86c48193ae7250b81bd5dc8e36", "price_changes": [{"asset_id": "94178105025010587605551061804884711949946880458304780411387357983973214654267", "price": "0.12", "size": "105", "side": "BUY", "hash": "f2010a4ed14680d4edf02c8bcb87a301576cd9f4", "best_bid": "0.19", "best_ask": "0.96"}, {"asset_id": "17972610624679517127262054229981683562086894472126949625769427736325964002189", "price": "0.88", "size": "105", "side": "SELL", "hash": "82d776733b983b5ffd5709703f0198d3a5c210ff", "best_bid": "0.04", "best_ask": "0.81"}], "timestamp": "1769384079744", "event_type": "price_change"}}
{"_local_timestamp": "2026-01-25T23:34:40.533569+00:00", "data": {"market": "0x3b32ef6897c33e7cac03641f3b16f25de3bbba86c48193ae7250b81bd5dc8e36", "price_changes": [{"asset_id": "94178105025010587605551061804884711949946880458304780411387357983973214654267", "price": "0.11", "size": "0", "side": "BUY", "hash": "6f02c95a57eaf0031d77d747816f1290198d1e04", "best_bid": "0.19", "best_ask": "0.96"}, {"asset_id": "17972610624679517127262054229981683562086894472126949625769427736325964002189", "price": "0.89", "size": "0", "side": "SELL", "hash": "afe3f3c01e394f001102749d08bf0ec04e211fff", "best_bid": "0.04", "best_ask": "0.81"}], "timestamp": "1769384080303", "event_type": "price_change"}}
{"_local_timestamp": "2026-01-25T23:34:40.590503+00:00", "data": {"market": "0x3b32ef6897c33e7cac03641f3b16f25de3bbba86c48193ae7250b81bd5dc8e36", "price_changes": [{"asset_id": "94178105025010587605551061804884711949946880458304780411387357983973214654267", "price": "0.14", "size": "15", "side": "BUY", "hash": "cd6fe7383af3feaf6062c3bdc738393e51a14ad0", "best_bid": "0.19", "best_ask": "0.96"}, {"asset_id": "17972610624679517127262054229981683562086894472126949625769427736325964002189", "price": "0.86", "size": "15", "side": "SELL", "hash": "254abe168867d252a6e9a301a3610f48eb3d9262", "best_bid": "0.04", "best_ask": "0.81"}], "timestamp": "1769384080398", "event_type": "price_change"}}
{"_local_timestamp": "2026-01-25T23:35:06.683714+00:00", "data": {"market": "0x3b32ef6897c33e7cac03641f3b16f25de3bbba86c48193ae7250b81bd5dc8e36", "price_changes": [{"asset_id": "17972610624679517127262054229981683562086894472126949625769427736325964002189", "price": "0.86", "size": "10", "side": "SELL", "hash": "9a26218f3827297a9b0e87a89dbfd7495f404303", "best_bid": "0.04", "best_ask": "0.81"}, {"asset_id": "94178105025010587605551061804884711949946880458304780411387357983973214654267", "price": "0.14", "size": "10", "side": "BUY", "hash": "260e34cb3e6762a27f60b5adea06041cb3f4f704", "best_bid": "0.19", "best_ask": "0.96"}], "timestamp": "1769384106613", "event_type": "price_change"}}
