{"_local_timestamp": "2026-01-25T23:34:08.855383+00:00", "data": [{"market": "0x97aaa03f0c545a6abf48707d15a371e2a26ee6eede403af9918576593f02f101", "asset_id": "46310773526057394783005878645629520462928413976812988700008835901259175391077", "timestamp": "1769384016000", "hash": "44d15cc26f4ccfb53fb7dcaefe31cd6bf1f5f7e3", "bids": [{"price": "0.01", "size": "467.45"}, {"price": "0.02", "size": "118.17"}, {"price": "0.03", "size": "23.18"}, {"price": "0.04", "size": "50"}, {"price": "0.05", "size": "25.24"}, {"price": "0.06", "size": "15.92"}, {"price": "0.08", "size": "25"}, {"price": "0.09", "size": "5.67"}, {"price": "0.1", "size": "240"}, {"price": "0.11", "size": "16.71"}, {"price": "0.16", "size": "12.5"}], "asks": [{"price": "0.99", "size": "430"}, {"price": "0.98", "size": "117.56"}, {"price": "0.97", "size": "22.72"}, {"price": "0.96", "size": "50"}, {"price": "0.95", "size": "26.4"}, {"price": "0.94", "size": "15.86"}, {"price": "0.92", "size": "25"}, {"price": "0.91", "size": "5.41"}, {"price": "0.9", "size": "240"}, {"price": "0.89", "size": "5.49"}, {"price": "0.88", "size": "10.68"}, {"price": "0.84", "size": "12.5"}], "event_type": "book", "last_trade_price": ""}, {"market": "0x97aaa03f0c545a6abf48707d15a371e2a26ee6eede403af9918576593f02f101", "asset_id": "91115594698374620168850916684901463007244954780311319919207727266342255335467", "timestamp": "1769384016000", "hash": "2788f2ad72749a12ee52346754f81c833a412c28", "bids": [{"price": "0.01", "size": "430"}, {"price": "0.02", "size": "117.56"}, {"price": "0.03", "size": "22.72"}, {"price": "0.04", "size": "50"}, {"price": "0.05", "size": "26.4"}, {"price": "0.06", "size": "15.86"}, {"price": "0.08", "size": "25"}, {"price": "0.09", "size": "5.41"}, {"price": "0.1", "size": "240"}, {"price": "0.11", "size": "5.49"}, {"price": "0.12", "size": "10.68"}, {"price": "0.16", "size": "12.5"}], "asks": [{"price": "0.99", "size": "467.45"}, {"price": "0.98", "size": "118.17"}, {"price": "0.97", "size": "23.18"}, {"price": "0.96", "size": "50"}, {"price": "0.95", "size": "25.24"}, {"price": "0.94", "size": "15.92"}, {"price": "0.92", "size": "25"}, {"price": "0.91", "size": "5.67"}, {"price": "0.9", "size": "240"}, {"price": "0.89", "size": "16.71"}, {"price": "0.84", "size": "12.5"}], "event_type": "book", "last_trade_price": ""}]}
{"_local_timestamp": "2026-01-25T23:34:50.683012+00:00", "data": {"market": "0x97aaa03f0c545a6abf48707d15a371e2a26ee6eede403af9918576593f02f101", "price_changes": [{"asset_id": "46310773526057394783005878645629520462928413976812988700008835901259175391077", "price": "0.11", "size": "6.71", "side": "BUY", "hash": "8848952decf1b2382fa97a5854dbcec39364bfed", "best_bid": "0.16", "best_ask": "0.84"}, {"asset_id": "91115594698374620168850916684901463007244954780311319919207727266342255335467", "price": "0.89", "size": "6.71", "side": "SELL", "hash": "00ca075dd2e7ab7d3773a3850785152ceeec89b3", "best_bid": "0.16", "best_ask": "0.84"}], "timestamp": "1769384090605", "event_type": "price_change"}}
{"_local_timestamp": "2026-01-25T23:34:50.932861+00:00", "data": {"market": "0x97aaa03f0c545a6abf48707d15a371e2a26ee6eede403af9918576593f02f101", "price_changes": [{"asset_id": "46310773526057394783005878645629520462928413976812988700008835901259175391077", "price": "0.12", "size": "9.17", "side": "BUY", "hash": "28b61e5e634fcc5a2d67446c331d2ed562656207", "best_bid": "0.16", "best_ask": "0.84"}, {"asset_id": "91115594698374620168850916684901463007244954780311319919207727266342255335467", "price": "0.88", "size": "9.17", "side": "SELL", "hash": "f7c000fdcb5f508a15c2f68605534e2261afa7a9", "best_bid": "0.16", "best_ask": "0.84"}], "timestamp": "1769384090860", "event_type": "price_change"}}
{"_local_timestamp": "2026-01-25T23:35:10.858892+00:00", "data": {"market": "0x97aaa03f0c545a6abf48707d15a371e2a26ee6eede403af9918576593f02f101", "price_changes": [{"asset_id": "91115594698374620168850916684901463007244954780311319919207727266342255335467", "price": "0.12", "size": "0", "side": "BUY", "hash": "2349e36b1bfdf6bed602223058ed8c6b03b794a7", "best_bid": "0.16", "best_ask": "0.84"}, {"asset_id": "46310773526057394783005878645629520462928413976812988700008835901259175391077", "price": "0.88", "size": "0", "side": "SELL", "hash": "5462faba235bcdce5678f7c74a32211381b295d5", "best_bid": "0.16", "best_ask": "0.84"}], "timestamp": "1769384110593", "event_type": "price_change"}}
{"_local_timestamp": "2026-01-25T23:35:11.218023+00:00", "data": {"market": "0x97aaa03f0c545a6abf48707d15a371e2a26ee6eede403af9918576593f02f101", "price_changes": [{"asset_id": "91115594698374620168850916684901463007244954780311319919207727266342255335467", "price": "0.01", "size": "456.82", "side": "BUY", "hash": "94cccdc1a83bc96c52ae6aad78af49604be553ea", "best_bid": "0.16", "best_ask": "0.84"}, {"asset_id": "46310773526057394783005878645629520462928413976812988700008835901259175391077", "price": "0.99", "size": "456.82", "side": "SELL", "hash": "bb51aebdfde82c30f41bb673b00634d4ef12255f", "best_bid": "0.16", "best_ask": "0.84"}], "timestamp": "1769384111015", "event_type": "price_change"}}
{"_local_timestamp": "2026-01-25T23:35:11.222316+00:00", "data": {"market": "0x97aaa03f0c545a6abf48707d15a371e2a26ee6eede403af9918576593f02f101", "price_changes": [{"asset_id": "91115594698374620168850916684901463007244954780311319919207727266342255335467", "price": "0.13", "size": "6.78", "side": "BUY", "hash": "ee21b28fdc1ac489f7490607ccdb66489fcae06e", "best_bid": "0.16", "best_ask": "0.84"}, {"asset_id": "46310773526057394783005878645629520462928413976812988700008835901259175391077", "price": "0.87", "size": "6.78", "side": "SELL", "hash": "d49a3580023c8e853202a4a40830ad00ff00153d", "best_bid": "0.16", "best_ask": "0.84"}], "timestamp": "1769384111016", "event_type": "price_change"}}
{"_local_timestamp": "2026-01-25T23:35:11.222711+00:00", "data": {"market": "0x97aaa03f0c545a6abf48707d15a371e2a26ee6eede403af9918576593f02f101", "price_changes": [{"asset_id": "91115594698374620168850916684901463007244954780311319919207727266342255335467", "price": "0.09", "size": "10.45", "side": "BUY", "hash": "c77a366a0b70742a95ffe6bf17aa44afcfa043a2", "best_bid": "0.16", "best_ask": "0.84"}, {"asset_id": "46310773526057394783005878645629520462928413976812988700008835901259175391077", "price": "0.91", "size": "10.45", "side": "SELL", "hash": "bbc4094c1eeedc7fe5304984d01844c04ba1956c", "best_bid": "0.16", "best_ask": "0.84"}], "timestamp": "1769384111017", "event_type": "price_change"}}
{"_local_timestamp": "2026-01-25T23:36:59.764862+00:00", "data": {"market": "0x97aaa03f0c545a6abf48707d15a371e2a26ee6eede403af9918576593f02f101", "price_changes": [{"asset_id": "46310773526057394783005878645629520462928413976812988700008835901259175391077", "price": "0.12", "size": "0", "side": "BUY", "hash": "52530d8e72aab0e978284cbeffdfd2cc6b94e1b2", "best_bid": "0.16", "best_ask": "0.84"}, {"asset_id": "91115594698374620168850916684901463007244954780311319919207727266342255335467", "price": "0.88", "size": "0", "side": "SELL", "hash": "8f1bf329df5a39c40eb832ab638a34bc66d70794", "best_bid": "0.16", "best_ask": "0.84"}], "timestamp": "1769384219699", "event_type": "price_change"}}
{"_local_timestamp": "2026-01-25T23:37:01.826019+00:00", "data": {"market": "0x97aaa03f0c545a6abf48707d15a371e2a26ee6eede403af9918576593f02f101", "price_changes": [{"asset_id": "46310773526057394783005878645629520462928413976812988700008835901259175391077", "price": "0.13", "size": "8.46", "side": "BUY", "hash": "e73bf204e6da3137853fe7d698d37e25cf3743f0", "best_bid": "0.16", "best_ask": "0.84"}, {"asset_id": "91115594698374620168850916684901463007244954780311319919207727266342255335467", "price": "0.87", "size": "8.46", "side": "SELL", "hash": "fecb788b28340ac6f097edf1a36ddfde13e9cea5", "best_bid": "0.16", "best_ask": "0.84"}], "timestamp": "1769384221747", "event_type": "price_change"}}
{"_local_timestamp": "2026-01-25T23:37:01.932972+00:00", "data": {"market": "0x97aaa03f0c545a6abf48707d15a371e2a26ee6eede403af9918576593f02f101", "price_changes": [{"asset_id": "91115594698374620168850916684901463007244954780311319919207727266342255335467", "price": "0.09", "size": "5.04", "side": "BUY", "hash": "b523d4125d4ea2c6b41b3cac4753f300846fad7c", "best_bid": "0.16", "best_ask": "0.84"}, {"asset_id": "46310773526057394783005878645629520462928413976812988700008835901259175391077", "price": "0.91", "size": "5.04", "side": "SELL", "hash": "fdff29b6d8bbaac38580d15bf61999fada1df79b", "best_bid": "0.16", "best_ask": "0.84"}], "timestamp": "1769384221866", "event_type": "price_change"}}
{"_local_timestamp": "2026-01-25T23:37:01.935056+00:00", "data": {"market": "0x97aaa03f0c545a6abf48707d15a371e2a26ee6eede403af9918576593f02f101", "price_changes": [{"asset_id": "91115594698374620168850916684901463007244954780311319919207727266342255335467", "price": "0.13", "size": "0", "side": "BUY", "hash": "b523d4125d4ea2c6b41b3cac4753f300846fad7c", "best_bid": "0.16", "best_ask": "0.84"}, {"asset_id": "46310773526057394783005878645629520462928413976812988700008835901259175391077", "price": "0.87", "size": "0", "side": "SELL", "hash": "fdff29b6d8bbaac38580d15bf61999fada1df79b", "best_bid": "0.16", "best_ask": "0.84"}], "timestamp": "1769384221866", "event_type": "price_change"}}
{"_local_timestamp": "2026-01-25T23:37:04.302700+00:00", "data": {"market": "0x97aaa03f0c545a6abf48707d15a371e2a26ee6eede403af9918576593f02f101", "price_changes": [{"asset_id": "91115594698374620168850916684901463007244954780311319919207727266342255335467", "price": "0.14", "size": "8.77", "side": "BUY", "hash": "051496b1c57111672e7a98981bb83f166dd5ce0a", "best_bid": "0.16", "best_ask": "0.84"}, {"asset_id": "46310773526057394783005878645629520462928413976812988700008835901259175391077", "price": "0.86", "size": "8.77", "side": "SELL", "hash": "666e3263f82e3f0b08c4ca9b44df62409bc7a6b3", "best_bid": "0.16", "best_ask": "0.84"}], "timestamp": "1769384224224", "event_type": "price_change"}}
{"_local_timestamp": "2026-01-25T23:37:04.303086+00:00", "data": {"market": "0x97aaa03f0c545a6abf48707d15a371e2a26ee6eede403af9918576593f02f101", "price_changes": [{"asset_id": "91115594698374620168850916684901463007244954780311319919207727266342255335467", "price": "0.01", "size": "470.99", "side": "BUY", "hash": "b1e301b3f8a0c8dff1897e6a4ca40de4c12bb9dc", "best_bid": "0.16", "best_ask": "0.84"}, {"asset_id": "46310773526057394783005878645629520462928413976812988700008835901259175391077", "price": "0.99", "size": "470.99", "side": "SELL", "hash": "0c29b43e7884c2d17c6ed02069b162a817c46345", "best_bid": "0.16", "best_ask": "0.84"}], "timestamp": "1769384224224", "event_type": "price_change"}}
