{"_local_timestamp": "2026-01-25T23:40:43.182950+00:00", "data": [{"market": "0x1faa20762d1c728eabfa1fa67a527424993cb4d26e824e1bf05154ffa1dee1b1", "asset_id": "94547373024010102951905828700448844553086593596995755462901188098139919773916", "timestamp": "1769384437398", "hash": "75ce89bc3fcfeafe91806e88d517ab3a9a39fb5f", "bids": [{"price": "0.01", "size": "3866.66"}, {"price": "0.02", "size": "1209.46"}, {"price": "0.03", "size": "200"}, {"price": "0.05", "size": "10"}, {"price": "0.06", "size": "133"}, {"price": "0.07", "size": "300"}, {"price": "0.08", "size": "205.96"}, {"price": "0.11", "size": "225"}, {"price": "0.16", "size": "150"}, {"price": "0.21", "size": "100"}, {"price": "0.26", "size": "152"}, {"price": "0.28", "size": "66.66"}, {"price": "0.56", "size": "66.66"}, {"price": "0.57", "size": "11.1"}], "asks": [{"price": "0.99", "size": "105.63"}, {"price": "0.98", "size": "33.39"}, {"price": "0.95", "size": "30"}, {"price": "0.94", "size": "104.83"}, {"price": "0.93", "size": "72"}, {"price": "0.92", "size": "7.9"}, {"price": "0.9", "size": "79"}, {"price": "0.89", "size": "66.66"}], "event_type": "book", "last_trade_price": ""}, {"market": "0x3ffc7e76fc7327b02d5fbf1471ca6f54672308b1459a574cdc52a7c11658342e", "asset_id": "69233119095705697908558837325923832968754953887917597430925984080048904985420", "timestamp": "1769384426807", "hash": "895a6ca47e0db4ba5fd042519185f9de96d624d8", "bids": [{"price": "0.01", "size": "5874.6"}, {"price": "0.02", "size": "2207.85"}, {"price": "0.03", "size": "300"}, {"price": "0.04", "size": "7.07"}, {"price": "0.05", "size": "30"}, {"price": "0.06", "size": "533"}, {"price": "0.08", "size": "6.76"}, {"price": "0.1", "size": "200"}, {"price": "0.11", "size": "225"}, {"price": "0.18", "size": "5.21"}, {"price": "0.2", "size": "200"}, {"price": "0.23", "size": "225"}, {"price": "0.27", "size": "50"}, {"price": "0.29", "size": "66.66"}, {"price": "0.3", "size": "26"}, {"price": "0.57", "size": "105.66"}], "asks": [{"price": "0.99", "size": "86.09"}, {"price": "0.98", "size": "33"}, {"price": "0.97", "size": "21.81"}, {"price": "0.96", "size": "66.66"}, {"price": "0.95", "size": "5.96"}, {"price": "0.91", "size": "77.76"}], "event_type": "book", "last_trade_price": ""}, {"market": "0x65bb8cffb4fa53ee3cb7cd09e99f02b2fd6f3439152e3efd49461a99f95c1b70", "asset_id": "91546931141525445347845564586214712258578721548462301361601435335879245741527", "timestamp": "1769384413461", "hash": "7dcca89811e14ab6acdacb96cc29c3c49186ae1a", "bids": [{"price": "0.01", "size": "101.05"}, {"price": "0.02", "size": "57.46"}, {"price": "0.03", "size": "56.66"}], "asks": [{"price": "0.99", "size": "5614.69"}, {"price": "0.98", "size": "2200"}, {"price": "0.97", "size": "8.79"}, {"price": "0.95", "size": "30"}, {"price": "0.94", "size": "33"}, {"price": "0.93", "size": "7.96"}, {"price": "0.92", "size": "1050"}, {"price": "0.88", "size": "508.33"}, {"price": "0.83", "size": "338.23"}, {"price": "0.82", "size": "5.73"}, {"price": "0.79", "size": "133.33"}, {"price": "0.75", "size": "104"}, {"price": "0.71", "size": "82.75"}, {"price": "0.7", "size": "41"}, {"price": "0.67", "size": "60.6"}, {"price": "0.59", "size": "100"}, {"price": "0.58", "size": "5"}, {"price": "0.57", "size": "158"}, {"price": "0.56", "size": "20"}, {"price": "0.2", "size": "5"}], "event_type": "book", "last_trade_price": ""}, {"market": "0x3ffc7e76fc7327b02d5fbf1471ca6f54672308b1459a574cdc52a7c11658342e", "asset_id": "7116235510228401591257321609801662381636850186915811395906102800764822227676", "timestamp": "1769384426807", "hash": "6d0372d9daf1a5f10a822d0c8d00d266e24ec900", "bids": [{"price": "0.01", "size": "86.09"}, {"price": "0.02", "size": "33"}, {"price": "0.03", "size": "21.81"}, {"price": "0.04", "size": "66.66"}, {"price": "0.05", "size": "5.96"}, {"price": "0.09", "size": "77.76"}], "asks": [{"price": "0.99", "size": "5874.6"}, {"price": "0.98", "size": "2207.85"}, {"price": "0.97", "size": "300"}, {"price": "0.96", "size": "7.07"}, {"price": "0.95", "size": "30"}, {"price": "0.94", "size": "533"}, {"price": "0.92", "size": "6.76"}, {"price": "0.9", "size": "200"}, {"price": "0.89", "size": "225"}, {"price": "0.82", "size": "5.21"}, {"price": "0.8", "size": "200"}, {"price": "0.77", "size": "225"}, {"price": "0.73", "size": "50"}, {"price": "0.71", "size": "66.66"}, {"price": "0.7", "size": "26"}, {"price": "0.43", "size": "105.66"}], "event_type": "book", "last_trade_price": ""}, {"market": "0x65bb8cffb4fa53ee3cb7cd09e99f02b2fd6f3439152e3efd49461a99f95c1b70", "asset_id": "104969573441206287702240849417624955517791989957463789942621898423533396553109", "timestamp": "1769384413461", "hash": "c9024510919bcb717afb2ef4e0c2b71197fc0932", "bids": [{"price": "0.01", "size": "5614.69"}, {"price": "0.02", "size": "2200"}, {"price": "0.03", "size": "8.79"}, {"price": "0.05", "size": "30"}, {"price": "0.06", "size": "33"}, {"price": "0.07", "size": "7.96"}, {"price": "0.08", "size": "1050"}, {"price": "0.12", "size": "508.33"}, {"price": "0.17", "size": "338.23"}, {"price": "0.18", "size": "5.73"}, {"price": "0.21", "size": "133.33"}, {"price": "0.25", "size": "104"}, {"price": "0.29", "size": "82.75"}, {"price": "0.3", "size": "41"}, {"price": "0.33", "size": "60.6"}, {"price": "0.41", "size": "100"}, {"price": "0.42", "size": "5"}, {"price": "0.43", "size": "158"}, {"price": "0.44", "size": "20"}, {"price": "0.8", "size": "5"}], "asks": [{"price": "0.99", "size": "101.05"}, {"price": "0.98", "size": "57.46"}, {"price": "0.97", "size": "56.66"}], "event_type": "book", "last_trade_price": ""}, {"market": "0x1faa20762d1c728eabfa1fa67a527424993cb4d26e824e1bf05154ffa1dee1b1", "asset_id": "65890492268827274414614947866859506144952787985155870954013666159959056162741", "timestamp": "1769384437398", "hash": "7b83e951142a5d47d09904efd15775c68171f074", "bids": [{"price": "0.01", "size": "105.63"}, {"price": "0.02", "size": "33.39"}, {"price": "0.05", "size": "30"}, {"price": "0.06", "size": "104.83"}, {"price": "0.07", "size": "72"}, {"price": "0.08", "size": "7.9"}, {"price": "0.1", "size": "79"}, {"price": "0.11", "size": "66.66"}], "asks": [{"price": "0.99", "size": "3866.66"}, {"price": "0.98", "size": "1209.46"}, {"price": "0.97", "size": "200"}, {"price": "0.95", "size": "10"}, {"price": "0.94", "size": "133"}, {"price": "0.93", "size": "300"}, {"price": "0.92", "size": "205.96"}, {"price": "0.89", "size": "225"}, {"price": "0.84", "size": "150"}, {"price": "0.79", "size": "100"}, {"price": "0.74", "size": "152"}, {"price": "0.72", "size": "66.66"}, {"price": "0.44", "size": "66.66"}, {"price": "0.43", "size": "11.1"}], "event_type": "book", "last_trade_price": ""}]}
{"_local_timestamp": "2026-01-25T23:40:47.911058+00:00", "data": {"market": "0x1faa20762d1c728eabfa1fa67a527424993cb4d26e824e1bf05154ffa1dee1b1", "price_changes": [{"asset_id": "65890492268827274414614947866859506144952787985155870954013666159959056162741", "price": "0.11", "size": "86.66", "side": "BUY", "hash": "26cdc7dba229e6849313ec665b3a583d92cfd993", "best_bid": "0.11", "best_ask": "0.43"}, {"asset_id": "94547373024010102951905828700448844553086593596995755462901188098139919773916", "price": "0.89", "size": "86.66", "side": "SELL", "hash": "5f909acaf57d155cb46b65db4c48bd88dbcbcdfc", "best_bid": "0.57", "best_ask": "0.89"}], "timestamp": "1769384447846", "event_type": "price_change"}}
{"_local_timestamp": "2026-01-25T23:40:53.570167+00:00", "data": {"market": "0x65bb8cffb4fa53ee3cb7cd09e99f02b2fd6f3439152e3efd49461a99f95c1b70", "price_changes": [{"asset_id": "104969573441206287702240849417624955517791989957463789942621898423533396553109", "price": "0.12", "size": "558.33", "side": "BUY", "hash": "4b18e819fee6c102df7c1536bcbb8535bf9edda8", "best_bid": "0.8", "best_ask": "0.97"}, {"asset_id": "91546931141525445347845564586214712258578721548462301361601435335879245741527", "price": "0.88", "size": "558.33", "side": "SELL", "hash": "0fe45ecd3c6b9a9ca9e5ed11ae4b4a02e8b74d61", "best_bid": "0.03", "best_ask": "0.2"}], "timestamp": "1769384453488", "event_type": "price_change"}}
{"_local_timestamp": "2026-01-25T23:40:54.361987+00:00", "data": {"market": "0x1faa20762d1c728eabfa1fa67a527424993cb4d26e824e1bf05154ffa1dee1b1", "price_changes": [{"asset_id": "65890492268827274414614947866859506144952787985155870954013666159959056162741", "price": "0.1", "size": "0", "side": "BUY", "hash": "a509e5435470a8efedeeb4ceccf63e6bf5647ac8", "best_bid": "0.11", "best_ask": "0.43"}, {"asset_id": "94547373024010102951905828700448844553086593596995755462901188098139919773916", "price": "0.9", "size": "0", "side": "SELL", "hash": "6b7277537d02e206d864368da5c4e7d30346ec9e", "best_bid": "0.57", "best_ask": "0.89"}], "timestamp": "1769384454295", "event_type": "price_change"}}
{"_local_timestamp": "2026-01-25T23:40:59.204064+00:00", "data": {"market": "0x3ffc7e76fc7327b02d5fbf1471ca6f54672308b1459a574cdc52a7c11658342e", "price_changes": [{"asset_id": "69233119095705697908558837325923832968754953887917597430925984080048904985420", "price": "0.02", "size": "1807.85", "side": "BUY", "hash": "0b7e450583f9479e17323f10a0484917cbfcab1a", "best_bid": "0.57", "best_ask": "0.91"}, {"asset_id": "7116235510228401591257321609801662381636850186915811395906102800764822227676", "price": "0.98", "size": "1807.85", "side": "SELL", "hash": "9a60b5897ad1ccd828efb88b1cd65efb60cde8f2", "best_bid": "0.09", "best_ask": "0.43"}], "timestamp": "1769384459102", "event_type": "price_change"}}
{"_local_timestamp": "2026-01-25T23:40:59.545008+00:00", "data": {"market": "0x3ffc7e76fc7327b02d5fbf1471ca6f54672308b1459a574cdc52a7c11658342e", "price_changes": [{"asset_id": "69233119095705697908558837325923832968754953887917597430925984080048904985420", "price": "0.03", "size": "700", "side": "BUY", "hash": "5760f2a08cfa6899e0b4745d6d29853ce3df8f03", "best_bid": "0.57", "best_ask": "0.91"}, {"asset_id": "7116235510228401591257321609801662381636850186915811395906102800764822227676", "price": "0.97", "size": "700", "side": "SELL", "hash": "f0c9a8a2e05e3d67799b332d14e15c572d3bd820", "best_bid": "0.09", "best_ask": "0.43"}], "timestamp": "1769384459442", "event_type": "price_change"}}
{"_local_timestamp": "2026-01-25T23:41:40.231767+00:00", "data": {"market": "0x3ffc7e76fc7327b02d5fbf1471ca6f54672308b1459a574cdc52a7c11658342e", "price_changes": [{"asset_id": "69233119095705697908558837325923832968754953887917597430925984080048904985420", "price": "0.02", "size": "1007.85", "side": "BUY", "hash": "fa10e749724175b487eabba4f32f91a1ccf7b546", "best_bid": "0.57", "best_ask": "0.91"}, {"asset_id": "7116235510228401591257321609801662381636850186915811395906102800764822227676", "price": "0.98", "size": "1007.85", "side": "SELL", "hash": "f289d500f088633033cb3dcf45c8aa7968d60ea5", "best_bid": "0.09", "best_ask": "0.43"}], "timestamp": "1769384500155", "event_type": "price_change"}}
{"_local_timestamp": "2026-01-25T23:41:40.570479+00:00", "data": {"market": "0x3ffc7e76fc7327b02d5fbf1471ca6f54672308b1459a574cdc52a7c11658342e", "price_changes": [{"asset_id": "69233119095705697908558837325923832968754953887917597430925984080048904985420", "price": "0.03", "size": "1500", "side": "BUY", "hash": "438574c4a62643470a5c6350d2184505ff149093", "best_bid": "0.57", "best_ask": "0.91"}, {"asset_id": "7116235510228401591257321609801662381636850186915811395906102800764822227676", "price": "0.97", "size": "1500", "side": "SELL", "hash": "d00eb2bee64e4fbc3fd64814619dcb2d0a6a2839", "best_bid": "0.09", "best_ask": "0.43"}], "timestamp": "1769384500484", "event_type": "price_change"}}
{"_local_timestamp": "2026-01-25T23:41:57.833627+00:00", "data": {"market": "0x3ffc7e76fc7327b02d5fbf1471ca6f54672308b1459a574cdc52a7c11658342e", "price_changes": [{"asset_id": "69233119095705697908558837325923832968754953887917597430925984080048904985420", "price": "0.02", "size": "1000", "side": "BUY", "hash": "a14827d9b2f90b95f51d689778c62ac3a74d9fea", "best_bid": "0.57", "best_ask": "0.91"}, {"asset_id": "7116235510228401591257321609801662381636850186915811395906102800764822227676", "price": "0.98", "size": "1000", "side": "SELL", "hash": "0e73b957dfbf448e07b16d54a3b0ecc8fe4b9474", "best_bid": "0.09", "best_ask": "0.43"}], "timestamp": "1769384517763", "event_type": "price_change"}}
{"_local_timestamp": "2026-01-25T23:41:57.834370+00:00", "data": {"market": "0x3ffc7e76fc7327b02d5fbf1471ca6f54672308b1459a574cdc52a7c11658342e", "price_changes": [{"asset_id": "69233119095705697908558837325923832968754953887917597430925984080048904985420", "price": "0.04", "size": "0", "side": "BUY", "hash": "a14827d9b2f90b95f51d689778c62ac3a74d9fea", "best_bid": "0.57", "best_ask": "0.91"}, {"asset_id": "7116235510228401591257321609801662381636850186915811395906102800764822227676", "price": "0.96", "size": "0", "side": "SELL", "hash": "0e73b957dfbf448e07b16d54a3b0ecc8fe4b9474", "best_bid": "0.09", "best_ask": "0.43"}], "timestamp": "1769384517763", "event_type": "price_change"}}
{"_local_timestamp": "2026-01-25T23:41:57.834651+00:00", "data": {"market": "0x3ffc7e76fc7327b02d5fbf1471ca6f54672308b1459a574cdc52a7c11658342e", "price_changes": [{"asset_id": "69233119095705697908558837325923832968754953887917597430925984080048904985420", "price": "0.08", "size": "0", "side": "BUY", "hash": "a14827d9b2f90b95f51d689778c62ac3a74d9fea", "best_bid": "0.57", "best_ask": "0.91"}, {"asset_id": "7116235510228401591257321609801662381636850186915811395906102800764822227676", "price": "0.92", "size": "0", "side": "SELL", "hash": "0e73b957dfbf448e07b16d54a3b0ecc8fe4b9474", "best_bid": "0.09", "best_ask": "0.43"}], "timestamp": "1769384517763", "event_type": "price_change"}}
{"_local_timestamp": "2026-01-25T23:41:57.834946+00:00", "data": {"market": "0x3ffc7e76fc7327b02d5fbf1471ca6f54672308b1459a574cdc52a7c11658342e", "price_changes": [{"asset_id": "69233119095705697908558837325923832968754953887917597430925984080048904985420", "price": "0.18", "size": "0", "side": "BUY", "hash": "a14827d9b2f90b95f51d689778c62ac3a74d9fea", "best_bid": "0.57", "best_ask": "0.91"}, {"asset_id": "7116235510228401591257321609801662381636850186915811395906102800764822227676", "price": "0.82", "size": "0", "side": "SELL", "hash": "0e73b957dfbf448e07b16d54a3b0ecc8fe4b9474", "best_bid": "0.09", "best_ask": "0.43"}], "timestamp": "1769384517763", "event_type": "price_change"}}
{"_local_timestamp": "2026-01-25T23:41:58.255592+00:00", "data": {"market": "0x1faa20762d1c728eabfa1fa67a527424993cb4d26e824e1bf05154ffa1dee1b1", "price_changes": [{"asset_id": "65890492268827274414614947866859506144952787985155870954013666159959056162741", "price": "0.01", "size": "89.72", "side": "BUY", "hash": "64861e6d5ee1cc9e86f92a2728b5c8f2426887b3", "best_bid": "0.11", "best_ask": "0.43"}, {"asset_id": "94547373024010102951905828700448844553086593596995755462901188098139919773916", "price": "0.99", "size": "89.72", "side": "SELL", "hash": "e3345dd34fe89e06bc34eae9cacc20706bbf26c8", "best_bid": "0.57", "best_ask": "0.89"}], "timestamp": "1769384518188", "event_type": "price_change"}}
{"_local_timestamp": "2026-01-25T23:41:58.844952+00:00", "data": {"market": "0x3ffc7e76fc7327b02d5fbf1471ca6f54672308b1459a574cdc52a7c11658342e", "price_changes": [{"asset_id": "69233119095705697908558837325923832968754953887917597430925984080048904985420", "price": "0.12", "size": "10.3", "side": "BUY", "hash": "c06f3636a3696bd06fb20b80650b7c8eb96366ad", "best_bid": "0.57", "best_ask": "0.91"}, {"asset_id": "7116235510228401591257321609801662381636850186915811395906102800764822227676", "price": "0.88", "size": "10.3", "side": "SELL", "hash": "39854a6b211bf159ba28e0d29abcfbccd0d4dbde", "best_bid": "0.09", "best_ask": "0.43"}], "timestamp": "1769384518780", "event_type": "price_change"}}
{"_local_timestamp": "2026-01-25T23:41:59.009101+00:00", "data": {"market": "0x1faa20762d1c728eabfa1fa67a527424993cb4d26e824e1bf05154ffa1dee1b1", "price_changes": [{"asset_id": "65890492268827274414614947866859506144952787985155870954013666159959056162741", "price": "0.01", "size": "105.65", "side": "BUY", "hash": "b42a3f623dc86d9606917ccf6fb68d3ddfb91aa4", "best_bid": "0.11", "best_ask": "0.43"}, {"asset_id": "94547373024010102951905828700448844553086593596995755462901188098139919773916", "price": "0.99", "size": "105.65", "side": "SELL", "hash": "a1a8886cdbfc2b9fe09acf4597e7811754e51bbd", "best_bid": "0.57", "best_ask": "0.89"}], "timestamp": "1769384518941", "event_type": "price_change"}}
{"_local_timestamp": "2026-01-25T23:42:00.684518+00:00", "data": {"market": "0x3ffc7e76fc7327b02d5fbf1471ca6f54672308b1459a574cdc52a7c11658342e", "price_changes": [{"asset_id": "69233119095705697908558837325923832968754953887917597430925984080048904985420", "price": "0.06", "size": "539.28", "side": "BUY", "hash": "aef74b313ade3ebf2aac0f6fb9b47f41ec312241", "best_bid": "0.57", "best_ask": "0.91"}, {"asset_id": "7116235510228401591257321609801662381636850186915811395906102800764822227676", "price": "0.94", "size": "539.28", "side": "SELL", "hash": "2497fa3fbcf4fd8191de98d94615c0d00ce64999", "best_bid": "0.09", "best_ask": "0.43"}], "timestamp": "1769384520613", "event_type": "price_change"}}
{"_local_timestamp": "2026-01-25T23:42:00.684905+00:00", "data": {"market": "0x3ffc7e76fc7327b02d5fbf1471ca6f54672308b1459a574cdc52a7c11658342e", "price_changes": [{"asset_id": "69233119095705697908558837325923832968754953887917597430925984080048904985420", "price": "0.03", "size": "1507.43", "side": "BUY", "hash": "c0ed24f696782a83cd0622d6b5c0c388721dc14b", "best_bid": "0.57", "best_ask": "0.91"}, {"asset_id": "7116235510228401591257321609801662381636850186915811395906102800764822227676", "price": "0.97", "size": "1507.43", "side": "SELL", "hash": "e58afa71038ebd3355020b3703474af76c77fa03", "best_bid": "0.09", "best_ask": "0.43"}], "timestamp": "1769384520615", "event_type": "price_change"}}
{"_local_timestamp": "2026-01-25T23:42:00.685149+00:00", "data": {"market": "0x3ffc7e76fc7327b02d5fbf1471ca6f54672308b1459a574cdc52a7c11658342e", "price_changes": [{"asset_id": "69233119095705697908558837325923832968754953887917597430925984080048904985420", "price": "0.01", "size": "5882.98", "side": "BUY", "hash": "0e737ec32e8ccc02acf2e2b18b449bc67bbc5f63", "best_bid": "0.57", "best_ask": "0.91"}, {"asset_id": "7116235510228401591257321609801662381636850186915811395906102800764822227676", "price": "0.99", "size": "5882.98", "side": "SELL", "hash": "2b9061cdfce61580dce513673981236552a6a564", "best_bid": "0.09", "best_ask": "0.43"}], "timestamp": "1769384520616", "event_type": "price_change"}}
{"_local_timestamp": "2026-01-25T23:42:25.076490+00:00", "data": {"market": "0x65bb8cffb4fa53ee3cb7cd09e99f02b2fd6f3439152e3efd49461a99f95c1b70", "price_changes": [{"asset_id": "104969573441206287702240849417624955517791989957463789942621898423533396553109", "price": "0.12", "size": "683.33", "side": "BUY", "hash": "53a38d04803a2983ea409d4db8f33209aab9018e", "best_bid": "0.8", "best_ask": "0.97"}, {"asset_id": "91546931141525445347845564586214712258578721548462301361601435335879245741527", "price": "0.88", "size": "683.33", "side": "SELL", "hash": "7d811c0971225e3b6711ab8165979151f7a063dc", "best_bid": "0.03", "best_ask": "0.2"}], "timestamp": "1769384544907", "event_type": "price_change"}}
{"_local_timestamp": "2026-01-25T23:42:39.752698+00:00", "data": {"market": "0x3ffc7e76fc7327b02d5fbf1471ca6f54672308b1459a574cdc52a7c11658342e", "price_changes": [{"asset_id": "69233119095705697908558837325923832968754953887917597430925984080048904985420", "price": "0.03", "size": "1107.43", "side": "BUY", "hash": "bebbab93c203f7646231a5f548e9247326110778", "best_bid": "0.57", "best_ask": "0.91"}, {"asset_id": "7116235510228401591257321609801662381636850186915811395906102800764822227676", "price": "0.97", "size": "1107.43", "side": "SELL", "hash": "ece247977e310f77ae4ca58c3afa3960c95ac6c8", "best_bid": "0.09", "best_ask": "0.43"}], "timestamp": "1769384559565", "event_type": "price_change"}}
{"_local_timestamp": "2026-01-25T23:42:40.130962+00:00", "data": {"market": "0x65bb8cffb4fa53ee3cb7cd09e99f02b2fd6f3439152e3efd49461a99f95c1b70", "price_changes": [{"asset_id": "104969573441206287702240849417624955517791989957463789942621898423533396553109", "price": "0.08", "size": "1250", "side": "BUY", "hash": "087f1f0aa9e14ae1be9e11a4f1c413f38e60432e", "best_bid": "0.8", "best_ask": "0.97"}, {"asset_id": "91546931141525445347845564586214712258578721548462301361601435335879245741527", "price": "0.92", "size": "1250", "side": "SELL", "hash": "c6b974a9ffd90db7d96b06f9706d9e292b54b1be", "best_bid": "0.03", "best_ask": "0.2"}], "timestamp": "1769384559916", "event_type": "price_change"}}
{"_local_timestamp": "2026-01-25T23:42:40.163191+00:00", "data": {"market": "0x3ffc7e76fc7327b02d5fbf1471ca6f54672308b1459a574cdc52a7c11658342e", "price_changes": [{"asset_id": "69233119095705697908558837325923832968754953887917597430925984080048904985420", "price": "0.02", "size": "1400", "side": "BUY", "hash": "89f1a0d9608fdace9bcd9e0b59200dde46b90c9b", "best_bid": "0.57", "best_ask": "0.91"}, {"asset_id": "7116235510228401591257321609801662381636850186915811395906102800764822227676", "price": "0.98", "size": "1400", "side": "SELL", "hash": "1702383963d1d74f99d280dfa89fe3978ffbf9db", "best_bid": "0.09", "best_ask": "0.43"}], "timestamp": "1769384559925", "event_type": "price_change"}}
{"_local_timestamp": "2026-01-25T23:43:19.985493+00:00", "data": {"market": "0x65bb8cffb4fa53ee3cb7cd09e99f02b2fd6f3439152e3efd49461a99f95c1b70", "price_changes": [{"asset_id": "91546931141525445347845564586214712258578721548462301361601435335879245741527", "price": "0.01", "size": "81.32", "side": "BUY", "hash": "d874f7c6bde2b4d43080f35b47f00e4e97483ace", "best_bid": "0.03", "best_ask": "0.2"}, {"asset_id": "104969573441206287702240849417624955517791989957463789942621898423533396553109", "price": "0.99", "size": "81.32", "side": "SELL", "hash": "a190a43a629ab02c5ec68e7996a8dd610c26d9bb", "best_bid": "0.8", "best_ask": "0.97"}], "timestamp": "1769384599865", "event_type": "price_change"}}
{"_local_timestamp": "2026-01-25T23:43:19.986234+00:00", "data": {"market": "0x65bb8cffb4fa53ee3cb7cd09e99f02b2fd6f3439152e3efd49461a99f95c1b70", "price_changes": [{"asset_id": "91546931141525445347845564586214712258578721548462301361601435335879245741527", "price": "0.02", "size": "34", "side": "BUY", "hash": "d874f7c6bde2b4d43080f35b47f00e4e97483ace", "best_bid": "0.03", "best_ask": "0.2"}, {"asset_id": "104969573441206287702240849417624955517791989957463789942621898423533396553109", "price": "0.98", "size": "34", "side": "SELL", "hash": "a190a43a629ab02c5ec68e7996a8dd610c26d9bb", "best_bid": "0.8", "best_ask": "0.97"}], "timestamp": "1769384599865", "event_type": "price_change"}}
{"_local_timestamp": "2026-01-25T23:43:19.986523+00:00", "data": {"market": "0x3ffc7e76fc7327b02d5fbf1471ca6f54672308b1459a574cdc52a7c11658342e", "price_changes": [{"asset_id": "7116235510228401591257321609801662381636850186915811395906102800764822227676", "price": "0.01", "size": "66.66", "side": "BUY", "hash": "8ce70c4da229d53a79f7d60b690292067b5bb64a", "best_bid": "0.09", "best_ask": "0.43"}, {"asset_id": "69233119095705697908558837325923832968754953887917597430925984080048904985420", "price": "0.99", "size": "66.66", "side": "SELL", "hash": "b3785be10c23955bc5c8f48d4af6e6ffde4140d4", "best_bid": "0.57", "best_ask": "0.91"}], "timestamp": "1769384599865", "event_type": "price_change"}}
{"_local_timestamp": "2026-01-25T23:43:23.688933+00:00", "data": {"market": "0x65bb8cffb4fa53ee3cb7cd09e99f02b2fd6f3439152e3efd49461a99f95c1b70", "price_changes": [{"asset_id": "91546931141525445347845564586214712258578721548462301361601435335879245741527", "price": "0.01", "size": "101.05", "side": "BUY", "hash": "71bd51cbbbe344620f993e9753a876eaabf3ae0d", "best_bid": "0.03", "best_ask": "0.2"}, {"asset_id": "104969573441206287702240849417624955517791989957463789942621898423533396553109", "price": "0.99", "size": "101.05", "side": "SELL", "hash": "1f9437311f496b7de7994af677fc9090c45a99e5", "best_bid": "0.8", "best_ask": "0.97"}], "timestamp": "1769384603581", "event_type": "price_change"}}
{"_local_timestamp": "2026-01-25T23:43:23.689261+00:00", "data": {"market": "0x3ffc7e76fc7327b02d5fbf1471ca6f54672308b1459a574cdc52a7c11658342e", "price_changes": [{"asset_id": "7116235510228401591257321609801662381636850186915811395906102800764822227676", "price": "0.01", "size": "86.09", "side": "BUY", "hash": "79e13487037c5cea55e171e97af7be4e4c7efc45", "best_bid": "0.09", "best_ask": "0.43"}, {"asset_id": "69233119095705697908558837325923832968754953887917597430925984080048904985420", "price": "0.99", "size": "86.09", "side": "SELL", "hash": "fc8bf53f9a6a8bc1217acfefb2fb47feb2a23f64", "best_bid": "0.57", "best_ask": "0.91"}], "timestamp": "1769384603581", "event_type": "price_change"}}
{"_local_timestamp": "2026-01-25T23:43:23.700523+00:00", "data": {"market": "0x65bb8cffb4fa53ee3cb7cd09e99f02b2fd6f3439152e3efd49461a99f95c1b70", "price_changes": [{"asset_id": "91546931141525445347845564586214712258578721548462301361601435335879245741527", "price": "0.02", "size": "57.46", "side": "BUY", "hash": "eda1da01cc3d54dffe248f242aee1bf6ff5f5920", "best_bid": "0.03", "best_ask": "0.2"}, {"asset_id": "104969573441206287702240849417624955517791989957463789942621898423533396553109", "price": "0.98", "size": "57.46", "side": "SELL", "hash": "4d7a21552c0b801620723c0004d5a6d2b2c6eced", "best_bid": "0.8", "best_ask": "0.97"}], "timestamp": "1769384603582", "event_type": "price_change"}}
{"_local_timestamp": "2026-01-25T23:43:52.523494+00:00", "data": {"market": "0x3ffc7e76fc7327b02d5fbf1471ca6f54672308b1459a574cdc52a7c11658342e", "price_changes": [{"asset_id": "69233119095705697908558837325923832968754953887917597430925984080048904985420", "price": "0.03", "size": "307.43", "side": "BUY", "hash": "e1869f125bfc5f7bf8d243c10a09d489b0028ad7", "best_bid": "0.57", "best_ask": "0.91"}, {"asset_id": "7116235510228401591257321609801662381636850186915811395906102800764822227676", "price": "0.97", "size": "307.43", "side": "SELL", "hash": "8ec09c1be8d2b3bf4fd63f08236105d7a9620d04", "best_bid": "0.09", "best_ask": "0.43"}], "timestamp": "1769384632382", "event_type": "price_change"}}
{"_local_timestamp": "2026-01-25T23:43:52.803935+00:00", "data": {"market": "0x3ffc7e76fc7327b02d5fbf1471ca6f54672308b1459a574cdc52a7c11658342e", "price_changes": [{"asset_id": "69233119095705697908558837325923832968754953887917597430925984080048904985420", "price": "0.02", "size": "2200", "side": "BUY", "hash": "f93fa7ff94687386b22cb021e9c4da9b64d4c4e2", "best_bid": "0.57", "best_ask": "0.91"}, {"asset_id": "7116235510228401591257321609801662381636850186915811395906102800764822227676", "price": "0.98", "size": "2200", "side": "SELL", "hash": "16f7a71e56335523ef2340077f2daf06d7090442", "best_bid": "0.09", "best_ask": "0.43"}], "timestamp": "1769384632651", "event_type": "price_change"}}
{"_local_timestamp": "2026-01-25T23:43:55.581821+00:00", "data": {"market": "0x65bb8cffb4fa53ee3cb7cd09e99f02b2fd6f3439152e3efd49461a99f95c1b70", "price_changes": [{"asset_id": "104969573441206287702240849417624955517791989957463789942621898423533396553109", "price": "0.44", "size": "99", "side": "BUY", "hash": "30a973421c108ad9c22310703812e4bc298ea254", "best_bid": "0.8", "best_ask": "0.97"}, {"asset_id": "91546931141525445347845564586214712258578721548462301361601435335879245741527", "price": "0.56", "size": "99", "side": "SELL", "hash": "cd2471304fd4dab18d8cb9830aef764e91441dbb", "best_bid": "0.03", "best_ask": "0.2"}], "timestamp": "1769384635454", "event_type": "price_change"}}
{"_local_timestamp": "2026-01-25T23:43:55.582219+00:00", "data": {"market": "0x65bb8cffb4fa53ee3cb7cd09e99f02b2fd6f3439152e3efd49461a99f95c1b70", "price_changes": [{"asset_id": "104969573441206287702240849417624955517791989957463789942621898423533396553109", "price": "0.45", "size": "158", "side": "BUY", "hash": "9af5ee3ac1d07e55513fc792fc35c1f037561add", "best_bid": "0.8", "best_ask": "0.97"}, {"asset_id": "91546931141525445347845564586214712258578721548462301361601435335879245741527", "price": "0.55", "size": "158", "side": "SELL", "hash": "a49d86655f2a6a6ac48e2ced23a60cfefdefb666", "best_bid": "0.03", "best_ask": "0.2"}], "timestamp": "1769384635454", "event_type": "price_change"}}
{"_local_timestamp": "2026-01-25T23:43:55.692813+00:00", "data": {"market": "0x65bb8cffb4fa53ee3cb7cd09e99f02b2fd6f3439152e3efd49461a99f95c1b70", "price_changes": [{"asset_id": "104969573441206287702240849417624955517791989957463789942621898423533396553109", "price": "0.44", "size": "79", "side": "BUY", "hash": "1d64af7c4e6e096cc0f21688256b9b78cffc3290", "best_bid": "0.8", "best_ask": "0.97"}, {"asset_id": "91546931141525445347845564586214712258578721548462301361601435335879245741527", "price": "0.56", "size": "79", "side": "SELL", "hash": "8a3b990bddcf4933844df0293bc192e93e3dbd80", "best_bid": "0.03", "best_ask": "0.2"}], "timestamp": "1769384635561", "event_type": "price_change"}}
{"_local_timestamp": "2026-01-25T23:43:55.708056+00:00", "data": {"market": "0x65bb8cffb4fa53ee3cb7cd09e99f02b2fd6f3439152e3efd49461a99f95c1b70", "price_changes": [{"asset_id": "104969573441206287702240849417624955517791989957463789942621898423533396553109", "price": "0.46", "size": "20", "side": "BUY", "hash": "7b0f873688740963deb7910fff5dbd44ea0c4462", "best_bid": "0.8", "best_ask": "0.97"}, {"asset_id": "91546931141525445347845564586214712258578721548462301361601435335879245741527", "price": "0.54", "size": "20", "side": "SELL", "hash": "48963b5e7bcde181df0c0fbe0a7d6578360a6f33", "best_bid": "0.03", "best_ask": "0.2"}], "timestamp": "1769384635584", "event_type": "price_change"}}
