{"_local_timestamp": "2026-01-25T23:40:43.182950+00:00", "data": [{"market": "0x1faa20762d1c728eabfa1fa67a527424993cb4d26e824e1bf05154ffa1dee1b1", "asset_id": "94547373024010102951905828700448844553086593596995755462901188098139919773916", "timestamp": "1769384437398", "hash": "75ce89bc3fcfeafe91806e88d517ab3a9a39fb5f", "bids": [{"price": "0.01", "size": "3866.66"}, {"price": "0.02", "size": "1209.46"}, {"price": "0.03", "size": "200"}, {"price": "0.05", "size": "10"}, {"price": "0.06", "size": "133"}, {"price": "0.07", "size": "300"}, {"price": "0.08", "size": "205.96"}, {"price": "0.11", "size": "225"}, {"price": "0.16", "size": "150"}, {"price": "0.21", "size": "100"}, {"price": "0.26", "size": "152"}, {"price": "0.28", "size": "66.66"}, {"price": "0.56", "size": "66.66"}, {"price": "0.57", "size": "11.1"}], "asks": [{"price": "0.99", "size": "105.63"}, {"price": "0.98", "size": "33.39"}, {"price": "0.95", "size": "30"}, {"price": "0.94", "size": "104.83"}, {"price": "0.93", "size": "72"}, {"price": "0.92", "size": "7.9"}, {"price": "0.9", "size": "79"}, {"price": "0.89", "size": "66.66"}], "event_type": "book", "last_trade_price": ""}, {"market": "0x3ffc7e76fc7327b02d5fbf1471ca6f54672308b1459a574cdc52a7c11658342e", "asset_id": "69233119095705697908558837325923832968754953887917597430925984080048904985420", "timestamp": "1769384426807", "hash": "895a6ca47e0db4ba5fd042519185f9de96d624d8", "bids": [{"price": "0.01", "size": "5874.6"}, {"price": "0.02", "size": "2207.85"}, {"price": "0.03", "size": "300"}, {"price": "0.04", "size": "7.07"}, {"price": "0.05", "size": "30"}, {"price": "0.06", "size": "533"}, {"price": "0.08", "size": "6.76"}, {"price": "0.1", "size": "200"}, {"price": "0.11", "size": "225"}, {"price": "0.18", "size": "5.21"}, {"price": "0.2", "size": "200"}, {"price": "0.23", "size": "225"}, {"price": "0.27", "size": "50"}, {"price": "0.29", "size": "66.66"}, {"price": "0.3", "size": "26"}, {"price": "0.57", "size": "105.66"}], "asks": [{"price": "0.99", "size": "86.09"}, {"price": "0.98", "size": "33"}, {"price": "0.97", "size": "21.81"}, {"price": "0.96", "size": "66.66"}, {"price": "0.95", "size": "5.96"}, {"price": "0.91", "size": "77.76"}], "event_type": "book", "last_trade_price": ""}, {"market": "0x65bb8cffb4fa53ee3cb7cd09e99f02b2fd6f3439152e3efd49461a99f95c1b70", "asset_id": "91546931141525445347845564586214712258578721548462301361601435335879245741527", "timestamp": "1769384413461", "hash": "7dcca89811e14ab6acdacb96cc29c3c49186ae1a", "bids": [{"price": "0.01", "size": "101.05"}, {"price": "0.02", "size": "57.46"}, {"price": "0.03", "size": "56.66"}], "asks": [{"price": "0.99", "size": "5614.69"}, {"price": "0.98", "size": "2200"}, {"price": "0.97", "size": "8.79"}, {"price": "0.95", "size": "30"}, {"price": "0.94", "size": "33"}, {"price": "0.93", "size": "7.96"}, {"price": "0.92", "size": "1050"}, {"price": "0.88", "size": "508.33"}, {"price": "0.83", "size": "338.23"}, {"price": "0.82", "size": "5.73"}, {"price": "0.79", "size": "133.33"}, {"price": "0.75", "size": "104"}, {"price": "0.71", "size": "82.75"}, {"price": "0.7", "size": "41"}, {"price": "0.67", "size": "60.6"}, {"price": "0.59", "size": "100"}, {"price": "0.58", "size": "5"}, {"price": "0.57", "size": "158"}, {"price": "0.56", "size": "20"}, {"price": "0.2", "size": "5"}], "event_type": "book", "last_trade_price": ""}, {"market": "0x3ffc7e76fc7327b02d5fbf1471ca6f54672308b1459a574cdc52a7c11658342e", "asset_id": "7116235510228401591257321609801662381636850186915811395906102800764822227676", "timestamp": "1769384426807", "hash": "6d0372d9daf1a5f10a822d0c8d00d266e24ec900", "bids": [{"price": "0.01", "size": "86.09"}, {"price": "0.02", "size": "33"}, {"price": "0.03", "size": "21.81"}, {"price": "0.04", "size": "66.66"}, {"price": "0.05", "size": "5.96"}, {"price": "0.09", "size": "77.76"}], "asks": [{"price": "0.99", "size": "5874.6"}, {"price": "0.98", "size": "2207.85"}, {"price": "0.97", "size": "300"}, {"price": "0.96", "size": "7.07"}, {"price": "0.95", "size": "30"}, {"price": "0.94", "size": "533"}, {"price": "0.92", "size": "6.76"}, {"price": "0.9", "size": "200"}, {"price": "0.89", "size": "225"}, {"price": "0.82", "size": "5.21"}, {"price": "0.8", "size": "200"}, {"price": "0.77", "size": "225"}, {"price": "0.73", "size": "50"}, {"price": "0.71", "size": "66.66"}, {"price": "0.7", "size": "26"}, {"price": "0.43", "size": "105.66"}], "event_type": "book", "last_trade_price": ""}, {"market": "0x65bb8cffb4fa53ee3cb7cd09e99f02b2fd6f3439152e3efd49461a99f95c1b70", "asset_id": "104969573441206287702240849417624955517791989957463789942621898423533396553109", "timestamp": "1769384413461", "hash": "c9024510919bcb717afb2ef4e0c2b71197fc0932", "bids": [{"price": "0.01", "size": "5614.69"}, {"price": "0.02", "size": "2200"}, {"price": "0.03", "size": "8.79"}, {"price": "0.05", "size": "30"}, {"price": "0.06", "size": "33"}, {"price": "0.07", "size": "7.96"}, {"price": "0.08", "size": "1050"}, {"price": "0.12", "size": "508.33"}, {"price": "0.17", "size": "338.23"}, {"price": "0.18", "size": "5.73"}, {"price": "0.21", "size": "133.33"}, {"price": "0.25", "size": "104"}, {"price": "0.29", "size": "82.75"}, {"price": "0.3", "size": "41"}, {"price": "0.33", "size": "60.6"}, {"price": "0.41", "size": "100"}, {"price": "0.42", "size": "5"}, {"price": "0.43", "size": "158"}, {"price": "0.44", "size": "20"}, {"price": "0.8", "size": "5"}], "asks": [{"price": "0.99", "size": "101.05"}, {"price": "0.98", "size": "57.46"}, {"price": "0.97", "size": "56.66"}], "event_type": "book", "last_trade_price": ""}, {"market": "0x1faa20762d1c728eabfa1fa67a527424993cb4d26e824e1bf05154ffa1dee1b1", "asset_id": "65890492268827274414614947866859506144952787985155870954013666159959056162741", "timestamp": "1769384437398", "hash": "7b83e951142a5d47d09904efd15775c68171f074", "bids": [{"price": "0.01", "size": "105.63"}, {"price": "0.02", "size": "33.39"}, {"price": "0.05", "size": "30"}, {"price": "0.06", "size": "104.83"}, {"price": "0.07", "size": "72"}, {"price": "0.08", "size": "7.9"}, {"price": "0.1", "size": "79"}, {"price": "0.11", "size": "66.66"}], "asks": [{"price": "0.99", "size": "3866.66"}, {"price": "0.98", "size": "1209.46"}, {"price": "0.97", "size": "200"}, {"price": "0.95", "size": "10"}, {"price": "0.94", "size": "133"}, {"price": "0.93", "size": "300"}, {"price": "0.92", "size": "205.96"}, {"price": "0.89", "size": "225"}, {"price": "0.84", "size": "150"}, {"price": "0.79", "size": "100"}, {"price": "0.74", "size": "152"}, {"price": "0.72", "size": "66.66"}, {"price": "0.44", "size": "66.66"}, {"price": "0.43", "size": "11.1"}], "event_type": "book", "last_trade_price": ""}]}
{"_local_timestamp": "2026-01-25T23:40:47.911058+00:00", "data": {"market": "0x1faa20762d1c728eabfa1fa67a527424993cb4d26e824e1bf05154ffa1dee1b1", "price_changes": [{"asset_id": "65890492268827274414614947866859506144952787985155870954013666159959056162741", "price": "0.11", "size": "86.66", "side": "BUY", "hash": "26cdc7dba229e6849313ec665b3a583d92cfd993", "best_bid": "0.11", "best_ask": "0.43"}, {"asset_id": "94547373024010102951905828700448844553086593596995755462901188098139919773916", "price": "0.89", "size": "86.66", "side": "SELL", "hash": "5f909acaf57d155cb46b65db4c48bd88dbcbcdfc", "best_bid": "0.57", "best_ask": "0.89"}], "timestamp": "1769384447846", "event_type": "price_change"}}
{"_local_timestamp": "2026-01-25T23:40:53.570167+00:00", "data": {"market": "0x65bb8cffb4fa53ee3cb7cd09e99f02b2fd6f3439152e3efd49461a99f95c1b70", "price_changes": [{"asset_id": "104969573441206287702240849417624955517791989957463789942621898423533396553109", "price": "0.12", "size": "558.33", "side": "BUY", "hash": "4b18e819fee6c102df7c1536bcbb8535bf9edda8", "best_bid": "0.8", "best_ask": "0.97"}, {"asset_id": "91546931141525445347845564586214712258578721548462301361601435335879245741527", "price": "0.88", "size": "558.33", "side": "SELL", "hash": "0fe45ecd3c6b9a9ca9e5ed11ae4b4a02e8b74d61", "best_bid": "0.03", "best_ask": "0.2"}], "timestamp": "1769384453488", "event_type": "price_change"}}
{"_local_timestamp": "2026-01-25T23:40:54.361987+00:00", "data": {"market": "0x1faa20762d1c728eabfa1fa67a527424993cb4d26e824e1bf05154ffa1dee1b1", "price_changes": [{"asset_id": "65890492268827274414614947866859506144952787985155870954013666159959056162741", "price": "0.1", "size": "0", "side": "BUY", "hash": "a509e5435470a8efedeeb4ceccf63e6bf5647ac8", "best_bid": "0.11", "best_ask": "0.43"}, {"asset_id": "94547373024010102951905828700448844553086593596995755462901188098139919773916", "price": "0.9", "size": "0", "side": "SELL", "hash": "6b7277537d02e206d864368da5c4e7d30346ec9e", "best_bid": "0.57", "best_ask": "0.89"}], "timestamp": "1769384454295", "event_type": "price_change"}}
{"_local_timestamp": "2026-01-25T23:40:59.204064+00:00", "data": {"market": "0x3ffc7e76fc7327b02d5fbf1471ca6f54672308b1459a574cdc52a7c11658342e", "price_changes": [{"asset_id": "69233119095705697908558837325923832968754953887917597430925984080048904985420", "price": "0.02", "size": "1807.85", "side": "BUY", "hash": "0b7e450583f9479e17323f10a0484917cbfcab1a", "best_bid": "0.57", "best_ask": "0.91"}, {"asset_id": "7116235510228401591257321609801662381636850186915811395906102800764822227676", "price": "0.98", "size": "1807.85", "side": "SELL", "hash": "9a60b5897ad1ccd828efb88b1cd65efb60cde8f2", "best_bid": "0.09", "best_ask": "0.43"}], "timestamp": "1769384459102", "event_type": "price_change"}}
{"_local_timestamp": "2026-01-25T23:40:59.545008+00:00", "data": {"market": "0x3ffc7e76fc7327b02d5fbf1471ca6f54672308b1459a574cdc52a7c11658342e", "price_changes": [{"asset_id": "69233119095705697908558837325923832968754953887917597430925984080048904985420", "price": "0.03", "size": "700", "side": "BUY", "hash": "5760f2a08cfa6899e0b4745d6d29853ce3df8f03", "best_bid": "0.57", "best_ask": "0.91"}, {"asset_id": "7116235510228401591257321609801662381636850186915811395906102800764822227676", "price": "0.97", "size": "700", "side": "SELL", "hash": "f0c9a8a2e05e3d67799b332d14e15c572d3bd820", "best_bid": "0.09", "best_ask": "0.43"}], "timestamp": "1769384459442", "event_type": "price_change"}}
{"_local_timestamp": "2026-01-25T23:41:40.231767+00:00", "data": {"market": "0x3ffc7e76fc7327b02d5fbf1471ca6f54672308b1459a574cdc52a7c11658342e", "price_changes": [{"asset_id": "69233119095705697908558837325923832968754953887917597430925984080048904985420", "price": "0.02", "size": "1007.85", "side": "BUY", "hash": "fa10e749724175b487eabba4f32f91a1ccf7b546", "best_bid": "0.57", "best_ask": "0.91"}, {"asset_id": "7116235510228401591257321609801662381636850186915811395906102800764822227676", "price": "0.98", "size": "1007.85", "side": "SELL", "hash": "f289d500f088633033cb3dcf45c8aa7968d60ea5", "best_bid": "0.09", "best_ask": "0.43"}], "timestamp": "1769384500155", "event_type": "price_change"}}
{"_local_timestamp": "2026-01-25T23:41:40.570479+00:00", "data": {"market": "0x3ffc7e76fc7327b02d5fbf1471ca6f54672308b1459a574cdc52a7c11658342e", "price_changes": [{"asset_id": "69233119095705697908558837325923832968754953887917597430925984080048904985420", "price": "0.03", "size": "1500", "side": "BUY", "hash": "438574c4a62643470a5c6350d2184505ff149093", "best_bid": "0.57", "best_ask": "0.91"}, {"asset_id": "7116235510228401591257321609801662381636850186915811395906102800764822227676", "price": "0.97", "size": "1500", "side": "SELL", "hash": "d00eb2bee64e4fbc3fd64814619dcb2d0a6a2839", "best_bid": "0.09", "best_ask": "0.43"}], "timestamp": "1769384500484", "event_type": "price_change"}}
{"_local_timestamp": "2026-01-25T23:41:57.833627+00:00", "data": {"market": "0x3ffc7e76fc7327b02d5fbf1471ca6f54672308b1459a574cdc52a7c11658342e", "price_changes": [{"asset_id": "69233119095705697908558837325923832968754953887917597430925984080048904985420", "price": "0.02", "size": "1000", "side": "BUY", "hash": "a14827d9b2f90b95f51d689778c62ac3a74d9fea", "best_bid": "0.57", "best_ask": "0.91"}, {"asset_id": "7116235510228401591257321609801662381636850186915811395906102800764822227676", "price": "0.98", "size": "1000", "side": "SELL", "hash": "0e73b957dfbf448e07b16d54a3b0ecc8fe4b9474", "best_bid": "0.09", "best_ask": "0.43"}], "timestamp": "1769384517763", "event_type": "price_change"}}
{"_local_timestamp": "2026-01-25T23:41:57.834370+00:00", "data": {"market": "0x3ffc7e76fc7327b02d5fbf1471ca6f54672308b1459a574cdc52a7c11658342e", "price_changes": [{"asset_id": "69233119095705697908558837325923832968754953887917597430925984080048904985420", "price": "0.04", "size": "0", "side": "BUY", "hash": "a14827d9b2f90b95f51d689778c62ac3a74d9fea", "best_bid": "0.57", "best_ask": "0.91"}, {"asset_id": "7116235510228401591257321609801662381636850186915811395906102800764822227676", "price": "0.96", "size": "0", "side": "SELL", "hash": "0e73b957dfbf448e07b16d54a3b0ecc8fe4b9474", "best_bid": "0.09", "best_ask": "0.43"}], "timestamp": "1769384517763", "event_type": "price_change"}}
{"_local_timestamp": "2026-01-25T23:41:57.834651+00:00", "data": {"market": "0x3ffc7e76fc7327b02d5fbf1471ca6f54672308b1459a574cdc52a7c11658342e", "price_changes": [{"asset_id": "69233119095705697908558837325923832968754953887917597430925984080048904985420", "price": "0.08", "size": "0", "side": "BUY", "hash": "a14827d9b2f90b95f51d689778c62ac3a74d9fea", "best_bid": "0.57", "best_ask": "0.91"}, {"asset_id": "7116235510228401591257321609801662381636850186915811395906102800764822227676", "price": "0.92", "size": "0", "side": "SELL", "hash": "0e73b957dfbf448e07b16d54a3b0ecc8fe4b9474", "best_bid": "0.09", "best_ask": "0.43"}], "timestamp": "1769384517763", "event_type": "price_change"}}
{"_local_timestamp": "2026-01-25T23:41:57.834946+00:00", "data": {"market": "0x3ffc7e76fc7327b02d5fbf1471ca6f54672308b1459a574cdc52a7c11658342e", "price_changes": [{"asset_id": "69233119095705697908558837325923832968754953887917597430925984080048904985420", "price": "0.18", "size": "0", "side": "BUY", "hash": "a14827d9b2f90b95f51d689778c62ac3a74d9fea", "best_bid": "0.57", "best_ask": "0.91"}, {"asset_id": "7116235510228401591257321609801662381636850186915811395906102800764822227676", "price": "0.82", "size": "0", "side": "SELL", "hash": "0e73b957dfbf448e07b16d54a3b0ecc8fe4b9474", "best_bid": "0.09", "best_ask": "0.43"}], "timestamp": "1769384517763", "event_type": "price_change"}}
{"_local_timestamp": "2026-01-25T23:41:58.255592+00:00", "data": {"market": "0x1faa20762d1c728eabfa1fa67a527424993cb4d26e824e1bf05154ffa1dee1b1", "price_changes": [{"asset_id": "65890492268827274414614947866859506144952787985155870954013666159959056162741", "price": "0.01", "size": "89.72", "side": "BUY", "hash": "64861e6d5ee1cc9e86f92a2728b5c8f2426887b3", "best_bid": "0.11", "best_ask": "0.43"}, {"asset_id": "94547373024010102951905828700448844553086593596995755462901188098139919773916", "price": "0.99", "size": "89.72", "side": "SELL", "hash": "e3345dd34fe89e06bc34eae9cacc20706bbf26c8", "best_bid": "0.57", "best_ask": "0.89"}], "timestamp": "1769384518188", "event_type": "price_change"}}
{"_local_timestamp": "2026-01-25T23:41:58.844952+00:00", "data": {"market": "0x3ffc7e76fc7327b02d5fbf1471ca6f54672308b1459a574cdc52a7c11658342e", "price_changes": [{"asset_id": "69233119095705697908558837325923832968754953887917597430925984080048904985420", "price": "0.12", "size": "10.3", "side": "BUY", "hash": "c06f3636a3696bd06fb20b80650b7c8eb96366ad", "best_bid": "0.57", "best_ask": "0.91"}, {"asset_id": "7116235510228401591257321609801662381636850186915811395906102800764822227676", "price": "0.88", "size": "10.3", "side": "SELL", "hash": "39854a6b211bf159ba28e0d29abcfbccd0d4dbde", "best_bid": "0.09", "best_ask": "0.43"}], "timestamp": "1769384518780", "event_type": "price_change"}}
{"_local_timestamp": "2026-01-25T23:41:59.009101+00:00", "data": {"market": "0x1faa20762d1c728eabfa1fa67a527424993cb4d26e824e1bf05154ffa1dee1b1", "price_changes": [{"asset_id": "65890492268827274414614947866859506144952787985155870954013666159959056162741", "price": "0.01", "size": "105.65", "side": "BUY", "hash": "b42a3f623dc86d9606917ccf6fb68d3ddfb91aa4", "best_bid": "0.11", "best_ask": "0.43"}, {"asset_id": "94547373024010102951905828700448844553086593596995755462901188098139919773916", "price": "0.99", "size": "105.65", "side": "SELL", "hash": "a1a8886cdbfc2b9fe09acf4597e7811754e51bbd", "best_bid": "0.57", "best_ask": "0.89"}], "timestamp": "1769384518941", "event_type": "price_change"}}
{"_local_timestamp": "2026-01-25T23:42:00.684518+00:00", "data": {"market": "0x3ffc7e76fc7327b02d5fbf1471ca6f54672308b1459a574cdc52a7c11658342e", "price_changes": [{"asset_id": "69233119095705697908558837325923832968754953887917597430925984080048904985420", "price": "0.06", "size": "539.28", "side": "BUY", "hash": "aef74b313ade3ebf2aac0f6fb9b47f41ec312241", "best_bid": "0.57", "best_ask": "0.91"}, {"asset_id": "7116235510228401591257321609801662381636850186915811395906102800764822227676", "price": "0.94", "size": "539.28", "side": "SELL", "hash": "2497fa3fbcf4fd8191de98d94615c0d00ce64999", "best_bid": "0.09", "best_ask": "0.43"}], "timestamp": "1769384520613", "event_type": "price_change"}}
{"_local_timestamp": "2026-01-25T23:42:00.684905+00:00", "data": {"market": "0x3ffc7e76fc7327b02d5fbf1471ca6f54672308b1459a574cdc52a7c11658342e", "price_changes": [{"asset_id": "69233119095705697908558837325923832968754953887917597430925984080048904985420", "price": "0.03", "size": "1507.43", "side": "BUY", "hash": "c0ed24f696782a83cd0622d6b5c0c388721dc14b", "best_bid": "0.57", "best_ask": "0.91"}, {"asset_id": "7116235510228401591257321609801662381636850186915811395906102800764822227676", "price": "0.97", "size": "1507.43", "side": "SELL", "hash": "e58afa71038ebd3355020b3703474af76c77fa03", "best_bid": "0.09", "best_ask": "0.43"}], "timestamp": "1769384520615", "event_type": "price_change"}}
{"_local_timestamp": "2026-01-25T23:42:00.685149+00:00", "data": {"market": "0x3ffc7e76fc7327b02d5fbf1471ca6f54672308b1459a574cdc52a7c11658342e", "price_changes": [{"asset_id": "69233119095705697908558837325923832968754953887917597430925984080048904985420", "price": "0.01", "size": "5882.98", "side": "BUY", "hash": "0e737ec32e8ccc02acf2e2b18b449bc67bbc5f63", "best_bid": "0.57", "best_ask": "0.91"}, {"asset_id": "7116235510228401591257321609801662381636850186915811395906102800764822227676", "price": "0.99", "size": "5882.98", "side": "SELL", "hash": "2b9061cdfce61580dce513673981236552a6a564", "best_bid": "0.09", "best_ask": "0.43"}], "timestamp": "1769384520616", "event_type": "price_change"}}
{"_local_timestamp": "2026-01-25T23:42:25.076490+00:00", "data": {"market": "0x65bb8cffb4fa53ee3cb7cd09e99f02b2fd6f3439152e3efd49461a99f95c1b70", "price_changes": [{"asset_id": "104969573441206287702240849417624955517791989957463789942621898423533396553109", "price": "0.12", "size": "683.33", "side": "BUY", "hash": "53a38d04803a2983ea409d4db8f33209aab9018e", "best_bid": "0.8", "best_ask": "0.97"}, {"asset_id": "91546931141525445347845564586214712258578721548462301361601435335879245741527", "price": "0.88", "size": "683.33", "side": "SELL", "hash": "7d811c0971225e3b6711ab8165979151f7a063dc", "best_bid": "0.03", "best_ask": "0.2"}], "timestamp": "1769384544907", "event_type": "price_change"}}
{"_local_timestamp": "2026-01-25T23:42:39.752698+00:00", "data": {"market": "0x3ffc7e76fc7327b02d5fbf1471ca6f54672308b1459a574cdc52a7c11658342e", "price_changes": [{"asset_id": "69233119095705697908558837325923832968754953887917597430925984080048904985420", "price": "0.03", "size": "1107.43", "side": "BUY", "hash": "bebbab93c203f7646231a5f548e9247326110778", "best_bid": "0.57", "best_ask": "0.91"}, {"asset_id": "7116235510228401591257321609801662381636850186915811395906102800764822227676", "price": "0.97", "size": "1107.43", "side": "SELL", "hash": "ece247977e310f77ae4ca58c3afa3960c95ac6c8", "best_bid": "0.09", "best_ask": "0.43"}], "timestamp": "1769384559565", "event_type": "price_change"}}
{"_local_timestamp": "2026-01-25T23:42:40.130962+00:00", "data": {"market": "0x65bb8cffb4fa53ee3cb7cd09e99f02b2fd6f3439152e3efd49461a99f95c1b70", "price_changes": [{"asset_id": "104969573441206287702240849417624955517791989957463789942621898423533396553109", "price": "0.08", "size": "1250", "side": "BUY", "hash": "087f1f0aa9e14ae1be9e11a4f1c413f38e60432e", "best_bid": "0.8", "best_ask": "0.97"}, {"asset_id": "91546931141525445347845564586214712258578721548462301361601435335879245741527", "price": "0.92", "size": "1250", "side": "SELL", "hash": "c6b974a9ffd90db7d96b06f9706d9e292b54b1be", "best_bid": "0.03", "best_ask": "0.2"}], "timestamp": "1769384559916", "event_type": "price_change"}}
{"_local_timestamp": "2026-01-25T23:42:40.163191+00:00", "data": {"market": "0x3ffc7e76fc7327b02d5fbf1471ca6f54672308b1459a574cdc52a7c11658342e", "price_changes": [{"asset_id": "69233119095705697908558837325923832968754953887917597430925984080048904985420", "price": "0.02", "size": "1400", "side": "BUY", "hash": "89f1a0d9608fdace9bcd9e0b59200dde46b90c9b", "best_bid": "0.57", "best_ask": "0.91"}, {"asset_id": "7116235510228401591257321609801662381636850186915811395906102800764822227676", "price": "0.98", "size": "1400", "side": "SELL", "hash": "1702383963d1d74f99d280dfa89fe3978ffbf9db", "best_bid": "0.09", "best_ask": "0.43"}], "timestamp": "1769384559925", "event_type": "price_change"}}
{"_local_timestamp": "2026-01-25T23:43:19.985493+00:00", "data": {"market": "0x65bb8cffb4fa53ee3cb7cd09e99f02b2fd6f3439152e3efd49461a99f95c1b70", "price_changes": [{"asset_id": "91546931141525445347845564586214712258578721548462301361601435335879245741527", "price": "0.01", "size": "81.32", "side": "BUY", "hash": "d874f7c6bde2b4d43080f35b47f00e4e97483ace", "best_bid": "0.03", "best_ask": "0.2"}, {"asset_id": "104969573441206287702240849417624955517791989957463789942621898423533396553109", "price": "0.99", "size": "81.32", "side": "SELL", "hash": "a190a43a629ab02c5ec68e7996a8dd610c26d9bb", "best_bid": "0.8", "best_ask": "0.97"}], "timestamp": "1769384599865", "event_type": "price_change"}}
{"_local_timestamp": "2026-01-25T23:43:19.986234+00:00", "data": {"market": "0x65bb8cffb4fa53ee3cb7cd09e99f02b2fd6f3439152e3efd49461a99f95c1b70", "price_changes": [{"asset_id": "91546931141525445347845564586214712258578721548462301361601435335879245741527", "price": "0.02", "size": "34", "side": "BUY", "hash": "d874f7c6bde2b4d43080f35b47f00e4e97483ace", "best_bid": "0.03", "best_ask": "0.2"}, {"asset_id": "104969573441206287702240849417624955517791989957463789942621898423533396553109", "price": "0.98", "size": "34", "side": "SELL", "hash": "a190a43a629ab02c5ec68e7996a8dd610c26d9bb", "best_bid": "0.8", "best_ask": "0.97"}], "timestamp": "1769384599865", "event_type": "price_change"}}
{"_local_timestamp": "2026-01-25T23:43:19.986523+00:00", "data": {"market": "0x3ffc7e76fc7327b02d5fbf1471ca6f54672308b1459a574cdc52a7c11658342e", "price_changes": [{"asset_id": "7116235510228401591257321609801662381636850186915811395906102800764822227676", "price": "0.01", "size": "66.66", "side": "BUY", "hash": "8ce70c4da229d53a79f7d60b690292067b5bb64a", "best_bid": "0.09", "best_ask": "0.43"}, {"asset_id": "69233119095705697908558837325923832968754953887917597430925984080048904985420", "price": "0.99", "size": "66.66", "side": "SELL", "hash": "b3785be10c23955bc5c8f48d4af6e6ffde4140d4", "best_bid": "0.57", "best_ask": "0.91"}], "timestamp": "1769384599865", "event_type": "price_change"}}
{"_local_timestamp": "2026-01-25T23:43:23.688933+00:00", "data": {"market": "0x65bb8cffb4fa53ee3cb7cd09e99f02b2fd6f3439152e3efd49461a99f95c1b70", "price_changes": [{"asset_id": "91546931141525445347845564586214712258578721548462301361601435335879245741527", "price": "0.01", "size": "101.05", "side": "BUY", "hash": "71bd51cbbbe344620f993e9753a876eaabf3ae0d", "best_bid": "0.03", "best_ask": "0.2"}, {"asset_id": "104969573441206287702240849417624955517791989957463789942621898423533396553109", "price": "0.99", "size": "101.05", "side": "SELL", "hash": "1f9437311f496b7de7994af677fc9090c45a99e5", "best_bid": "0.8", "best_ask": "0.97"}], "timestamp": "1769384603581", "event_type": "price_change"}}
{"_local_timestamp": "2026-01-25T23:43:23.689261+00:00", "data": {"market": "0x3ffc7e76fc7327b02d5fbf1471ca6f54672308b1459a574cdc52a7c11658342e", "price_changes": [{"asset_id": "7116235510228401591257321609801662381636850186915811395906102800764822227676", "price": "0.01", "size": "86.09", "side": "BUY", "hash": "79e13487037c5cea55e171e97af7be4e4c7efc45", "best_bid": "0.09", "best_ask": "0.43"}, {"asset_id": "69233119095705697908558837325923832968754953887917597430925984080048904985420", "price": "0.99", "size": "86.09", "side": "SELL", "hash": "fc8bf53f9a6a8bc1217acfefb2fb47feb2a23f64", "best_bid": "0.57", "best_ask": "0.91"}], "timestamp": "1769384603581", "event_type": "price_change"}}
{"_local_timestamp": "2026-01-25T23:43:23.700523+00:00", "data": {"market": "0x65bb8cffb4fa53ee3cb7cd09e99f02b2fd6f3439152e3efd49461a99f95c1b70", "price_changes": [{"asset_id": "91546931141525445347845564586214712258578721548462301361601435335879245741527", "price": "0.02", "size": "57.46", "side": "BUY", "hash": "eda1da01cc3d54dffe248f242aee1bf6ff5f5920", "best_bid": "0.03", "best_ask": "0.2"}, {"asset_id": "104969573441206287702240849417624955517791989957463789942621898423533396553109", "price": "0.98", "size": "57.46", "side": "SELL", "hash": "4d7a21552c0b801620723c0004d5a6d2b2c6eced", "best_bid": "0.8", "best_ask": "0.97"}], "timestamp": "1769384603582", "event_type": "price_change"}}
{"_local_timestamp": "2026-01-25T23:43:52.523494+00:00", "data": {"market": "0x3ffc7e76fc7327b02d5fbf1471ca6f54672308b1459a574cdc52a7c11658342e", "price_changes": [{"asset_id": "69233119095705697908558837325923832968754953887917597430925984080048904985420", "price": "0.03", "size": "307.43", "side": "BUY", "hash": "e1869f125bfc5f7bf8d243c10a09d489b0028ad7", "best_bid": "0.57", "best_ask": "0.91"}, {"asset_id": "7116235510228401591257321609801662381636850186915811395906102800764822227676", "price": "0.97", "size": "307.43", "side": "SELL", "hash": "8ec09c1be8d2b3bf4fd63f08236105d7a9620d04", "best_bid": "0.09", "best_ask": "0.43"}], "timestamp": "1769384632382", "event_type": "price_change"}}
{"_local_timestamp": "2026-01-25T23:43:52.803935+00:00", "data": {"market": "0x3ffc7e76fc7327b02d5fbf1471ca6f54672308b1459a574cdc52a7c11658342e", "price_changes": [{"asset_id": "69233119095705697908558837325923832968754953887917597430925984080048904985420", "price": "0.02", "size": "2200", "side": "BUY", "hash": "f93fa7ff94687386b22cb021e9c4da9b64d4c4e2", "best_bid": "0.57", "best_ask": "0.91"}, {"asset_id": "7116235510228401591257321609801662381636850186915811395906102800764822227676", "price": "0.98", "size": "2200", "side": "SELL", "hash": "16f7a71e56335523ef2340077f2daf06d7090442", "best_bid": "0.09", "best_ask": "0.43"}], "timestamp": "1769384632651", "event_type": "price_change"}}
{"_local_timestamp": "2026-01-25T23:43:55.581821+00:00", "data": {"market": "0x65bb8cffb4fa53ee3cb7cd09e99f02b2fd6f3439152e3efd49461a99f95c1b70", "price_changes": [{"asset_id": "104969573441206287702240849417624955517791989957463789942621898423533396553109", "price": "0.44", "size": "99", "side": "BUY", "hash": "30a973421c108ad9c22310703812e4bc298ea254", "best_bid": "0.8", "best_ask": "0.97"}, {"asset_id": "91546931141525445347845564586214712258578721548462301361601435335879245741527", "price": "0.56", "size": "99", "side": "SELL", "hash": "cd2471304fd4dab18d8cb9830aef764e91441dbb", "best_bid": "0.03", "best_ask": "0.2"}], "timestamp": "1769384635454", "event_type": "price_change"}}
{"_local_timestamp": "2026-01-25T23:43:55.582219+00:00", "data": {"market": "0x65bb8cffb4fa53ee3cb7cd09e99f02b2fd6f3439152e3efd49461a99f95c1b70", "price_changes": [{"asset_id": "104969573441206287702240849417624955517791989957463789942621898423533396553109", "price": "0.45", "size": "158", "side": "BUY", "hash": "9af5ee3ac1d07e55513fc792fc35c1f037561add", "best_bid": "0.8", "best_ask": "0.97"}, {"asset_id": "91546931141525445347845564586214712258578721548462301361601435335879245741527", "price": "0.55", "size": "158", "side": "SELL", "hash": "a49d86655f2a6a6ac48e2ced23a60cfefdefb666", "best_bid": "0.03", "best_ask": "0.2"}], "timestamp": "1769384635454", "event_type": "price_change"}}
{"_local_timestamp": "2026-01-25T23:43:55.692813+00:00", "data": {"market": "0x65bb8cffb4fa53ee3cb7cd09e99f02b2fd6f3439152e3efd49461a99f95c1b70", "price_changes": [{"asset_id": "104969573441206287702240849417624955517791989957463789942621898423533396553109", "price": "0.44", "size": "79", "side": "BUY", "hash": "1d64af7c4e6e096cc0f21688256b9b78cffc3290", "best_bid": "0.8", "best_ask": "0.97"}, {"asset_id": "91546931141525445347845564586214712258578721548462301361601435335879245741527", "price": "0.56", "size": "79", "side": "SELL", "hash": "8a3b990bddcf4933844df0293bc192e93e3dbd80", "best_bid": "0.03", "best_ask": "0.2"}], "timestamp": "1769384635561", "event_type": "price_change"}}
{"_local_timestamp": "2026-01-25T23:43:55.708056+00:00", "data": {"market": "0x65bb8cffb4fa53ee3cb7cd09e99f02b2fd6f3439152e3efd49461a99f95c1b70", "price_changes": [{"asset_id": "104969573441206287702240849417624955517791989957463789942621898423533396553109", "price": "0.46", "size": "20", "side": "BUY", "hash": "7b0f873688740963deb7910fff5dbd44ea0c4462", "best_bid": "0.8", "best_ask": "0.97"}, {"asset_id": "91546931141525445347845564586214712258578721548462301361601435335879245741527", "price": "0.54", "size": "20", "side": "SELL", "hash": "48963b5e7bcde181df0c0fbe0a7d6578360a6f33", "best_bid": "0.03", "best_ask": "0.2"}], "timestamp": "1769384635584", "event_type": "price_change"}}
{"_local_timestamp": "2026-01-25T23:44:09.067368+00:00", "data": {"market": "0x65bb8cffb4fa53ee3cb7cd09e99f02b2fd6f3439152e3efd49461a99f95c1b70", "price_changes": [{"asset_id": "104969573441206287702240849417624955517791989957463789942621898423533396553109", "price": "0.43", "size": "0", "side": "BUY", "hash": "fd7704b71efc85c433c386832f1547f27996ae19", "best_bid": "0.8", "best_ask": "0.97"}, {"asset_id": "91546931141525445347845564586214712258578721548462301361601435335879245741527", "price": "0.57", "size": "0", "side": "SELL", "hash": "7665afea7e92d0c6c5c889b9d9c0ea28582c038d", "best_bid": "0.03", "best_ask": "0.2"}], "timestamp": "1769384648839", "event_type": "price_change"}}
{"_local_timestamp": "2026-01-25T23:44:09.067719+00:00", "data": {"market": "0x65bb8cffb4fa53ee3cb7cd09e99f02b2fd6f3439152e3efd49461a99f95c1b70", "price_changes": [{"asset_id": "104969573441206287702240849417624955517791989957463789942621898423533396553109", "price": "0.45", "size": "0", "side": "BUY", "hash": "fd7704b71efc85c433c386832f1547f27996ae19", "best_bid": "0.8", "best_ask": "0.97"}, {"asset_id": "91546931141525445347845564586214712258578721548462301361601435335879245741527", "price": "0.55", "size": "0", "side": "SELL", "hash": "7665afea7e92d0c6c5c889b9d9c0ea28582c038d", "best_bid": "0.03", "best_ask": "0.2"}], "timestamp": "1769384648839", "event_type": "price_change"}}
{"_local_timestamp": "2026-01-25T23:44:09.067988+00:00", "data": {"market": "0x65bb8cffb4fa53ee3cb7cd09e99f02b2fd6f3439152e3efd49461a99f95c1b70", "price_changes": [{"asset_id": "104969573441206287702240849417624955517791989957463789942621898423533396553109", "price": "0.44", "size": "0", "side": "BUY", "hash": "fd7704b71efc85c433c386832f1547f27996ae19", "best_bid": "0.8", "best_ask": "0.97"}, {"asset_id": "91546931141525445347845564586214712258578721548462301361601435335879245741527", "price": "0.56", "size": "0", "side": "SELL", "hash": "7665afea7e92d0c6c5c889b9d9c0ea28582c038d", "best_bid": "0.03", "best_ask": "0.2"}], "timestamp": "1769384648839", "event_type": "price_change"}}
{"_local_timestamp": "2026-01-25T23:44:13.038630+00:00", "data": {"market": "0x65bb8cffb4fa53ee3cb7cd09e99f02b2fd6f3439152e3efd49461a99f95c1b70", "price_changes": [{"asset_id": "104969573441206287702240849417624955517791989957463789942621898423533396553109", "price": "0.46", "size": "0", "side": "BUY", "hash": "029266a80ba35b464cbaf627decd06bc5ead4518", "best_bid": "0.8", "best_ask": "0.97"}, {"asset_id": "91546931141525445347845564586214712258578721548462301361601435335879245741527", "price": "0.54", "size": "0", "side": "SELL", "hash": "a53700e2b54341979ab9d2ecb350ad463f634026", "best_bid": "0.03", "best_ask": "0.2"}], "timestamp": "1769384652903", "event_type": "price_change"}}
{"_local_timestamp": "2026-01-25T23:44:13.077582+00:00", "data": {"market": "0x65bb8cffb4fa53ee3cb7cd09e99f02b2fd6f3439152e3efd49461a99f95c1b70", "price_changes": [{"asset_id": "104969573441206287702240849417624955517791989957463789942621898423533396553109", "price": "0.42", "size": "25", "side": "BUY", "hash": "ea4e740cc9aeaf0ce08e32c4a63c52369596ace9", "best_bid": "0.8", "best_ask": "0.97"}, {"asset_id": "91546931141525445347845564586214712258578721548462301361601435335879245741527", "price": "0.58", "size": "25", "side": "SELL", "hash": "1a28fd984c27a3323b2a54c1fa4c9bcd74e5ba31", "best_bid": "0.03", "best_ask": "0.2"}], "timestamp": "1769384652929", "event_type": "price_change"}}
{"_local_timestamp": "2026-01-25T23:44:21.535408+00:00", "data": {"market": "0x65bb8cffb4fa53ee3cb7cd09e99f02b2fd6f3439152e3efd49461a99f95c1b70", "price_changes": [{"asset_id": "104969573441206287702240849417624955517791989957463789942621898423533396553109", "price": "0.12", "size": "883.33", "side": "BUY", "hash": "8b760105a605254e2bf73f5d64d07612c8cceb34", "best_bid": "0.8", "best_ask": "0.97"}, {"asset_id": "91546931141525445347845564586214712258578721548462301361601435335879245741527", "price": "0.88", "size": "883.33", "side": "SELL", "hash": "d487764186ca979f0ae4d05e19da14967f652420", "best_bid": "0.03", "best_ask": "0.2"}], "timestamp": "1769384660892", "event_type": "price_change"}}
{"_local_timestamp": "2026-01-25T23:44:35.556292+00:00", "data": {"market": "0x3ffc7e76fc7327b02d5fbf1471ca6f54672308b1459a574cdc52a7c11658342e", "price_changes": [{"asset_id": "69233119095705697908558837325923832968754953887917597430925984080048904985420", "price": "0.02", "size": "1800", "side": "BUY", "hash": "1b9a93b0da13090a67c5fe8e5735eb66727a7f6f", "best_bid": "0.57", "best_ask": "0.91"}, {"asset_id": "7116235510228401591257321609801662381636850186915811395906102800764822227676", "price": "0.98", "size": "1800", "side": "SELL", "hash": "dc42b379c4beca4ab4e9b6f7b01d111da8c600c6", "best_bid": "0.09", "best_ask": "0.43"}], "timestamp": "1769384675484", "event_type": "price_change"}}
{"_local_timestamp": "2026-01-25T23:44:35.870084+00:00", "data": {"market": "0x3ffc7e76fc7327b02d5fbf1471ca6f54672308b1459a574cdc52a7c11658342e", "price_changes": [{"asset_id": "69233119095705697908558837325923832968754953887917597430925984080048904985420", "price": "0.03", "size": "707.43", "side": "BUY", "hash": "16ccacd5939e97a8035aa00d9cccd9339df55b4b", "best_bid": "0.57", "best_ask": "0.91"}, {"asset_id": "7116235510228401591257321609801662381636850186915811395906102800764822227676", "price": "0.97", "size": "707.43", "side": "SELL", "hash": "38cb90e58bf508d5d44d47af29b9bac45a999564", "best_bid": "0.09", "best_ask": "0.43"}], "timestamp": "1769384675793", "event_type": "price_change"}}
{"_local_timestamp": "2026-01-25T23:45:23.839957+00:00", "data": {"market": "0x65bb8cffb4fa53ee3cb7cd09e99f02b2fd6f3439152e3efd49461a99f95c1b70", "price_changes": [{"asset_id": "104969573441206287702240849417624955517791989957463789942621898423533396553109", "price": "0.12", "size": "833.33", "side": "BUY", "hash": "5880d42d9e2c03662b74426029ae649bdc8be880", "best_bid": "0.8", "best_ask": "0.97"}, {"asset_id": "91546931141525445347845564586214712258578721548462301361601435335879245741527", "price": "0.88", "size": "833.33", "side": "SELL", "hash": "81ac2d83091aedc739053385f95e381cf4ab0405", "best_bid": "0.03", "best_ask": "0.2"}], "timestamp": "1769384723760", "event_type": "price_change"}}
{"_local_timestamp": "2026-01-25T23:45:23.840725+00:00", "data": {"market": "0x3ffc7e76fc7327b02d5fbf1471ca6f54672308b1459a574cdc52a7c11658342e", "price_changes": [{"asset_id": "69233119095705697908558837325923832968754953887917597430925984080048904985420", "price": "0.02", "size": "1000", "side": "BUY", "hash": "213568b6db9e8baa3a927ab231c838fe3279b316", "best_bid": "0.57", "best_ask": "0.91"}, {"asset_id": "7116235510228401591257321609801662381636850186915811395906102800764822227676", "price": "0.98", "size": "1000", "side": "SELL", "hash": "37efe3c05d60cd2d8064844b6fd8e8eb7998b9e9", "best_bid": "0.09", "best_ask": "0.43"}], "timestamp": "1769384723761", "event_type": "price_change"}}
{"_local_timestamp": "2026-01-25T23:45:24.152572+00:00", "data": {"market": "0x3ffc7e76fc7327b02d5fbf1471ca6f54672308b1459a574cdc52a7c11658342e", "price_changes": [{"asset_id": "69233119095705697908558837325923832968754953887917597430925984080048904985420", "price": "0.03", "size": "1507.43", "side": "BUY", "hash": "9e522999a2ca75dda1ec27f6c135bf3010a5ce6b", "best_bid": "0.57", "best_ask": "0.91"}, {"asset_id": "7116235510228401591257321609801662381636850186915811395906102800764822227676", "price": "0.97", "size": "1507.43", "side": "SELL", "hash": "f8b7e587b2398a2a7c51ae3d9f712aaed717c51b", "best_bid": "0.09", "best_ask": "0.43"}], "timestamp": "1769384724068", "event_type": "price_change"}}
{"_local_timestamp": "2026-01-25T23:45:53.245885+00:00", "data": {"market": "0x65bb8cffb4fa53ee3cb7cd09e99f02b2fd6f3439152e3efd49461a99f95c1b70", "price_changes": [{"asset_id": "104969573441206287702240849417624955517791989957463789942621898423533396553109", "price": "0.12", "size": "708.33", "side": "BUY", "hash": "7a701162e8cc14bd68ce436b4a3cf544639af7f2", "best_bid": "0.8", "best_ask": "0.97"}, {"asset_id": "91546931141525445347845564586214712258578721548462301361601435335879245741527", "price": "0.88", "size": "708.33", "side": "SELL", "hash": "d2b5798ffcd1b928689689353be07e67221df025", "best_bid": "0.03", "best_ask": "0.2"}], "timestamp": "1769384753022", "event_type": "price_change"}}
{"_local_timestamp": "2026-01-25T23:45:56.448552+00:00", "data": {"market": "0x3ffc7e76fc7327b02d5fbf1471ca6f54672308b1459a574cdc52a7c11658342e", "price_changes": [{"asset_id": "69233119095705697908558837325923832968754953887917597430925984080048904985420", "price": "0.23", "size": "150", "side": "BUY", "hash": "7e07da54ee4bac2fb668aa394ba4452ab106c9bf", "best_bid": "0.57", "best_ask": "0.91"}, {"asset_id": "7116235510228401591257321609801662381636850186915811395906102800764822227676", "price": "0.77", "size": "150", "side": "SELL", "hash": "9400722253e61d99309ebe48ea54d56453b05e59", "best_bid": "0.09", "best_ask": "0.43"}], "timestamp": "1769384756082", "event_type": "price_change"}}
{"_local_timestamp": "2026-01-25T23:46:11.257879+00:00", "data": {"market": "0x1faa20762d1c728eabfa1fa67a527424993cb4d26e824e1bf05154ffa1dee1b1", "price_changes": [{"asset_id": "94547373024010102951905828700448844553086593596995755462901188098139919773916", "price": "0.07", "size": "200", "side": "BUY", "hash": "186b85ea5e3407eff85503c1f7a83b76bd9d8bd2", "best_bid": "0.57", "best_ask": "0.89"}, {"asset_id": "65890492268827274414614947866859506144952787985155870954013666159959056162741", "price": "0.93", "size": "200", "side": "SELL", "hash": "e3a06830584b24dcfba8cf7a8bd9719f3ff3113e", "best_bid": "0.11", "best_ask": "0.43"}], "timestamp": "1769384771134", "event_type": "price_change"}}
{"_local_timestamp": "2026-01-25T23:46:11.636757+00:00", "data": {"market": "0x3ffc7e76fc7327b02d5fbf1471ca6f54672308b1459a574cdc52a7c11658342e", "price_changes": [{"asset_id": "69233119095705697908558837325923832968754953887917597430925984080048904985420", "price": "0.07", "size": "100", "side": "BUY", "hash": "afb3fa21db915af4a2fa5f9570fd319f1fa0bfe4", "best_bid": "0.57", "best_ask": "0.91"}, {"asset_id": "7116235510228401591257321609801662381636850186915811395906102800764822227676", "price": "0.93", "size": "100", "side": "SELL", "hash": "df306127fe4414803eacee7ca831fe68d04fee74", "best_bid": "0.09", "best_ask": "0.43"}], "timestamp": "1769384771569", "event_type": "price_change"}}
{"_local_timestamp": "2026-01-25T23:46:11.637077+00:00", "data": {"market": "0x1faa20762d1c728eabfa1fa67a527424993cb4d26e824e1bf05154ffa1dee1b1", "price_changes": [{"asset_id": "94547373024010102951905828700448844553086593596995755462901188098139919773916", "price": "0.03", "size": "300", "side": "BUY", "hash": "6c2384b56e5afc10eae19944fdd361c89f0e3071", "best_bid": "0.57", "best_ask": "0.89"}, {"asset_id": "65890492268827274414614947866859506144952787985155870954013666159959056162741", "price": "0.97", "size": "300", "side": "SELL", "hash": "5118a41abfd68f8de9d0ab324f516fb787c6ec62", "best_bid": "0.11", "best_ask": "0.43"}], "timestamp": "1769384771568", "event_type": "price_change"}}
{"_local_timestamp": "2026-01-25T23:46:16.907198+00:00", "data": {"market": "0x65bb8cffb4fa53ee3cb7cd09e99f02b2fd6f3439152e3efd49461a99f95c1b70", "price_changes": [{"asset_id": "104969573441206287702240849417624955517791989957463789942621898423533396553109", "price": "0.08", "size": "1050", "side": "BUY", "hash": "e9906b01335f4940b63564faa8fec0f258187f61", "best_bid": "0.8", "best_ask": "0.97"}, {"asset_id": "91546931141525445347845564586214712258578721548462301361601435335879245741527", "price": "0.92", "size": "1050", "side": "SELL", "hash": "7d986af0c26b22c7029ed3a19208a9fe101d4624", "best_bid": "0.03", "best_ask": "0.2"}], "timestamp": "1769384776840", "event_type": "price_change"}}
{"_local_timestamp": "2026-01-25T23:46:16.907518+00:00", "data": {"market": "0x3ffc7e76fc7327b02d5fbf1471ca6f54672308b1459a574cdc52a7c11658342e", "price_changes": [{"asset_id": "69233119095705697908558837325923832968754953887917597430925984080048904985420", "price": "0.03", "size": "1107.43", "side": "BUY", "hash": "e7fdc04b3b0be754ef6f7c1fa68094736f54e973", "best_bid": "0.57", "best_ask": "0.91"}, {"asset_id": "7116235510228401591257321609801662381636850186915811395906102800764822227676", "price": "0.97", "size": "1107.43", "side": "SELL", "hash": "6519c33ee6ea1404f5133d603f7ffce1b357d0a0", "best_bid": "0.09", "best_ask": "0.43"}], "timestamp": "1769384776840", "event_type": "price_change"}}
{"_local_timestamp": "2026-01-25T23:46:17.397959+00:00", "data": {"market": "0x3ffc7e76fc7327b02d5fbf1471ca6f54672308b1459a574cdc52a7c11658342e", "price_changes": [{"asset_id": "69233119095705697908558837325923832968754953887917597430925984080048904985420", "price": "0.02", "size": "1400", "side": "BUY", "hash": "e20afb7046a5131186b500b08a3fc043c3f336ea", "best_bid": "0.57", "best_ask": "0.91"}, {"asset_id": "7116235510228401591257321609801662381636850186915811395906102800764822227676", "price": "0.98", "size": "1400", "side": "SELL", "hash": "f92243727cb6b2b4a48b29eb3b019679a11a1339", "best_bid": "0.09", "best_ask": "0.43"}], "timestamp": "1769384777313", "event_type": "price_change"}}
{"_local_timestamp": "2026-01-25T23:46:17.836780+00:00", "data": {"market": "0x3ffc7e76fc7327b02d5fbf1471ca6f54672308b1459a574cdc52a7c11658342e", "price_changes": [{"asset_id": "69233119095705697908558837325923832968754953887917597430925984080048904985420", "price": "0.24", "size": "112", "side": "BUY", "hash": "f86de1a34a3c18c4f9e87bc5118722aa3e1d6087", "best_bid": "0.57", "best_ask": "0.91"}, {"asset_id": "7116235510228401591257321609801662381636850186915811395906102800764822227676", "price": "0.76", "size": "112", "side": "SELL", "hash": "0d10d952d7d303d044637351a2c9c46ac9124c9c", "best_bid": "0.09", "best_ask": "0.43"}], "timestamp": "1769384777768", "event_type": "price_change"}}
{"_local_timestamp": "2026-01-25T23:46:29.275997+00:00", "data": {"market": "0x1faa20762d1c728eabfa1fa67a527424993cb4d26e824e1bf05154ffa1dee1b1", "price_changes": [{"asset_id": "65890492268827274414614947866859506144952787985155870954013666159959056162741", "price": "0.01", "size": "89.72", "side": "BUY", "hash": "ad75092f7adb6d7526be1e051e3ddf9e184ec172", "best_bid": "0.11", "best_ask": "0.43"}, {"asset_id": "94547373024010102951905828700448844553086593596995755462901188098139919773916", "price": "0.99", "size": "89.72", "side": "SELL", "hash": "da0e5e36f36073acad63ccef7eacd2af7383b09f", "best_bid": "0.57", "best_ask": "0.89"}], "timestamp": "1769384789203", "event_type": "price_change"}}
{"_local_timestamp": "2026-01-25T23:46:29.646936+00:00", "data": {"market": "0x1faa20762d1c728eabfa1fa67a527424993cb4d26e824e1bf05154ffa1dee1b1", "price_changes": [{"asset_id": "65890492268827274414614947866859506144952787985155870954013666159959056162741", "price": "0.01", "size": "105.65", "side": "BUY", "hash": "b0c8b83a8fb61877172ee7ce2581ca3e1574c0e3", "best_bid": "0.11", "best_ask": "0.43"}, {"asset_id": "94547373024010102951905828700448844553086593596995755462901188098139919773916", "price": "0.99", "size": "105.65", "side": "SELL", "hash": "16573ba42c80f5367fa0b0fa5f242299449e13fd", "best_bid": "0.57", "best_ask": "0.89"}], "timestamp": "1769384789572", "event_type": "price_change"}}
{"_local_timestamp": "2026-01-25T23:46:50.886247+00:00", "data": {"market": "0x65bb8cffb4fa53ee3cb7cd09e99f02b2fd6f3439152e3efd49461a99f95c1b70", "price_changes": [{"asset_id": "104969573441206287702240849417624955517791989957463789942621898423533396553109", "price": "0.12", "size": "508.33", "side": "BUY", "hash": "92e5255c4553824e54ee84123393cfeb1c679280", "best_bid": "0.8", "best_ask": "0.97"}, {"asset_id": "91546931141525445347845564586214712258578721548462301361601435335879245741527", "price": "0.88", "size": "508.33", "side": "SELL", "hash": "1e449480912d5cbc26e3148557674044448f7a5b", "best_bid": "0.03", "best_ask": "0.2"}], "timestamp": "1769384810662", "event_type": "price_change"}}
{"_local_timestamp": "2026-01-25T23:46:58.462540+00:00", "data": {"market": "0x1faa20762d1c728eabfa1fa67a527424993cb4d26e824e1bf05154ffa1dee1b1", "price_changes": [{"asset_id": "94547373024010102951905828700448844553086593596995755462901188098139919773916", "price": "0.02", "size": "409.46", "side": "BUY", "hash": "c74cc7c45b45ac497f8047905db01b47336a847b", "best_bid": "0.57", "best_ask": "0.89"}, {"asset_id": "65890492268827274414614947866859506144952787985155870954013666159959056162741", "price": "0.98", "size": "409.46", "side": "SELL", "hash": "ab35755eeb0d8b66e38cbb7b577f83a3784b45b4", "best_bid": "0.11", "best_ask": "0.43"}], "timestamp": "1769384818389", "event_type": "price_change"}}
{"_local_timestamp": "2026-01-25T23:46:58.463741+00:00", "data": {"market": "0x3ffc7e76fc7327b02d5fbf1471ca6f54672308b1459a574cdc52a7c11658342e", "price_changes": [{"asset_id": "69233119095705697908558837325923832968754953887917597430925984080048904985420", "price": "0.06", "size": "39.28", "side": "BUY", "hash": "ca73acea86c9a52fe07c6b8c11e9d26697096893", "best_bid": "0.57", "best_ask": "0.91"}, {"asset_id": "7116235510228401591257321609801662381636850186915811395906102800764822227676", "price": "0.94", "size": "39.28", "side": "SELL", "hash": "09e22e91dcf989284458be4991483c9b93150e1f", "best_bid": "0.09", "best_ask": "0.43"}], "timestamp": "1769384818389", "event_type": "price_change"}}
{"_local_timestamp": "2026-01-25T23:46:58.464035+00:00", "data": {"market": "0x3ffc7e76fc7327b02d5fbf1471ca6f54672308b1459a574cdc52a7c11658342e", "price_changes": [{"asset_id": "69233119095705697908558837325923832968754953887917597430925984080048904985420", "price": "0.03", "size": "307.43", "side": "BUY", "hash": "ca73acea86c9a52fe07c6b8c11e9d26697096893", "best_bid": "0.57", "best_ask": "0.91"}, {"asset_id": "7116235510228401591257321609801662381636850186915811395906102800764822227676", "price": "0.97", "size": "307.43", "side": "SELL", "hash": "09e22e91dcf989284458be4991483c9b93150e1f", "best_bid": "0.09", "best_ask": "0.43"}], "timestamp": "1769384818389", "event_type": "price_change"}}
{"_local_timestamp": "2026-01-25T23:46:58.803357+00:00", "data": {"market": "0x1faa20762d1c728eabfa1fa67a527424993cb4d26e824e1bf05154ffa1dee1b1", "price_changes": [{"asset_id": "94547373024010102951905828700448844553086593596995755462901188098139919773916", "price": "0.03", "size": "1100", "side": "BUY", "hash": "89711b2a780c8e3c8d8cc810410037becfd85fa7", "best_bid": "0.57", "best_ask": "0.89"}, {"asset_id": "65890492268827274414614947866859506144952787985155870954013666159959056162741", "price": "0.97", "size": "1100", "side": "SELL", "hash": "adb169320ce97afa1320b6e1e110242b610c7efc", "best_bid": "0.11", "best_ask": "0.43"}], "timestamp": "1769384818717", "event_type": "price_change"}}
{"_local_timestamp": "2026-01-25T23:46:58.803714+00:00", "data": {"market": "0x3ffc7e76fc7327b02d5fbf1471ca6f54672308b1459a574cdc52a7c11658342e", "price_changes": [{"asset_id": "69233119095705697908558837325923832968754953887917597430925984080048904985420", "price": "0.07", "size": "600", "side": "BUY", "hash": "ecc5ecc36f4d338c656490cbc550de3fa4c2e1fc", "best_bid": "0.57", "best_ask": "0.91"}, {"asset_id": "7116235510228401591257321609801662381636850186915811395906102800764822227676", "price": "0.93", "size": "600", "side": "SELL", "hash": "1a35e97b3a9b49ad58818440163d5c3d30296824", "best_bid": "0.09", "best_ask": "0.43"}], "timestamp": "1769384818716", "event_type": "price_change"}}
{"_local_timestamp": "2026-01-25T23:46:58.804019+00:00", "data": {"market": "0x3ffc7e76fc7327b02d5fbf1471ca6f54672308b1459a574cdc52a7c11658342e", "price_changes": [{"asset_id": "69233119095705697908558837325923832968754953887917597430925984080048904985420", "price": "0.02", "size": "2200", "side": "BUY", "hash": "cce910c82d5c013a24be6214b1056818835ef002", "best_bid": "0.57", "best_ask": "0.91"}, {"asset_id": "7116235510228401591257321609801662381636850186915811395906102800764822227676", "price": "0.98", "size": "2200", "side": "SELL", "hash": "cc0269146edd56669d7ea693ea7f31407f7efac8", "best_bid": "0.09", "best_ask": "0.43"}], "timestamp": "1769384818734", "event_type": "price_change"}}
{"_local_timestamp": "2026-01-25T23:46:58.986924+00:00", "data": {"market": "0x3ffc7e76fc7327b02d5fbf1471ca6f54672308b1459a574cdc52a7c11658342e", "price_changes": [{"asset_id": "69233119095705697908558837325923832968754953887917597430925984080048904985420", "price": "0.23", "size": "50", "side": "BUY", "hash": "42c52534fd592a24fb43b56845db76c00acd907e", "best_bid": "0.57", "best_ask": "0.91"}, {"asset_id": "7116235510228401591257321609801662381636850186915811395906102800764822227676", "price": "0.77", "size": "50", "side": "SELL", "hash": "f0e8ee83157610f365f816e3c6a10620e64422d2", "best_bid": "0.09", "best_ask": "0.43"}], "timestamp": "1769384818868", "event_type": "price_change"}}
{"_local_timestamp": "2026-01-25T23:46:59.343199+00:00", "data": {"market": "0x3ffc7e76fc7327b02d5fbf1471ca6f54672308b1459a574cdc52a7c11658342e", "price_changes": [{"asset_id": "69233119095705697908558837325923832968754953887917597430925984080048904985420", "price": "0.24", "size": "212", "side": "BUY", "hash": "f4807b40f1eb9a136b6cd7e3ccfa9494c381c5aa", "best_bid": "0.57", "best_ask": "0.91"}, {"asset_id": "7116235510228401591257321609801662381636850186915811395906102800764822227676", "price": "0.76", "size": "212", "side": "SELL", "hash": "e957b6c37907219e523d9c80c6cf0402e81621b3", "best_bid": "0.09", "best_ask": "0.43"}], "timestamp": "1769384819205", "event_type": "price_change"}}
{"_local_timestamp": "2026-01-25T23:47:29.929049+00:00", "data": {"market": "0x65bb8cffb4fa53ee3cb7cd09e99f02b2fd6f3439152e3efd49461a99f95c1b70", "price_changes": [{"asset_id": "91546931141525445347845564586214712258578721548462301361601435335879245741527", "price": "0.01", "size": "81.32", "side": "BUY", "hash": "62c3d75fba90c473a2344c121f035131ba800630", "best_bid": "0.03", "best_ask": "0.2"}, {"asset_id": "104969573441206287702240849417624955517791989957463789942621898423533396553109", "price": "0.99", "size": "81.32", "side": "SELL", "hash": "bb9267044322e97abebaa37aab9caa25202b00d0", "best_bid": "0.8", "best_ask": "0.97"}], "timestamp": "1769384849866", "event_type": "price_change"}}
{"_local_timestamp": "2026-01-25T23:47:29.929690+00:00", "data": {"market": "0x65bb8cffb4fa53ee3cb7cd09e99f02b2fd6f3439152e3efd49461a99f95c1b70", "price_changes": [{"asset_id": "91546931141525445347845564586214712258578721548462301361601435335879245741527", "price": "0.02", "size": "34", "side": "BUY", "hash": "62c3d75fba90c473a2344c121f035131ba800630", "best_bid": "0.03", "best_ask": "0.2"}, {"asset_id": "104969573441206287702240849417624955517791989957463789942621898423533396553109", "price": "0.98", "size": "34", "side": "SELL", "hash": "bb9267044322e97abebaa37aab9caa25202b00d0", "best_bid": "0.8", "best_ask": "0.97"}], "timestamp": "1769384849866", "event_type": "price_change"}}
{"_local_timestamp": "2026-01-25T23:47:30.271369+00:00", "data": {"market": "0x65bb8cffb4fa53ee3cb7cd09e99f02b2fd6f3439152e3efd49461a99f95c1b70", "price_changes": [{"asset_id": "91546931141525445347845564586214712258578721548462301361601435335879245741527", "price": "0.01", "size": "101.05", "side": "BUY", "hash": "58214bd6bf6d1ae16e5367b57cd457729e91bc25", "best_bid": "0.03", "best_ask": "0.2"}, {"asset_id": "104969573441206287702240849417624955517791989957463789942621898423533396553109", "price": "0.99", "size": "101.05", "side": "SELL", "hash": "692403e7ae258f1f99f36cd66b9a231a932d6ce8", "best_bid": "0.8", "best_ask": "0.97"}], "timestamp": "1769384850206", "event_type": "price_change"}}
{"_local_timestamp": "2026-01-25T23:47:30.271799+00:00", "data": {"market": "0x65bb8cffb4fa53ee3cb7cd09e99f02b2fd6f3439152e3efd49461a99f95c1b70", "price_changes": [{"asset_id": "91546931141525445347845564586214712258578721548462301361601435335879245741527", "price": "0.02", "size": "57.46", "side": "BUY", "hash": "7b054e52f80f24a0b8b35ce5f6d4802083152021", "best_bid": "0.03", "best_ask": "0.2"}, {"asset_id": "104969573441206287702240849417624955517791989957463789942621898423533396553109", "price": "0.98", "size": "57.46", "side": "SELL", "hash": "3b7409192eab7f531ad3076372f68eb07c65d62a", "best_bid": "0.8", "best_ask": "0.97"}], "timestamp": "1769384850207", "event_type": "price_change"}}
{"_local_timestamp": "2026-01-25T23:47:30.406505+00:00", "data": {"market": "0x3ffc7e76fc7327b02d5fbf1471ca6f54672308b1459a574cdc52a7c11658342e", "price_changes": [{"asset_id": "7116235510228401591257321609801662381636850186915811395906102800764822227676", "price": "0.01", "size": "66.66", "side": "BUY", "hash": "ae51606a90a0bfc3c3fd1ddb87df4cb289699e77", "best_bid": "0.09", "best_ask": "0.43"}, {"asset_id": "69233119095705697908558837325923832968754953887917597430925984080048904985420", "price": "0.99", "size": "66.66", "side": "SELL", "hash": "0baf0f605a408174897fe58eef7a17b2ae39a255", "best_bid": "0.57", "best_ask": "0.91"}], "timestamp": "1769384850343", "event_type": "price_change"}}
{"_local_timestamp": "2026-01-25T23:47:30.732337+00:00", "data": {"market": "0x3ffc7e76fc7327b02d5fbf1471ca6f54672308b1459a574cdc52a7c11658342e", "price_changes": [{"asset_id": "7116235510228401591257321609801662381636850186915811395906102800764822227676", "price": "0.01", "size": "86.09", "side": "BUY", "hash": "4a9b45763d2e0bdea92694e26a6097053a33bd41", "best_bid": "0.09", "best_ask": "0.43"}, {"asset_id": "69233119095705697908558837325923832968754953887917597430925984080048904985420", "price": "0.99", "size": "86.09", "side": "SELL", "hash": "4bef409834c7f6702f05fb6e808e66e71030fe1c", "best_bid": "0.57", "best_ask": "0.91"}], "timestamp": "1769384850668", "event_type": "price_change"}}
{"_local_timestamp": "2026-01-25T23:47:31.299480+00:00", "data": {"market": "0x65bb8cffb4fa53ee3cb7cd09e99f02b2fd6f3439152e3efd49461a99f95c1b70", "price_changes": [{"asset_id": "91546931141525445347845564586214712258578721548462301361601435335879245741527", "price": "0.01", "size": "81.32", "side": "BUY", "hash": "def0ba9196758daf128cec69ab760aa743018d2c", "best_bid": "0.03", "best_ask": "0.2"}, {"asset_id": "104969573441206287702240849417624955517791989957463789942621898423533396553109", "price": "0.99", "size": "81.32", "side": "SELL", "hash": "0b89d81da4c73a35a8f473750b1a0765ca2c6370", "best_bid": "0.8", "best_ask": "0.97"}], "timestamp": "1769384851225", "event_type": "price_change"}}
{"_local_timestamp": "2026-01-25T23:47:31.299809+00:00", "data": {"market": "0x65bb8cffb4fa53ee3cb7cd09e99f02b2fd6f3439152e3efd49461a99f95c1b70", "price_changes": [{"asset_id": "91546931141525445347845564586214712258578721548462301361601435335879245741527", "price": "0.02", "size": "34", "side": "BUY", "hash": "def0ba9196758daf128cec69ab760aa743018d2c", "best_bid": "0.03", "best_ask": "0.2"}, {"asset_id": "104969573441206287702240849417624955517791989957463789942621898423533396553109", "price": "0.98", "size": "34", "side": "SELL", "hash": "0b89d81da4c73a35a8f473750b1a0765ca2c6370", "best_bid": "0.8", "best_ask": "0.97"}], "timestamp": "1769384851225", "event_type": "price_change"}}
{"_local_timestamp": "2026-01-25T23:47:31.745503+00:00", "data": {"market": "0x65bb8cffb4fa53ee3cb7cd09e99f02b2fd6f3439152e3efd49461a99f95c1b70", "price_changes": [{"asset_id": "91546931141525445347845564586214712258578721548462301361601435335879245741527", "price": "0.01", "size": "101.05", "side": "BUY", "hash": "197af1bd387b8337da1c92fcaea2f48d536a1225", "best_bid": "0.03", "best_ask": "0.2"}, {"asset_id": "104969573441206287702240849417624955517791989957463789942621898423533396553109", "price": "0.99", "size": "101.05", "side": "SELL", "hash": "ae6f1a9edbe09e1b1977d67f534ceb36050f7c8e", "best_bid": "0.8", "best_ask": "0.97"}], "timestamp": "1769384851677", "event_type": "price_change"}}
{"_local_timestamp": "2026-01-25T23:47:31.753574+00:00", "data": {"market": "0x65bb8cffb4fa53ee3cb7cd09e99f02b2fd6f3439152e3efd49461a99f95c1b70", "price_changes": [{"asset_id": "91546931141525445347845564586214712258578721548462301361601435335879245741527", "price": "0.02", "size": "57.46", "side": "BUY", "hash": "e2e3f9bf68b3c48efbb4e3eba001d819751d4460", "best_bid": "0.03", "best_ask": "0.2"}, {"asset_id": "104969573441206287702240849417624955517791989957463789942621898423533396553109", "price": "0.98", "size": "57.46", "side": "SELL", "hash": "8839a2b5072c96ffa41420cccf4dbdda5ed70a48", "best_bid": "0.8", "best_ask": "0.97"}], "timestamp": "1769384851683", "event_type": "price_change"}}
{"_local_timestamp": "2026-01-25T23:47:54.098012+00:00", "data": {"market": "0x1faa20762d1c728eabfa1fa67a527424993cb4d26e824e1bf05154ffa1dee1b1", "price_changes": [{"asset_id": "65890492268827274414614947866859506144952787985155870954013666159959056162741", "price": "0.11", "size": "66.66", "side": "BUY", "hash": "93d06063eeb12d4001faec155700fc174a59139e", "best_bid": "0.11", "best_ask": "0.43"}, {"asset_id": "94547373024010102951905828700448844553086593596995755462901188098139919773916", "price": "0.89", "size": "66.66", "side": "SELL", "hash": "07408779eaf9e0e578de2bc902c5d9910fa23607", "best_bid": "0.57", "best_ask": "0.89"}], "timestamp": "1769384874004", "event_type": "price_change"}}
{"_local_timestamp": "2026-01-25T23:47:54.137991+00:00", "data": {"market": "0x1faa20762d1c728eabfa1fa67a527424993cb4d26e824e1bf05154ffa1dee1b1", "price_changes": [{"asset_id": "65890492268827274414614947866859506144952787985155870954013666159959056162741", "price": "0.11", "size": "86.66", "side": "BUY", "hash": "389fa2cb03d6dbe224eb41d15fad43ef248cffa8", "best_bid": "0.11", "best_ask": "0.43"}, {"asset_id": "94547373024010102951905828700448844553086593596995755462901188098139919773916", "price": "0.89", "size": "86.66", "side": "SELL", "hash": "da835e57b5636cd95a1e243314aa7c7452826c8c", "best_bid": "0.57", "best_ask": "0.89"}], "timestamp": "1769384874056", "event_type": "price_change"}}
{"_local_timestamp": "2026-01-25T23:48:02.535074+00:00", "data": {"market": "0x3ffc7e76fc7327b02d5fbf1471ca6f54672308b1459a574cdc52a7c11658342e", "price_changes": [{"asset_id": "69233119095705697908558837325923832968754953887917597430925984080048904985420", "price": "0.02", "size": "1800", "side": "BUY", "hash": "6e394db64b94e9d54fb756e82ae8cf0673bdc72b", "best_bid": "0.57", "best_ask": "0.91"}, {"asset_id": "7116235510228401591257321609801662381636850186915811395906102800764822227676", "price": "0.98", "size": "1800", "side": "SELL", "hash": "d47f807700590911b79d2da77adf61c2f4ae91b1", "best_bid": "0.09", "best_ask": "0.43"}], "timestamp": "1769384882446", "event_type": "price_change"}}
{"_local_timestamp": "2026-01-25T23:48:02.973880+00:00", "data": {"market": "0x3ffc7e76fc7327b02d5fbf1471ca6f54672308b1459a574cdc52a7c11658342e", "price_changes": [{"asset_id": "69233119095705697908558837325923832968754953887917597430925984080048904985420", "price": "0.03", "size": "707.43", "side": "BUY", "hash": "b873d7406d4fe159a2d8f933d06c1b26f63482f3", "best_bid": "0.57", "best_ask": "0.91"}, {"asset_id": "7116235510228401591257321609801662381636850186915811395906102800764822227676", "price": "0.97", "size": "707.43", "side": "SELL", "hash": "3f45b02540ed170033431c1acc93b6b911b18f7f", "best_bid": "0.09", "best_ask": "0.43"}], "timestamp": "1769384882851", "event_type": "price_change"}}
{"_local_timestamp": "2026-01-25T23:48:05.399041+00:00", "data": {"market": "0x3ffc7e76fc7327b02d5fbf1471ca6f54672308b1459a574cdc52a7c11658342e", "price_changes": [{"asset_id": "69233119095705697908558837325923832968754953887917597430925984080048904985420", "price": "0.58", "size": "8.62", "side": "BUY", "hash": "ea3cfe86a4faf759c6321a9f28c7e47d8952a17b", "best_bid": "0.58", "best_ask": "0.91"}, {"asset_id": "7116235510228401591257321609801662381636850186915811395906102800764822227676", "price": "0.42", "size": "8.62", "side": "SELL", "hash": "a2746106212d5f12b397c1c92802453efbc2840b", "best_bid": "0.09", "best_ask": "0.42"}], "timestamp": "1769384885333", "event_type": "price_change"}}
{"_local_timestamp": "2026-01-25T23:48:05.399499+00:00", "data": {"market": "0x1faa20762d1c728eabfa1fa67a527424993cb4d26e824e1bf05154ffa1dee1b1", "price_changes": [{"asset_id": "94547373024010102951905828700448844553086593596995755462901188098139919773916", "price": "0.58", "size": "8.62", "side": "BUY", "hash": "1ba30b9168ea124a93c1f2246892ad575a51bb34", "best_bid": "0.58", "best_ask": "0.89"}, {"asset_id": "65890492268827274414614947866859506144952787985155870954013666159959056162741", "price": "0.42", "size": "8.62", "side": "SELL", "hash": "c431d6a5fc508064c9f443cb3bb33dcbc0c77210", "best_bid": "0.11", "best_ask": "0.42"}], "timestamp": "1769384885333", "event_type": "price_change"}}
{"_local_timestamp": "2026-01-25T23:48:21.656296+00:00", "data": {"market": "0x65bb8cffb4fa53ee3cb7cd09e99f02b2fd6f3439152e3efd49461a99f95c1b70", "price_changes": [{"asset_id": "104969573441206287702240849417624955517791989957463789942621898423533396553109", "price": "0.43", "size": "158", "side": "BUY", "hash": "50afd261e1f8a148c81fd16a774c0190a969fdfe", "best_bid": "0.8", "best_ask": "0.97"}, {"asset_id": "91546931141525445347845564586214712258578721548462301361601435335879245741527", "price": "0.57", "size": "158", "side": "SELL", "hash": "163890edf01d82a531f7593f9679e2c6eb013d03", "best_bid": "0.03", "best_ask": "0.2"}], "timestamp": "1769384901597", "event_type": "price_change"}}
{"_local_timestamp": "2026-01-25T23:48:21.656677+00:00", "data": {"market": "0x3ffc7e76fc7327b02d5fbf1471ca6f54672308b1459a574cdc52a7c11658342e", "price_changes": [{"asset_id": "69233119095705697908558837325923832968754953887917597430925984080048904985420", "price": "0.58", "size": "47.62", "side": "BUY", "hash": "b9f700dff637dcc2250e7b53699393c46b7f1bcc", "best_bid": "0.58", "best_ask": "0.91"}, {"asset_id": "7116235510228401591257321609801662381636850186915811395906102800764822227676", "price": "0.42", "size": "47.62", "side": "SELL", "hash": "63beea26d2d51485de85e5bd962977a5f0e6bda8", "best_bid": "0.09", "best_ask": "0.42"}], "timestamp": "1769384901597", "event_type": "price_change"}}
{"_local_timestamp": "2026-01-25T23:48:21.661607+00:00", "data": {"market": "0x65bb8cffb4fa53ee3cb7cd09e99f02b2fd6f3439152e3efd49461a99f95c1b70", "price_changes": [{"asset_id": "104969573441206287702240849417624955517791989957463789942621898423533396553109", "price": "0.42", "size": "183", "side": "BUY", "hash": "26df37fe61f8337d92f3b655c237f6d4ce845b97", "best_bid": "0.8", "best_ask": "0.97"}, {"asset_id": "91546931141525445347845564586214712258578721548462301361601435335879245741527", "price": "0.58", "size": "183", "side": "SELL", "hash": "8ed5ababae05026f20c47b4b0f6a3fee54b156af", "best_bid": "0.03", "best_ask": "0.2"}], "timestamp": "1769384901597", "event_type": "price_change"}}
{"_local_timestamp": "2026-01-25T23:48:27.276138+00:00", "data": {"market": "0x65bb8cffb4fa53ee3cb7cd09e99f02b2fd6f3439152e3efd49461a99f95c1b70", "price_changes": [{"asset_id": "104969573441206287702240849417624955517791989957463789942621898423533396553109", "price": "0.42", "size": "163", "side": "BUY", "hash": "6d4b0f43fcc12c96a827e6878bac42f3042360d2", "best_bid": "0.8", "best_ask": "0.97"}, {"asset_id": "91546931141525445347845564586214712258578721548462301361601435335879245741527", "price": "0.58", "size": "163", "side": "SELL", "hash": "b71bbf7502b87189ffa633064e1fa68cba990fc0", "best_bid": "0.03", "best_ask": "0.2"}], "timestamp": "1769384907199", "event_type": "price_change"}}
{"_local_timestamp": "2026-01-25T23:48:27.307628+00:00", "data": {"market": "0x65bb8cffb4fa53ee3cb7cd09e99f02b2fd6f3439152e3efd49461a99f95c1b70", "price_changes": [{"asset_id": "104969573441206287702240849417624955517791989957463789942621898423533396553109", "price": "0.44", "size": "20", "side": "BUY", "hash": "1d26fd92734f3d0aa6386ed770761cb7b81b7f78", "best_bid": "0.8", "best_ask": "0.97"}, {"asset_id": "91546931141525445347845564586214712258578721548462301361601435335879245741527", "price": "0.56", "size": "20", "side": "SELL", "hash": "4d7b6c818938453f78651e91269b600df8a24c17", "best_bid": "0.03", "best_ask": "0.2"}], "timestamp": "1769384907228", "event_type": "price_change"}}
{"_local_timestamp": "2026-01-25T23:48:35.387385+00:00", "data": {"market": "0x3ffc7e76fc7327b02d5fbf1471ca6f54672308b1459a574cdc52a7c11658342e", "price_changes": [{"asset_id": "69233119095705697908558837325923832968754953887917597430925984080048904985420", "price": "0.57", "size": "66.66", "side": "BUY", "hash": "15c12fd27843568582830dad2354fe8d32aa434c", "best_bid": "0.58", "best_ask": "0.91"}, {"asset_id": "7116235510228401591257321609801662381636850186915811395906102800764822227676", "price": "0.43", "size": "66.66", "side": "SELL", "hash": "d99b4a8a4cd11113cc2e8250d91b8b50fc99530d", "best_bid": "0.09", "best_ask": "0.42"}], "timestamp": "1769384915310", "event_type": "price_change"}}
{"_local_timestamp": "2026-01-25T23:48:35.387836+00:00", "data": {"market": "0x65bb8cffb4fa53ee3cb7cd09e99f02b2fd6f3439152e3efd49461a99f95c1b70", "price_changes": [{"asset_id": "104969573441206287702240849417624955517791989957463789942621898423533396553109", "price": "0.42", "size": "5", "side": "BUY", "hash": "3a68b63fe3bcd2d2a71bb90c0be063df189171de", "best_bid": "0.8", "best_ask": "0.97"}, {"asset_id": "91546931141525445347845564586214712258578721548462301361601435335879245741527", "price": "0.58", "size": "5", "side": "SELL", "hash": "6e4ba91821aed8de1759b49413bfb22528f9b4b7", "best_bid": "0.03", "best_ask": "0.2"}], "timestamp": "1769384915310", "event_type": "price_change"}}
{"_local_timestamp": "2026-01-25T23:49:00.379252+00:00", "data": {"market": "0x1faa20762d1c728eabfa1fa67a527424993cb4d26e824e1bf05154ffa1dee1b1", "price_changes": [{"asset_id": "94547373024010102951905828700448844553086593596995755462901188098139919773916", "price": "0.58", "size": "0", "side": "BUY", "hash": "3f8fb507bbc77fa1d68e02222a85ac835781faa2", "best_bid": "0.57", "best_ask": "0.89"}, {"asset_id": "65890492268827274414614947866859506144952787985155870954013666159959056162741", "price": "0.42", "size": "0", "side": "SELL", "hash": "b2f83b1a186eaa2ba4f982d745cb297680789624", "best_bid": "0.11", "best_ask": "0.43"}], "timestamp": "1769384940302", "event_type": "price_change"}}
{"_local_timestamp": "2026-01-25T23:49:00.408827+00:00", "data": {"market": "0x3ffc7e76fc7327b02d5fbf1471ca6f54672308b1459a574cdc52a7c11658342e", "price_changes": [{"asset_id": "69233119095705697908558837325923832968754953887917597430925984080048904985420", "price": "0.58", "size": "39", "side": "BUY", "hash": "fc14575e52b018e286b449a138466b497aa670fe", "best_bid": "0.58", "best_ask": "0.91"}, {"asset_id": "7116235510228401591257321609801662381636850186915811395906102800764822227676", "price": "0.42", "size": "39", "side": "SELL", "hash": "fa98d6e9768caa3d2d58b36c2e95a2ed833ddf99", "best_bid": "0.09", "best_ask": "0.42"}], "timestamp": "1769384940328", "event_type": "price_change"}}
{"_local_timestamp": "2026-01-25T23:49:09.178392+00:00", "data": {"market": "0x3ffc7e76fc7327b02d5fbf1471ca6f54672308b1459a574cdc52a7c11658342e", "price_changes": [{"asset_id": "69233119095705697908558837325923832968754953887917597430925984080048904985420", "price": "0.2", "size": "150", "side": "BUY", "hash": "c06bd0faa56bf68abd3b230bb268fcd76a0bb1be", "best_bid": "0.58", "best_ask": "0.91"}, {"asset_id": "7116235510228401591257321609801662381636850186915811395906102800764822227676", "price": "0.8", "size": "150", "side": "SELL", "hash": "dae3c606687463fac159094d946aecf96075e1e4", "best_bid": "0.09", "best_ask": "0.42"}], "timestamp": "1769384949101", "event_type": "price_change"}}
{"_local_timestamp": "2026-01-25T23:49:09.178712+00:00", "data": {"market": "0x3ffc7e76fc7327b02d5fbf1471ca6f54672308b1459a574cdc52a7c11658342e", "price_changes": [{"asset_id": "69233119095705697908558837325923832968754953887917597430925984080048904985420", "price": "0.07", "size": "100", "side": "BUY", "hash": "c06bd0faa56bf68abd3b230bb268fcd76a0bb1be", "best_bid": "0.58", "best_ask": "0.91"}, {"asset_id": "7116235510228401591257321609801662381636850186915811395906102800764822227676", "price": "0.93", "size": "100", "side": "SELL", "hash": "dae3c606687463fac159094d946aecf96075e1e4", "best_bid": "0.09", "best_ask": "0.42"}], "timestamp": "1769384949101", "event_type": "price_change"}}
{"_local_timestamp": "2026-01-25T23:49:09.179094+00:00", "data": {"market": "0x3ffc7e76fc7327b02d5fbf1471ca6f54672308b1459a574cdc52a7c11658342e", "price_changes": [{"asset_id": "69233119095705697908558837325923832968754953887917597430925984080048904985420", "price": "0.02", "size": "1000", "side": "BUY", "hash": "c06bd0faa56bf68abd3b230bb268fcd76a0bb1be", "best_bid": "0.58", "best_ask": "0.91"}, {"asset_id": "7116235510228401591257321609801662381636850186915811395906102800764822227676", "price": "0.98", "size": "1000", "side": "SELL", "hash": "dae3c606687463fac159094d946aecf96075e1e4", "best_bid": "0.09", "best_ask": "0.42"}], "timestamp": "1769384949101", "event_type": "price_change"}}
{"_local_timestamp": "2026-01-25T23:49:09.497410+00:00", "data": {"market": "0x3ffc7e76fc7327b02d5fbf1471ca6f54672308b1459a574cdc52a7c11658342e", "price_changes": [{"asset_id": "69233119095705697908558837325923832968754953887917597430925984080048904985420", "price": "0.03", "size": "1507.43", "side": "BUY", "hash": "7a86e7f51a02d402bce5427429a02f4b988d4e3b", "best_bid": "0.58", "best_ask": "0.91"}, {"asset_id": "7116235510228401591257321609801662381636850186915811395906102800764822227676", "price": "0.97", "size": "1507.43", "side": "SELL", "hash": "014e367d32831c395eb9fd8256fed6ad1661c7dc", "best_bid": "0.09", "best_ask": "0.42"}], "timestamp": "1769384949413", "event_type": "price_change"}}
{"_local_timestamp": "2026-01-25T23:49:09.498846+00:00", "data": {"market": "0x65bb8cffb4fa53ee3cb7cd09e99f02b2fd6f3439152e3efd49461a99f95c1b70", "price_changes": [{"asset_id": "104969573441206287702240849417624955517791989957463789942621898423533396553109", "price": "0.12", "size": "558.33", "side": "BUY", "hash": "6fd2149d59a35faf9207dbb9d3e3af6c56eb2fe6", "best_bid": "0.8", "best_ask": "0.97"}, {"asset_id": "91546931141525445347845564586214712258578721548462301361601435335879245741527", "price": "0.88", "size": "558.33", "side": "SELL", "hash": "0a310dac7ce70f1b0a6728ae9c91eca196591218", "best_bid": "0.03", "best_ask": "0.2"}], "timestamp": "1769384949414", "event_type": "price_change"}}
{"_local_timestamp": "2026-01-25T23:49:41.728504+00:00", "data": {"market": "0x3ffc7e76fc7327b02d5fbf1471ca6f54672308b1459a574cdc52a7c11658342e", "price_changes": [{"asset_id": "69233119095705697908558837325923832968754953887917597430925984080048904985420", "price": "0.23", "size": "0", "side": "BUY", "hash": "c69e44686b63dac100b978fa115760a824e07ad0", "best_bid": "0.58", "best_ask": "0.91"}, {"asset_id": "7116235510228401591257321609801662381636850186915811395906102800764822227676", "price": "0.77", "size": "0", "side": "SELL", "hash": "8129acce6fe3b4fc4814aab3d38c10310cf1e30e", "best_bid": "0.09", "best_ask": "0.42"}], "timestamp": "1769384981643", "event_type": "price_change"}}
{"_local_timestamp": "2026-01-25T23:49:41.864071+00:00", "data": {"market": "0x1faa20762d1c728eabfa1fa67a527424993cb4d26e824e1bf05154ffa1dee1b1", "price_changes": [{"asset_id": "94547373024010102951905828700448844553086593596995755462901188098139919773916", "price": "0.02", "size": "9.46", "side": "BUY", "hash": "d3a50deb3e0757ecdfb70d10377ba07252a2d693", "best_bid": "0.57", "best_ask": "0.89"}, {"asset_id": "65890492268827274414614947866859506144952787985155870954013666159959056162741", "price": "0.98", "size": "9.46", "side": "SELL", "hash": "f071091501cdacff39791ce5adfacf5c7a304da4", "best_bid": "0.11", "best_ask": "0.43"}], "timestamp": "1769384981728", "event_type": "price_change"}}
{"_local_timestamp": "2026-01-25T23:49:41.864421+00:00", "data": {"market": "0x3ffc7e76fc7327b02d5fbf1471ca6f54672308b1459a574cdc52a7c11658342e", "price_changes": [{"asset_id": "69233119095705697908558837325923832968754953887917597430925984080048904985420", "price": "0.03", "size": "1107.43", "side": "BUY", "hash": "f5548f2deb45581b63984d3fb8c586d30f2f45e5", "best_bid": "0.58", "best_ask": "0.91"}, {"asset_id": "7116235510228401591257321609801662381636850186915811395906102800764822227676", "price": "0.97", "size": "1107.43", "side": "SELL", "hash": "a74beaeda9f2e42580f74892132212dca45069f8", "best_bid": "0.09", "best_ask": "0.42"}], "timestamp": "1769384981728", "event_type": "price_change"}}
{"_local_timestamp": "2026-01-25T23:49:42.200435+00:00", "data": {"market": "0x3ffc7e76fc7327b02d5fbf1471ca6f54672308b1459a574cdc52a7c11658342e", "price_changes": [{"asset_id": "69233119095705697908558837325923832968754953887917597430925984080048904985420", "price": "0.02", "size": "1400", "side": "BUY", "hash": "6a9df56bab4431db94f4e35a6618ecd516a3762c", "best_bid": "0.58", "best_ask": "0.91"}, {"asset_id": "7116235510228401591257321609801662381636850186915811395906102800764822227676", "price": "0.98", "size": "1400", "side": "SELL", "hash": "cf6d083b0d9811a27c43ae2829656405c2a672cb", "best_bid": "0.09", "best_ask": "0.42"}], "timestamp": "1769384982096", "event_type": "price_change"}}
{"_local_timestamp": "2026-01-25T23:49:42.208132+00:00", "data": {"market": "0x1faa20762d1c728eabfa1fa67a527424993cb4d26e824e1bf05154ffa1dee1b1", "price_changes": [{"asset_id": "94547373024010102951905828700448844553086593596995755462901188098139919773916", "price": "0.03", "size": "1500", "side": "BUY", "hash": "41c54a9239d238ff36fc77c648e30de67693174e", "best_bid": "0.57", "best_ask": "0.89"}, {"asset_id": "65890492268827274414614947866859506144952787985155870954013666159959056162741", "price": "0.97", "size": "1500", "side": "SELL", "hash": "8b233dab93bba7838ca8d7814fb62657eb84eba0", "best_bid": "0.11", "best_ask": "0.43"}], "timestamp": "1769384982095", "event_type": "price_change"}}
{"_local_timestamp": "2026-01-25T23:49:42.408787+00:00", "data": {"market": "0x3ffc7e76fc7327b02d5fbf1471ca6f54672308b1459a574cdc52a7c11658342e", "price_changes": [{"asset_id": "69233119095705697908558837325923832968754953887917597430925984080048904985420", "price": "0.24", "size": "262", "side": "BUY", "hash": "4b214eba53a810bcbb7e5d84899b36ebc2c68cc7", "best_bid": "0.58", "best_ask": "0.91"}, {"asset_id": "7116235510228401591257321609801662381636850186915811395906102800764822227676", "price": "0.76", "size": "262", "side": "SELL", "hash": "78aef5db0ca1061b437e3ae845bf3990f4093a05", "best_bid": "0.09", "best_ask": "0.42"}], "timestamp": "1769384982230", "event_type": "price_change"}}
{"_local_timestamp": "2026-01-25T23:49:55.728543+00:00", "data": {"market": "0x1faa20762d1c728eabfa1fa67a527424993cb4d26e824e1bf05154ffa1dee1b1", "price_changes": [{"asset_id": "94547373024010102951905828700448844553086593596995755462901188098139919773916", "price": "0.58", "size": "8.62", "side": "BUY", "hash": "5f3efaa08350b60e4c546feeadde88723de2916e", "best_bid": "0.58", "best_ask": "0.89"}, {"asset_id": "65890492268827274414614947866859506144952787985155870954013666159959056162741", "price": "0.42", "size": "8.62", "side": "SELL", "hash": "0bde518525eab85269189596337e9f6439bb2bd2", "best_bid": "0.11", "best_ask": "0.42"}], "timestamp": "1769384995654", "event_type": "price_change"}}
{"_local_timestamp": "2026-01-25T23:49:55.768522+00:00", "data": {"market": "0x3ffc7e76fc7327b02d5fbf1471ca6f54672308b1459a574cdc52a7c11658342e", "price_changes": [{"asset_id": "69233119095705697908558837325923832968754953887917597430925984080048904985420", "price": "0.59", "size": "8.47", "side": "BUY", "hash": "a1528b8ace646b1a5be1fa96cd920b3da3ad6926", "best_bid": "0.59", "best_ask": "0.91"}, {"asset_id": "7116235510228401591257321609801662381636850186915811395906102800764822227676", "price": "0.41", "size": "8.47", "side": "SELL", "hash": "da2f88b86c0d8dfb81f2c8a6725705c10ae2e0ce", "best_bid": "0.09", "best_ask": "0.41"}], "timestamp": "1769384995694", "event_type": "price_change"}}
{"_local_timestamp": "2026-01-25T23:50:05.533476+00:00", "data": {"market": "0x3ffc7e76fc7327b02d5fbf1471ca6f54672308b1459a574cdc52a7c11658342e", "price_changes": [{"asset_id": "69233119095705697908558837325923832968754953887917597430925984080048904985420", "price": "0.2", "size": "0", "side": "BUY", "hash": "9c343f242a8131435404d21d14942c572f859fa7", "best_bid": "0.59", "best_ask": "0.91"}, {"asset_id": "7116235510228401591257321609801662381636850186915811395906102800764822227676", "price": "0.8", "size": "0", "side": "SELL", "hash": "7208d31f849e4bd468da3c461832606e53f316c2", "best_bid": "0.09", "best_ask": "0.41"}], "timestamp": "1769385005458", "event_type": "price_change"}}
{"_local_timestamp": "2026-01-25T23:50:05.830562+00:00", "data": {"market": "0x3ffc7e76fc7327b02d5fbf1471ca6f54672308b1459a574cdc52a7c11658342e", "price_changes": [{"asset_id": "69233119095705697908558837325923832968754953887917597430925984080048904985420", "price": "0.16", "size": "150", "side": "BUY", "hash": "2fca8c1627a935987d58a6cf0060314cf9771906", "best_bid": "0.59", "best_ask": "0.91"}, {"asset_id": "7116235510228401591257321609801662381636850186915811395906102800764822227676", "price": "0.84", "size": "150", "side": "SELL", "hash": "6bc9b956357cb1487ce87989b2db4aa16c26df9d", "best_bid": "0.09", "best_ask": "0.41"}], "timestamp": "1769385005724", "event_type": "price_change"}}
{"_local_timestamp": "2026-01-25T23:50:23.442761+00:00", "data": {"market": "0x3ffc7e76fc7327b02d5fbf1471ca6f54672308b1459a574cdc52a7c11658342e", "price_changes": [{"asset_id": "69233119095705697908558837325923832968754953887917597430925984080048904985420", "price": "0.59", "size": "0", "side": "BUY", "hash": "528c0b48b7ff6a2f530d91003c0f1b5893a5d284", "best_bid": "0.58", "best_ask": "0.91"}, {"asset_id": "7116235510228401591257321609801662381636850186915811395906102800764822227676", "price": "0.41", "size": "0", "side": "SELL", "hash": "f9f978f38657874823cee1abba008e62be9b81ff", "best_bid": "0.09", "best_ask": "0.42"}], "timestamp": "1769385023304", "event_type": "price_change"}}
{"_local_timestamp": "2026-01-25T23:50:23.443364+00:00", "data": {"market": "0x1faa20762d1c728eabfa1fa67a527424993cb4d26e824e1bf05154ffa1dee1b1", "price_changes": [{"asset_id": "94547373024010102951905828700448844553086593596995755462901188098139919773916", "price": "0.58", "size": "0", "side": "BUY", "hash": "33d37f8d814a8c54ec4e916f2449348d7352d2f7", "best_bid": "0.57", "best_ask": "0.89"}, {"asset_id": "65890492268827274414614947866859506144952787985155870954013666159959056162741", "price": "0.42", "size": "0", "side": "SELL", "hash": "0081a213bdacfad50dc5d7c66ba78fa87b27f2eb", "best_bid": "0.11", "best_ask": "0.43"}], "timestamp": "1769385023304", "event_type": "price_change"}}
{"_local_timestamp": "2026-01-25T23:50:38.416733+00:00", "data": {"market": "0x3ffc7e76fc7327b02d5fbf1471ca6f54672308b1459a574cdc52a7c11658342e", "price_changes": [{"asset_id": "69233119095705697908558837325923832968754953887917597430925984080048904985420", "price": "0.03", "size": "307.43", "side": "BUY", "hash": "a1f94fa91853b02d9c63d27a74b87e7ad637788d", "best_bid": "0.58", "best_ask": "0.91"}, {"asset_id": "7116235510228401591257321609801662381636850186915811395906102800764822227676", "price": "0.97", "size": "307.43", "side": "SELL", "hash": "e8f94cda437d925b604631b7b42bc05b2fe8f580", "best_bid": "0.09", "best_ask": "0.42"}], "timestamp": "1769385038184", "event_type": "price_change"}}
{"_local_timestamp": "2026-01-25T23:50:38.673215+00:00", "data": {"market": "0x3ffc7e76fc7327b02d5fbf1471ca6f54672308b1459a574cdc52a7c11658342e", "price_changes": [{"asset_id": "69233119095705697908558837325923832968754953887917597430925984080048904985420", "price": "0.02", "size": "2200", "side": "BUY", "hash": "bdac3a1e427eb774d27711e3cbff055b28783a1b", "best_bid": "0.58", "best_ask": "0.91"}, {"asset_id": "7116235510228401591257321609801662381636850186915811395906102800764822227676", "price": "0.98", "size": "2200", "side": "SELL", "hash": "465cf1ae90b7d9c649f2b6ae181e597fa1914d78", "best_bid": "0.09", "best_ask": "0.42"}], "timestamp": "1769385038468", "event_type": "price_change"}}
{"_local_timestamp": "2026-01-25T23:50:51.116361+00:00", "data": {"market": "0x1faa20762d1c728eabfa1fa67a527424993cb4d26e824e1bf05154ffa1dee1b1", "price_changes": [{"asset_id": "94547373024010102951905828700448844553086593596995755462901188098139919773916", "price": "0.58", "size": "8.62", "side": "BUY", "hash": "81fe519475fe141d807082105e3da76d4431a72c", "best_bid": "0.58", "best_ask": "0.89"}, {"asset_id": "65890492268827274414614947866859506144952787985155870954013666159959056162741", "price": "0.42", "size": "8.62", "side": "SELL", "hash": "cb83a59defb43567e1c5d2554ef70762d578c894", "best_bid": "0.11", "best_ask": "0.42"}], "timestamp": "1769385051014", "event_type": "price_change"}}
{"_local_timestamp": "2026-01-25T23:50:51.116749+00:00", "data": {"market": "0x3ffc7e76fc7327b02d5fbf1471ca6f54672308b1459a574cdc52a7c11658342e", "price_changes": [{"asset_id": "69233119095705697908558837325923832968754953887917597430925984080048904985420", "price": "0.59", "size": "8.47", "side": "BUY", "hash": "98eb1a66acc373b4cba27a6d68b02406e410da78", "best_bid": "0.59", "best_ask": "0.91"}, {"asset_id": "7116235510228401591257321609801662381636850186915811395906102800764822227676", "price": "0.41", "size": "8.47", "side": "SELL", "hash": "3bd3f2bfb526f060eb17fe791a0aad22023cbcf6", "best_bid": "0.09", "best_ask": "0.41"}], "timestamp": "1769385051014", "event_type": "price_change"}}
{"_local_timestamp": "2026-01-25T23:51:05.956409+00:00", "data": {"market": "0x65bb8cffb4fa53ee3cb7cd09e99f02b2fd6f3439152e3efd49461a99f95c1b70", "price_changes": [{"asset_id": "104969573441206287702240849417624955517791989957463789942621898423533396553109", "price": "0.12", "size": "683.33", "side": "BUY", "hash": "69713bd3cb63d65023ce45bc81339340937fbca6", "best_bid": "0.8", "best_ask": "0.97"}, {"asset_id": "91546931141525445347845564586214712258578721548462301361601435335879245741527", "price": "0.88", "size": "683.33", "side": "SELL", "hash": "3ea7db731547adf16fbd2126d42ad2a20ae44c7d", "best_bid": "0.03", "best_ask": "0.2"}], "timestamp": "1769385065782", "event_type": "price_change"}}
{"_local_timestamp": "2026-01-25T23:51:15.488251+00:00", "data": {"market": "0x3ffc7e76fc7327b02d5fbf1471ca6f54672308b1459a574cdc52a7c11658342e", "price_changes": [{"asset_id": "69233119095705697908558837325923832968754953887917597430925984080048904985420", "price": "0.57", "size": "0", "side": "BUY", "hash": "e22c7533fb7f283329ca9bf569da608cc80a338d", "best_bid": "0.59", "best_ask": "0.91"}, {"asset_id": "7116235510228401591257321609801662381636850186915811395906102800764822227676", "price": "0.43", "size": "0", "side": "SELL", "hash": "b4d750d78e03680a0645e8bed7c2c6d956f49597", "best_bid": "0.09", "best_ask": "0.41"}], "timestamp": "1769385075422", "event_type": "price_change"}}
{"_local_timestamp": "2026-01-25T23:51:16.099536+00:00", "data": {"market": "0x3ffc7e76fc7327b02d5fbf1471ca6f54672308b1459a574cdc52a7c11658342e", "price_changes": [{"asset_id": "69233119095705697908558837325923832968754953887917597430925984080048904985420", "price": "0.6", "size": "66.66", "side": "BUY", "hash": "9ec7f98f29fa79b7a1bd1181e124062dcf217979", "best_bid": "0.6", "best_ask": "0.91"}, {"asset_id": "7116235510228401591257321609801662381636850186915811395906102800764822227676", "price": "0.4", "size": "66.66", "side": "SELL", "hash": "26cc4d1b9ff4932bc53bfd21ad49c9abb7798f72", "best_bid": "0.09", "best_ask": "0.4"}], "timestamp": "1769385076015", "event_type": "price_change"}}
{"_local_timestamp": "2026-01-25T23:51:18.446195+00:00", "data": {"market": "0x3ffc7e76fc7327b02d5fbf1471ca6f54672308b1459a574cdc52a7c11658342e", "price_changes": [{"asset_id": "69233119095705697908558837325923832968754953887917597430925984080048904985420", "price": "0.59", "size": "0", "side": "BUY", "hash": "dc08c036e59b373a05f65550ea38dc9fb1b12cb8", "best_bid": "0.6", "best_ask": "0.91"}, {"asset_id": "7116235510228401591257321609801662381636850186915811395906102800764822227676", "price": "0.41", "size": "0", "side": "SELL", "hash": "2409a6f29d92010828de3f9cf2e7648ed8f6eb2b", "best_bid": "0.09", "best_ask": "0.4"}], "timestamp": "1769385078384", "event_type": "price_change"}}
{"_local_timestamp": "2026-01-25T23:51:18.457521+00:00", "data": {"market": "0x1faa20762d1c728eabfa1fa67a527424993cb4d26e824e1bf05154ffa1dee1b1", "price_changes": [{"asset_id": "94547373024010102951905828700448844553086593596995755462901188098139919773916", "price": "0.58", "size": "0", "side": "BUY", "hash": "ca7c4388a34c4aa26b19aee187666a0dab948603", "best_bid": "0.57", "best_ask": "0.89"}, {"asset_id": "65890492268827274414614947866859506144952787985155870954013666159959056162741", "price": "0.42", "size": "0", "side": "SELL", "hash": "bc786d52ff93154e96f0f9595181d4c7301a04f7", "best_bid": "0.11", "best_ask": "0.43"}], "timestamp": "1769385078384", "event_type": "price_change"}}
