{"_local_timestamp": "2026-01-25T23:40:43.182950+00:00", "data": [{"market": "0x1faa20762d1c728eabfa1fa67a527424993cb4d26e824e1bf05154ffa1dee1b1", "asset_id": "94547373024010102951905828700448844553086593596995755462901188098139919773916", "timestamp": "1769384437398", "hash": "75ce89bc3fcfeafe91806e88d517ab3a9a39fb5f", "bids": [{"price": "0.01", "size": "3866.66"}, {"price": "0.02", "size": "1209.46"}, {"price": "0.03", "size": "200"}, {"price": "0.05", "size": "10"}, {"price": "0.06", "size": "133"}, {"price": "0.07", "size": "300"}, {"price": "0.08", "size": "205.96"}, {"price": "0.11", "size": "225"}, {"price": "0.16", "size": "150"}, {"price": "0.21", "size": "100"}, {"price": "0.26", "size": "152"}, {"price": "0.28", "size": "66.66"}, {"price": "0.56", "size": "66.66"}, {"price": "0.57", "size": "11.1"}], "asks": [{"price": "0.99", "size": "105.63"}, {"price": "0.98", "size": "33.39"}, {"price": "0.95", "size": "30"}, {"price": "0.94", "size": "104.83"}, {"price": "0.93", "size": "72"}, {"price": "0.92", "size": "7.9"}, {"price": "0.9", "size": "79"}, {"price": "0.89", "size": "66.66"}], "event_type": "book", "last_trade_price": ""}, {"market": "0x3ffc7e76fc7327b02d5fbf1471ca6f54672308b1459a574cdc52a7c11658342e", "asset_id": "69233119095705697908558837325923832968754953887917597430925984080048904985420", "timestamp": "1769384426807", "hash": "895a6ca47e0db4ba5fd042519185f9de96d624d8", "bids": [{"price": "0.01", "size": "5874.6"}, {"price": "0.02", "size": "2207.85"}, {"price": "0.03", "size": "300"}, {"price": "0.04", "size": "7.07"}, {"price": "0.05", "size": "30"}, {"price": "0.06", "size": "533"}, {"price": "0.08", "size": "6.76"}, {"price": "0.1", "size": "200"}, {"price": "0.11", "size": "225"}, {"price": "0.18", "size": "5.21"}, {"price": "0.2", "size": "200"}, {"price": "0.23", "size": "225"}, {"price": "0.27", "size": "50"}, {"price": "0.29", "size": "66.66"}, {"price": "0.3", "size": "26"}, {"price": "0.57", "size": "105.66"}], "asks": [{"price": "0.99", "size": "86.09"}, {"price": "0.98", "size": "33"}, {"price": "0.97", "size": "21.81"}, {"price": "0.96", "size": "66.66"}, {"price": "0.95", "size": "5.96"}, {"price": "0.91", "size": "77.76"}], "event_type": "book", "last_trade_price": ""}, {"market": "0x65bb8cffb4fa53ee3cb7cd09e99f02b2fd6f3439152e3efd49461a99f95c1b70", "asset_id": "91546931141525445347845564586214712258578721548462301361601435335879245741527", "timestamp": "1769384413461", "hash": "7dcca89811e14ab6acdacb96cc29c3c49186ae1a", "bids": [{"price": "0.01", "size": "101.05"}, {"price": "0.02", "size": "57.46"}, {"price": "0.03", "size": "56.66"}], "asks": [{"price": "0.99", "size": "5614.69"}, {"price": "0.98", "size": "2200"}, {"price": "0.97", "size": "8.79"}, {"price": "0.95", "size": "30"}, {"price": "0.94", "size": "33"}, {"price": "0.93", "size": "7.96"}, {"price": "0.92", "size": "1050"}, {"price": "0.88", "size": "508.33"}, {"price": "0.83", "size": "338.23"}, {"price": "0.82", "size": "5.73"}, {"price": "0.79", "size": "133.33"}, {"price": "0.75", "size": "104"}, {"price": "0.71", "size": "82.75"}, {"price": "0.7", "size": "41"}, {"price": "0.67", "size": "60.6"}, {"price": "0.59", "size": "100"}, {"price": "0.58", "size": "5"}, {"price": "0.57", "size": "158"}, {"price": "0.56", "size": "20"}, {"price": "0.2", "size": "5"}], "event_type": "book", "last_trade_price": ""}, {"market": "0x3ffc7e76fc7327b02d5fbf1471ca6f54672308b1459a574cdc52a7c11658342e", "asset_id": "7116235510228401591257321609801662381636850186915811395906102800764822227676", "timestamp": "1769384426807", "hash": "6d0372d9daf1a5f10a822d0c8d00d266e24ec900", "bids": [{"price": "0.01", "size": "86.09"}, {"price": "0.02", "size": "33"}, {"price": "0.03", "size": "21.81"}, {"price": "0.04", "size": "66.66"}, {"price": "0.05", "size": "5.96"}, {"price": "0.09", "size": "77.76"}], "asks": [{"price": "0.99", "size": "5874.6"}, {"price": "0.98", "size": "2207.85"}, {"price": "0.97", "size": "300"}, {"price": "0.96", "size": "7.07"}, {"price": "0.95", "size": "30"}, {"price": "0.94", "size": "533"}, {"price": "0.92", "size": "6.76"}, {"price": "0.9", "size": "200"}, {"price": "0.89", "size": "225"}, {"price": "0.82", "size": "5.21"}, {"price": "0.8", "size": "200"}, {"price": "0.77", "size": "225"}, {"price": "0.73", "size": "50"}, {"price": "0.71", "size": "66.66"}, {"price": "0.7", "size": "26"}, {"price": "0.43", "size": "105.66"}], "event_type": "book", "last_trade_price": ""}, {"market": "0x65bb8cffb4fa53ee3cb7cd09e99f02b2fd6f3439152e3efd49461a99f95c1b70", "asset_id": "104969573441206287702240849417624955517791989957463789942621898423533396553109", "timestamp": "1769384413461", "hash": "c9024510919bcb717afb2ef4e0c2b71197fc0932", "bids": [{"price": "0.01", "size": "5614.69"}, {"price": "0.02", "size": "2200"}, {"price": "0.03", "size": "8.79"}, {"price": "0.05", "size": "30"}, {"price": "0.06", "size": "33"}, {"price": "0.07", "size": "7.96"}, {"price": "0.08", "size": "1050"}, {"price": "0.12", "size": "508.33"}, {"price": "0.17", "size": "338.23"}, {"price": "0.18", "size": "5.73"}, {"price": "0.21", "size": "133.33"}, {"price": "0.25", "size": "104"}, {"price": "0.29", "size": "82.75"}, {"price": "0.3", "size": "41"}, {"price": "0.33", "size": "60.6"}, {"price": "0.41", "size": "100"}, {"price": "0.42", "size": "5"}, {"price": "0.43", "size": "158"}, {"price": "0.44", "size": "20"}, {"price": "0.8", "size": "5"}], "asks": [{"price": "0.99", "size": "101.05"}, {"price": "0.98", "size": "57.46"}, {"price": "0.97", "size": "56.66"}], "event_type": "book", "last_trade_price": ""}, {"market": "0x1faa20762d1c728eabfa1fa67a527424993cb4d26e824e1bf05154ffa1dee1b1", "asset_id": "65890492268827274414614947866859506144952787985155870954013666159959056162741", "timestamp": "1769384437398", "hash": "7b83e951142a5d47d09904efd15775c68171f074", "bids": [{"price": "0.01", "size": "105.63"}, {"price": "0.02", "size": "33.39"}, {"price": "0.05", "size": "30"}, {"price": "0.06", "size": "104.83"}, {"price": "0.07", "size": "72"}, {"price": "0.08", "size": "7.9"}, {"price": "0.1", "size": "79"}, {"price": "0.11", "size": "66.66"}], "asks": [{"price": "0.99", "size": "3866.66"}, {"price": "0.98", "size": "1209.46"}, {"price": "0.97", "size": "200"}, {"price": "0.95", "size": "10"}, {"price": "0.94", "size": "133"}, {"price": "0.93", "size": "300"}, {"price": "0.92", "size": "205.96"}, {"price": "0.89", "size": "225"}, {"price": "0.84", "size": "150"}, {"price": "0.79", "size": "100"}, {"price": "0.74", "size": "152"}, {"price": "0.72", "size": "66.66"}, {"price": "0.44", "size": "66.66"}, {"price": "0.43", "size": "11.1"}], "event_type": "book", "last_trade_price": ""}]}
{"_local_timestamp": "2026-01-25T23:40:47.911058+00:00", "data": {"market": "0x1faa20762d1c728eabfa1fa67a527424993cb4d26e824e1bf05154ffa1dee1b1", "price_changes": [{"asset_id": "65890492268827274414614947866859506144952787985155870954013666159959056162741", "price": "0.11", "size": "86.66", "side": "BUY", "hash": "26cdc7dba229e6849313ec665b3a583d92cfd993", "best_bid": "0.11", "best_ask": "0.43"}, {"asset_id": "94547373024010102951905828700448844553086593596995755462901188098139919773916", "price": "0.89", "size": "86.66", "side": "SELL", "hash": "5f909acaf57d155cb46b65db4c48bd88dbcbcdfc", "best_bid": "0.57", "best_ask": "0.89"}], "timestamp": "1769384447846", "event_type": "price_change"}}
{"_local_timestamp": "2026-01-25T23:40:53.570167+00:00", "data": {"market": "0x65bb8cffb4fa53ee3cb7cd09e99f02b2fd6f3439152e3efd49461a99f95c1b70", "price_changes": [{"asset_id": "104969573441206287702240849417624955517791989957463789942621898423533396553109", "price": "0.12", "size": "558.33", "side": "BUY", "hash": "4b18e819fee6c102df7c1536bcbb8535bf9edda8", "best_bid": "0.8", "best_ask": "0.97"}, {"asset_id": "91546931141525445347845564586214712258578721548462301361601435335879245741527", "price": "0.88", "size": "558.33", "side": "SELL", "hash": "0fe45ecd3c6b9a9ca9e5ed11ae4b4a02e8b74d61", "best_bid": "0.03", "best_ask": "0.2"}], "timestamp": "1769384453488", "event_type": "price_change"}}
{"_local_timestamp": "2026-01-25T23:40:54.361987+00:00", "data": {"market": "0x1faa20762d1c728eabfa1fa67a527424993cb4d26e824e1bf05154ffa1dee1b1", "price_changes": [{"asset_id": "65890492268827274414614947866859506144952787985155870954013666159959056162741", "price": "0.1", "size": "0", "side": "BUY", "hash": "a509e5435470a8efedeeb4ceccf63e6bf5647ac8", "best_bid": "0.11", "best_ask": "0.43"}, {"asset_id": "94547373024010102951905828700448844553086593596995755462901188098139919773916", "price": "0.9", "size": "0", "side": "SELL", "hash": "6b7277537d02e206d864368da5c4e7d30346ec9e", "best_bid": "0.57", "best_ask": "0.89"}], "timestamp": "1769384454295", "event_type": "price_change"}}
{"_local_timestamp": "2026-01-25T23:40:59.204064+00:00", "data": {"market": "0x3ffc7e76fc7327b02d5fbf1471ca6f54672308b1459a574cdc52a7c11658342e", "price_changes": [{"asset_id": "69233119095705697908558837325923832968754953887917597430925984080048904985420", "price": "0.02", "size": "1807.85", "side": "BUY", "hash": "0b7e450583f9479e17323f10a0484917cbfcab1a", "best_bid": "0.57", "best_ask": "0.91"}, {"asset_id": "7116235510228401591257321609801662381636850186915811395906102800764822227676", "price": "0.98", "size": "1807.85", "side": "SELL", "hash": "9a60b5897ad1ccd828efb88b1cd65efb60cde8f2", "best_bid": "0.09", "best_ask": "0.43"}], "timestamp": "1769384459102", "event_type": "price_change"}}
{"_local_timestamp": "2026-01-25T23:40:59.545008+00:00", "data": {"market": "0x3ffc7e76fc7327b02d5fbf1471ca6f54672308b1459a574cdc52a7c11658342e", "price_changes": [{"asset_id": "69233119095705697908558837325923832968754953887917597430925984080048904985420", "price": "0.03", "size": "700", "side": "BUY", "hash": "5760f2a08cfa6899e0b4745d6d29853ce3df8f03", "best_bid": "0.57", "best_ask": "0.91"}, {"asset_id": "7116235510228401591257321609801662381636850186915811395906102800764822227676", "price": "0.97", "size": "700", "side": "SELL", "hash": "f0c9a8a2e05e3d67799b332d14e15c572d3bd820", "best_bid": "0.09", "best_ask": "0.43"}], "timestamp": "1769384459442", "event_type": "price_change"}}
