{"_local_timestamp": "2026-01-25T23:34:17.324484+00:00", "data": [{"market": "0x59f351e056a0cc1ddda8c9b40688344b4b889488f234ae008dab185b435ad395", "asset_id": "59335565811010538784787654231852029587279191712312075838841982750540071316493", "timestamp": "1769384020565", "hash": "fce916da8149e12180d5aaba385a97147be5164f", "bids": [{"price": "0.01", "size": "1214.69"}, {"price": "0.02", "size": "650"}, {"price": "0.03", "size": "10.12"}, {"price": "0.05", "size": "100"}, {"price": "0.06", "size": "33"}, {"price": "0.09", "size": "111.11"}, {"price": "0.1", "size": "500"}, {"price": "0.11", "size": "5.44"}, {"price": "0.15", "size": "325"}, {"price": "0.2", "size": "250"}, {"price": "0.21", "size": "2143"}, {"price": "0.25", "size": "100"}, {"price": "0.45", "size": "200"}, {"price": "0.51", "size": "126.8"}, {"price": "0.53", "size": "5"}, {"price": "0.65", "size": "100"}, {"price": "0.66", "size": "19.69"}, {"price": "0.75", "size": "20"}, {"price": "0.76", "size": "14.47"}, {"price": "0.78", "size": "220"}, {"price": "0.79", "size": "4744"}, {"price": "0.8", "size": "10"}, {"price": "0.81", "size": "275.87"}, {"price": "0.82", "size": "1654"}, {"price": "0.83", "size": "120.99"}], "asks": [{"price": "0.99", "size": "211.96"}, {"price": "0.98", "size": "205"}, {"price": "0.97", "size": "9.03"}, {"price": "0.95", "size": "60"}, {"price": "0.94", "size": "10.99"}, {"price": "0.92", "size": "162.5"}, {"price": "0.91", "size": "72.32"}, {"price": "0.87", "size": "1423.8"}, {"price": "0.86", "size": "263.87"}, {"price": "0.85", "size": "114"}, {"price": "0.84", "size": "1643.3"}], "event_type": "book", "last_trade_price": "0.840"}, {"market": "0x59f351e056a0cc1ddda8c9b40688344b4b889488f234ae008dab185b435ad395", "asset_id": "7863318936019801834228307424077253982057389894274731067141867666893698615058", "timestamp": "1769384020565", "hash": "8ce15121dc20411798e918b9f86583f5f4b81a93", "bids": [{"price": "0.01", "size": "211.96"}, {"price": "0.02", "size": "205"}, {"price": "0.03", "size": "9.03"}, {"price": "0.05", "size": "60"}, {"price": "0.06", "size": "10.99"}, {"price": "0.08", "size": "162.5"}, {"price": "0.09", "size": "72.32"}, {"price": "0.13", "size": "1423.8"}, {"price": "0.14", "size": "263.87"}, {"price": "0.15", "size": "114"}, {"price": "0.16", "size": "1643.3"}], "asks": [{"price": "0.99", "size": "1214.69"}, {"price": "0.98", "size": "650"}, {"price": "0.97", "size": "10.12"}, {"price": "0.95", "size": "100"}, {"price": "0.94", "size": "33"}, {"price": "0.91", "size": "111.11"}, {"price": "0.9", "size": "500"}, {"price": "0.89", "size": "5.44"}, {"price": "0.85", "size": "325"}, {"price": "0.8", "size": "250"}, {"price": "0.79", "size": "2143"}, {"price": "0.75", "size": "100"}, {"price": "0.55", "size": "200"}, {"price": "0.49", "size": "126.8"}, {"price": "0.47", "size": "5"}, {"price": "0.35", "size": "100"}, {"price": "0.34", "size": "19.69"}, {"price": "0.25", "size": "20"}, {"price": "0.24", "size": "14.47"}, {"price": "0.22", "size": "220"}, {"price": "0.21", "size": "4744"}, {"price": "0.2", "size": "10"}, {"price": "0.19", "size": "275.87"}, {"price": "0.18", "size": "1654"}, {"price": "0.17", "size": "120.99"}], "event_type": "book", "last_trade_price": "0.840"}]}
{"_local_timestamp": "2026-01-25T23:34:19.858994+00:00", "data": {"market": "0x59f351e056a0cc1ddda8c9b40688344b4b889488f234ae008dab185b435ad395", "price_changes": [{"asset_id": "59335565811010538784787654231852029587279191712312075838841982750540071316493", "price": "0.21", "size": "145", "side": "BUY", "hash": "1f0b2642fee00b891a86a5664f061efcfb24c3d6", "best_bid": "0.83", "best_ask": "0.84"}, {"asset_id": "7863318936019801834228307424077253982057389894274731067141867666893698615058", "price": "0.79", "size": "145", "side": "SELL", "hash": "7a130318a79ae4229a804e06beb906201d826a19", "best_bid": "0.16", "best_ask": "0.17"}], "timestamp": "1769384059756", "event_type": "price_change"}}
{"_local_timestamp": "2026-01-25T23:34:22.273383+00:00", "data": {"market": "0x59f351e056a0cc1ddda8c9b40688344b4b889488f234ae008dab185b435ad395", "price_changes": [{"asset_id": "59335565811010538784787654231852029587279191712312075838841982750540071316493", "price": "0.22", "size": "1908", "side": "BUY", "hash": "b4b41508e95088b01c9dc67396d3c1704d8b61fc", "best_bid": "0.83", "best_ask": "0.84"}, {"asset_id": "7863318936019801834228307424077253982057389894274731067141867666893698615058", "price": "0.78", "size": "1908", "side": "SELL", "hash": "c750192e74683737b8681cf8a12f0ae0a7fbfbd1", "best_bid": "0.16", "best_ask": "0.17"}], "timestamp": "1769384062197", "event_type": "price_change"}}
{"_local_timestamp": "2026-01-25T23:35:32.998198+00:00", "data": {"market": "0x59f351e056a0cc1ddda8c9b40688344b4b889488f234ae008dab185b435ad395", "price_changes": [{"asset_id": "7863318936019801834228307424077253982057389894274731067141867666893698615058", "price": "0.06", "size": "0", "side": "BUY", "hash": "92a851bf3d05e8105c479b4c349c1c46da45c602", "best_bid": "0.16", "best_ask": "0.17"}, {"asset_id": "59335565811010538784787654231852029587279191712312075838841982750540071316493", "price": "0.94", "size": "0", "side": "SELL", "hash": "c119ebc489ae5069700853dac5762f076569198e", "best_bid": "0.83", "best_ask": "0.84"}], "timestamp": "1769384132922", "event_type": "price_change"}}
{"_local_timestamp": "2026-01-25T23:35:33.293121+00:00", "data": {"market": "0x59f351e056a0cc1ddda8c9b40688344b4b889488f234ae008dab185b435ad395", "price_changes": [{"asset_id": "7863318936019801834228307424077253982057389894274731067141867666893698615058", "price": "0.06", "size": "10.99", "side": "BUY", "hash": "2d8e68cd3e22517bdc52a68f55b18293545c3034", "best_bid": "0.16", "best_ask": "0.17"}, {"asset_id": "59335565811010538784787654231852029587279191712312075838841982750540071316493", "price": "0.94", "size": "10.99", "side": "SELL", "hash": "30664c3512fc13c058608274b073727819cac1da", "best_bid": "0.83", "best_ask": "0.84"}], "timestamp": "1769384133222", "event_type": "price_change"}}
{"_local_timestamp": "2026-01-25T23:36:55.061438+00:00", "data": {"market": "0x59f351e056a0cc1ddda8c9b40688344b4b889488f234ae008dab185b435ad395", "price_changes": [{"asset_id": "59335565811010538784787654231852029587279191712312075838841982750540071316493", "price": "0.25", "size": "0", "side": "BUY", "hash": "7c21d366c1f2b0f80ee338fa3154d50bf46800f8", "best_bid": "0.83", "best_ask": "0.84"}, {"asset_id": "7863318936019801834228307424077253982057389894274731067141867666893698615058", "price": "0.75", "size": "0", "side": "SELL", "hash": "a2e4100d2a79e4c99a2683ac61fc8f0e353b79f6", "best_bid": "0.16", "best_ask": "0.17"}], "timestamp": "1769384214933", "event_type": "price_change"}}
{"_local_timestamp": "2026-01-25T23:36:55.956775+00:00", "data": {"market": "0x59f351e056a0cc1ddda8c9b40688344b4b889488f234ae008dab185b435ad395", "price_changes": [{"asset_id": "59335565811010538784787654231852029587279191712312075838841982750540071316493", "price": "0.22", "size": "2008", "side": "BUY", "hash": "ffc90c4f0c199d5e0e7df2ac94852d3dcbe3ca94", "best_bid": "0.83", "best_ask": "0.84"}, {"asset_id": "7863318936019801834228307424077253982057389894274731067141867666893698615058", "price": "0.78", "size": "2008", "side": "SELL", "hash": "78c2c5b4243794d85af1ba0e7e2c47651322351f", "best_bid": "0.16", "best_ask": "0.17"}], "timestamp": "1769384215635", "event_type": "price_change"}}
{"_local_timestamp": "2026-01-25T23:37:13.088872+00:00", "data": {"market": "0x59f351e056a0cc1ddda8c9b40688344b4b889488f234ae008dab185b435ad395", "price_changes": [{"asset_id": "59335565811010538784787654231852029587279191712312075838841982750540071316493", "price": "0.21", "size": "95", "side": "BUY", "hash": "23d51f69b44c358e3ac370ab4d6014b4be397415", "best_bid": "0.83", "best_ask": "0.84"}, {"asset_id": "7863318936019801834228307424077253982057389894274731067141867666893698615058", "price": "0.79", "size": "95", "side": "SELL", "hash": "41c687e2d74b3c5efa8ca378ebd96fdd54067e70", "best_bid": "0.16", "best_ask": "0.17"}], "timestamp": "1769384232997", "event_type": "price_change"}}
{"_local_timestamp": "2026-01-25T23:37:13.534647+00:00", "data": {"market": "0x59f351e056a0cc1ddda8c9b40688344b4b889488f234ae008dab185b435ad395", "price_changes": [{"asset_id": "59335565811010538784787654231852029587279191712312075838841982750540071316493", "price": "0.22", "size": "2058", "side": "BUY", "hash": "7e3916e5331d7613d588e71acb57c85fc64c4a0d", "best_bid": "0.83", "best_ask": "0.84"}, {"asset_id": "7863318936019801834228307424077253982057389894274731067141867666893698615058", "price": "0.78", "size": "2058", "side": "SELL", "hash": "117aa46c925342c65ce16c7f1ac65dbc85912a28", "best_bid": "0.16", "best_ask": "0.17"}], "timestamp": "1769384233381", "event_type": "price_change"}}
