{"_local_timestamp": "2026-01-25T23:41:23.533868+00:00", "data": [{"market": "0x78fad93c8b41a222b40dbc440d492a97b52df0e0577ae9a3dfcec99705ca147a", "asset_id": "70936298580496968012143250550519437493744110105013978606039432666864517630305", "timestamp": "1769384456065", "hash": "bb5ad98d4a12cacccdb73e5c0611f71776171707", "bids": [{"price": "0.01", "size": "10144.8"}, {"price": "0.02", "size": "5005.46"}, {"price": "0.03", "size": "333"}, {"price": "0.04", "size": "257.32"}, {"price": "0.05", "size": "840"}, {"price": "0.06", "size": "40"}, {"price": "0.07", "size": "39"}, {"price": "0.08", "size": "963"}, {"price": "0.09", "size": "37"}, {"price": "0.1", "size": "1386.01"}, {"price": "0.11", "size": "353.18"}, {"price": "0.12", "size": "5047.08"}, {"price": "0.13", "size": "1248.38"}, {"price": "0.14", "size": "2998"}, {"price": "0.15", "size": "193.34"}, {"price": "0.16", "size": "693.75"}, {"price": "0.17", "size": "180"}, {"price": "0.18", "size": "157.77"}, {"price": "0.2", "size": "260"}, {"price": "0.21", "size": "200"}, {"price": "0.26", "size": "193.87"}, {"price": "0.27", "size": "841"}, {"price": "0.3", "size": "150"}, {"price": "0.31", "size": "368"}, {"price": "0.32", "size": "6"}, {"price": "0.35", "size": "222.94"}, {"price": "0.36", "size": "259.11"}, {"price": "0.37", "size": "76"}, {"price": "0.38", "size": "6"}, {"price": "0.44", "size": "1073.81"}, {"price": "0.45", "size": "16"}, {"price": "0.46", "size": "482.66"}, {"price": "0.47", "size": "124"}, {"price": "0.48", "size": "71.66"}, {"price": "0.49", "size": "79.62"}], "asks": [{"price": "0.99", "size": "8387.44"}, {"price": "0.98", "size": "1249.81"}, {"price": "0.97", "size": "145"}, {"price": "0.96", "size": "2005.16"}, {"price": "0.95", "size": "740"}, {"price": "0.94", "size": "73.68"}, {"price": "0.92", "size": "425"}, {"price": "0.91", "size": "2776"}, {"price": "0.9", "size": "6.42"}, {"price": "0.89", "size": "290.9"}, {"price": "0.87", "size": "1655"}, {"price": "0.86", "size": "200"}, {"price": "0.85", "size": "125"}, {"price": "0.84", "size": "3186.5"}, {"price": "0.81", "size": "126.31"}, {"price": "0.8", "size": "700"}, {"price": "0.79", "size": "635"}, {"price": "0.78", "size": "160.56"}, {"price": "0.77", "size": "80"}, {"price": "0.76", "size": "8"}, {"price": "0.65", "size": "5"}, {"price": "0.63", "size": "200"}, {"price": "0.62", "size": "200"}, {"price": "0.61", "size": "93.39"}, {"price": "0.6", "size": "28"}, {"price": "0.59", "size": "86.33"}, {"price": "0.58", "size": "26.21"}, {"price": "0.56", "size": "86.33"}, {"price": "0.55", "size": "151.79"}, {"price": "0.53", "size": "30"}, {"price": "0.51", "size": "200"}, {"price": "0.5", "size": "11.06"}], "event_type": "book", "last_trade_price": "0.490"}, {"market": "0x78fad93c8b41a222b40dbc440d492a97b52df0e0577ae9a3dfcec99705ca147a", "asset_id": "71630912785189607806265217671981200237573227101848641546765594286795916491426", "timestamp": "1769384456065", "hash": "9a6fe46c88eb67f30d1190f425a764d523e7cdd6", "bids": [{"price": "0.01", "size": "8387.44"}, {"price": "0.02", "size": "1249.81"}, {"price": "0.03", "size": "145"}, {"price": "0.04", "size": "2005.16"}, {"price": "0.05", "size": "740"}, {"price": "0.06", "size": "73.68"}, {"price": "0.08", "size": "425"}, {"price": "0.09", "size": "2776"}, {"price": "0.1", "size": "6.42"}, {"price": "0.11", "size": "290.9"}, {"price": "0.13", "size": "1655"}, {"price": "0.14", "size": "200"}, {"price": "0.15", "size": "125"}, {"price": "0.16", "size": "3186.5"}, {"price": "0.19", "size": "126.31"}, {"price": "0.2", "size": "700"}, {"price": "0.21", "size": "635"}, {"price": "0.22", "size": "160.56"}, {"price": "0.23", "size": "80"}, {"price": "0.24", "size": "8"}, {"price": "0.35", "size": "5"}, {"price": "0.37", "size": "200"}, {"price": "0.38", "size": "200"}, {"price": "0.39", "size": "93.39"}, {"price": "0.4", "size": "28"}, {"price": "0.41", "size": "86.33"}, {"price": "0.42", "size": "26.21"}, {"price": "0.44", "size": "86.33"}, {"price": "0.45", "size": "151.79"}, {"price": "0.47", "size": "30"}, {"price": "0.49", "size": "200"}, {"price": "0.5", "size": "11.06"}], "asks": [{"price": "0.99", "size": "10144.8"}, {"price": "0.98", "size": "5005.46"}, {"price": "0.97", "size": "333"}, {"price": "0.96", "size": "257.32"}, {"price": "0.95", "size": "840"}, {"price": "0.94", "size": "40"}, {"price": "0.93", "size": "39"}, {"price": "0.92", "size": "963"}, {"price": "0.91", "size": "37"}, {"price": "0.9", "size": "1386.01"}, {"price": "0.89", "size": "353.18"}, {"price": "0.88", "size": "5047.08"}, {"price": "0.87", "size": "1248.38"}, {"price": "0.86", "size": "2998"}, {"price": "0.85", "size": "193.34"}, {"price": "0.84", "size": "693.75"}, {"price": "0.83", "size": "180"}, {"price": "0.82", "size": "157.77"}, {"price": "0.8", "size": "260"}, {"price": "0.79", "size": "200"}, {"price": "0.74", "size": "193.87"}, {"price": "0.73", "size": "841"}, {"price": "0.7", "size": "150"}, {"price": "0.69", "size": "368"}, {"price": "0.68", "size": "6"}, {"price": "0.65", "size": "222.94"}, {"price": "0.64", "size": "259.11"}, {"price": "0.63", "size": "76"}, {"price": "0.62", "size": "6"}, {"price": "0.56", "size": "1073.81"}, {"price": "0.55", "size": "16"}, {"price": "0.54", "size": "482.66"}, {"price": "0.53", "size": "124"}, {"price": "0.52", "size": "71.66"}, {"price": "0.51", "size": "79.62"}], "event_type": "book", "last_trade_price": "0.490"}]}
{"_local_timestamp": "2026-01-25T23:41:50.658824+00:00", "data": {"market": "0x78fad93c8b41a222b40dbc440d492a97b52df0e0577ae9a3dfcec99705ca147a", "price_changes": [{"asset_id": "71630912785189607806265217671981200237573227101848641546765594286795916491426", "price": "0.16", "size": "3036.5", "side": "BUY", "hash": "89e214bc0568591861b5e78ae00eb6cc40235f0e", "best_bid": "0.5", "best_ask": "0.51"}, {"asset_id": "70936298580496968012143250550519437493744110105013978606039432666864517630305", "price": "0.84", "size": "3036.5", "side": "SELL", "hash": "3ec2646bf94174a3221b6c8fa0b0360353686953", "best_bid": "0.49", "best_ask": "0.5"}], "timestamp": "1769384510567", "event_type": "price_change"}}
{"_local_timestamp": "2026-01-25T23:41:50.682529+00:00", "data": {"market": "0x78fad93c8b41a222b40dbc440d492a97b52df0e0577ae9a3dfcec99705ca147a", "price_changes": [{"asset_id": "70936298580496968012143250550519437493744110105013978606039432666864517630305", "price": "0.53", "size": "0", "side": "SELL", "hash": "70bf6684375a2fc8337b3e2000e2d30eb495bc5a", "best_bid": "0.49", "best_ask": "0.5"}, {"asset_id": "71630912785189607806265217671981200237573227101848641546765594286795916491426", "price": "0.47", "size": "0", "side": "BUY", "hash": "ca8e7d4992011c1df52aec978c74f62b5df23a44", "best_bid": "0.5", "best_ask": "0.51"}], "timestamp": "1769384510593", "event_type": "price_change"}}
{"_local_timestamp": "2026-01-25T23:41:50.691595+00:00", "data": {"market": "0x78fad93c8b41a222b40dbc440d492a97b52df0e0577ae9a3dfcec99705ca147a", "price_changes": [{"asset_id": "70936298580496968012143250550519437493744110105013978606039432666864517630305", "price": "0.55", "size": "181.79", "side": "SELL", "hash": "15ee9174875537b575470ce71549dc79b373a7c4", "best_bid": "0.49", "best_ask": "0.5"}, {"asset_id": "71630912785189607806265217671981200237573227101848641546765594286795916491426", "price": "0.45", "size": "181.79", "side": "BUY", "hash": "943cbaf64069c8e23066eed54a6ee426310007f4", "best_bid": "0.5", "best_ask": "0.51"}], "timestamp": "1769384510620", "event_type": "price_change"}}
{"_local_timestamp": "2026-01-25T23:41:51.723403+00:00", "data": {"market": "0x78fad93c8b41a222b40dbc440d492a97b52df0e0577ae9a3dfcec99705ca147a", "price_changes": [{"asset_id": "70936298580496968012143250550519437493744110105013978606039432666864517630305", "price": "0.55", "size": "160", "side": "SELL", "hash": "8ea4fb521de521e024e470023ea3a66a6ce1036c", "best_bid": "0.49", "best_ask": "0.5"}, {"asset_id": "71630912785189607806265217671981200237573227101848641546765594286795916491426", "price": "0.45", "size": "160", "side": "BUY", "hash": "c3048689bbc0f8fb69b30a491731680b9d559eaf", "best_bid": "0.5", "best_ask": "0.51"}], "timestamp": "1769384511631", "event_type": "price_change"}}
{"_local_timestamp": "2026-01-25T23:41:52.494188+00:00", "data": {"market": "0x78fad93c8b41a222b40dbc440d492a97b52df0e0577ae9a3dfcec99705ca147a", "price_changes": [{"asset_id": "71630912785189607806265217671981200237573227101848641546765594286795916491426", "price": "0.2", "size": "850", "side": "BUY", "hash": "c698f3eab42ac9fb1d151d36dba60bbd479662af", "best_bid": "0.5", "best_ask": "0.51"}, {"asset_id": "70936298580496968012143250550519437493744110105013978606039432666864517630305", "price": "0.8", "size": "850", "side": "SELL", "hash": "6f7ae7612650a7990939ebf92bffecd41f942cf1", "best_bid": "0.49", "best_ask": "0.5"}], "timestamp": "1769384511754", "event_type": "price_change"}}
{"_local_timestamp": "2026-01-25T23:41:52.494642+00:00", "data": {"market": "0x78fad93c8b41a222b40dbc440d492a97b52df0e0577ae9a3dfcec99705ca147a", "price_changes": [{"asset_id": "71630912785189607806265217671981200237573227101848641546765594286795916491426", "price": "0.45", "size": "60", "side": "BUY", "hash": "77dcee2f37788dffe31aebf9c97e0941482f94a4", "best_bid": "0.5", "best_ask": "0.51"}, {"asset_id": "70936298580496968012143250550519437493744110105013978606039432666864517630305", "price": "0.55", "size": "60", "side": "SELL", "hash": "0f8d05c7af90a52a53e481165c6533a3fe56b7ab", "best_bid": "0.49", "best_ask": "0.5"}], "timestamp": "1769384512421", "event_type": "price_change"}}
{"_local_timestamp": "2026-01-25T23:41:52.494914+00:00", "data": {"market": "0x78fad93c8b41a222b40dbc440d492a97b52df0e0577ae9a3dfcec99705ca147a", "price_changes": [{"asset_id": "70936298580496968012143250550519437493744110105013978606039432666864517630305", "price": "0.54", "size": "21.79", "side": "SELL", "hash": "19046dc8b7938ef7f1cdfc7b7243fd2c629e1907", "best_bid": "0.49", "best_ask": "0.5"}, {"asset_id": "71630912785189607806265217671981200237573227101848641546765594286795916491426", "price": "0.46", "size": "21.79", "side": "BUY", "hash": "8e0c154f3df159095c86ca5e5f37a79805481035", "best_bid": "0.5", "best_ask": "0.51"}], "timestamp": "1769384512422", "event_type": "price_change"}}
{"_local_timestamp": "2026-01-25T23:41:53.517118+00:00", "data": {"market": "0x78fad93c8b41a222b40dbc440d492a97b52df0e0577ae9a3dfcec99705ca147a", "price_changes": [{"asset_id": "71630912785189607806265217671981200237573227101848641546765594286795916491426", "price": "0.46", "size": "121.79", "side": "BUY", "hash": "b5de34f1480c780d029ef493dac9d4d77fbb485c", "best_bid": "0.5", "best_ask": "0.51"}, {"asset_id": "70936298580496968012143250550519437493744110105013978606039432666864517630305", "price": "0.54", "size": "121.79", "side": "SELL", "hash": "1c55b9f53b6894d19e3353852e55c8ec55a27100", "best_bid": "0.49", "best_ask": "0.5"}], "timestamp": "1769384513447", "event_type": "price_change"}}
{"_local_timestamp": "2026-01-25T23:41:53.537143+00:00", "data": {"market": "0x78fad93c8b41a222b40dbc440d492a97b52df0e0577ae9a3dfcec99705ca147a", "price_changes": [{"asset_id": "70936298580496968012143250550519437493744110105013978606039432666864517630305", "price": "0.55", "size": "30", "side": "SELL", "hash": "9bdbfefdb8c129a7c0227b92fff9b383f2baed18", "best_bid": "0.49", "best_ask": "0.5"}, {"asset_id": "71630912785189607806265217671981200237573227101848641546765594286795916491426", "price": "0.45", "size": "30", "side": "BUY", "hash": "a860a19830cba8a5908f3bed6b7dca07515ffa91", "best_bid": "0.5", "best_ask": "0.51"}], "timestamp": "1769384513472", "event_type": "price_change"}}
{"_local_timestamp": "2026-01-25T23:41:53.537743+00:00", "data": {"market": "0x78fad93c8b41a222b40dbc440d492a97b52df0e0577ae9a3dfcec99705ca147a", "price_changes": [{"asset_id": "71630912785189607806265217671981200237573227101848641546765594286795916491426", "price": "0.53", "size": "0", "side": "SELL", "hash": "306ce89fd16f993314a9119f9d07e6d67daca1b5", "best_bid": "0.5", "best_ask": "0.51"}, {"asset_id": "70936298580496968012143250550519437493744110105013978606039432666864517630305", "price": "0.47", "size": "0", "side": "BUY", "hash": "a60763d20515423303e3fbd7f81e64b4bb0f7425", "best_bid": "0.49", "best_ask": "0.5"}], "timestamp": "1769384513472", "event_type": "price_change"}}
{"_local_timestamp": "2026-01-25T23:41:53.572263+00:00", "data": {"market": "0x78fad93c8b41a222b40dbc440d492a97b52df0e0577ae9a3dfcec99705ca147a", "price_changes": [{"asset_id": "70936298580496968012143250550519437493744110105013978606039432666864517630305", "price": "0.47", "size": "127", "side": "BUY", "hash": "91df05fe24b2a2665df05263d223ac8b0070f769", "best_bid": "0.49", "best_ask": "0.5"}, {"asset_id": "71630912785189607806265217671981200237573227101848641546765594286795916491426", "price": "0.53", "size": "127", "side": "SELL", "hash": "e0b52f52dad407c505251b02b0f0fdceaa848a78", "best_bid": "0.5", "best_ask": "0.51"}], "timestamp": "1769384513501", "event_type": "price_change"}}
{"_local_timestamp": "2026-01-25T23:41:53.572775+00:00", "data": {"market": "0x78fad93c8b41a222b40dbc440d492a97b52df0e0577ae9a3dfcec99705ca147a", "price_changes": [{"asset_id": "70936298580496968012143250550519437493744110105013978606039432666864517630305", "price": "0.56", "size": "116.33", "side": "SELL", "hash": "6164b4c139885a30c9e456281c9848b7439f35ed", "best_bid": "0.49", "best_ask": "0.5"}, {"asset_id": "71630912785189607806265217671981200237573227101848641546765594286795916491426", "price": "0.44", "size": "116.33", "side": "BUY", "hash": "e86549ddfbb4581675b7c2a33c630f43d7b68118", "best_bid": "0.5", "best_ask": "0.51"}], "timestamp": "1769384513502", "event_type": "price_change"}}
{"_local_timestamp": "2026-01-25T23:41:54.808282+00:00", "data": {"market": "0x78fad93c8b41a222b40dbc440d492a97b52df0e0577ae9a3dfcec99705ca147a", "price_changes": [{"asset_id": "70936298580496968012143250550519437493744110105013978606039432666864517630305", "price": "0.47", "size": "0", "side": "BUY", "hash": "8dc7bffe102e4b424cf11772339c6eb1118c4122", "best_bid": "0.49", "best_ask": "0.5"}, {"asset_id": "71630912785189607806265217671981200237573227101848641546765594286795916491426", "price": "0.53", "size": "0", "side": "SELL", "hash": "fa72a8208427fd300549c06f35dee91a747b8da8", "best_bid": "0.5", "best_ask": "0.51"}], "timestamp": "1769384514738", "event_type": "price_change"}}
{"_local_timestamp": "2026-01-25T23:41:54.809189+00:00", "data": {"market": "0x78fad93c8b41a222b40dbc440d492a97b52df0e0577ae9a3dfcec99705ca147a", "price_changes": [{"asset_id": "70936298580496968012143250550519437493744110105013978606039432666864517630305", "price": "0.56", "size": "86.33", "side": "SELL", "hash": "8dc7bffe102e4b424cf11772339c6eb1118c4122", "best_bid": "0.49", "best_ask": "0.5"}, {"asset_id": "71630912785189607806265217671981200237573227101848641546765594286795916491426", "price": "0.44", "size": "86.33", "side": "BUY", "hash": "fa72a8208427fd300549c06f35dee91a747b8da8", "best_bid": "0.5", "best_ask": "0.51"}], "timestamp": "1769384514738", "event_type": "price_change"}}
{"_local_timestamp": "2026-01-25T23:41:54.842683+00:00", "data": {"market": "0x78fad93c8b41a222b40dbc440d492a97b52df0e0577ae9a3dfcec99705ca147a", "price_changes": [{"asset_id": "71630912785189607806265217671981200237573227101848641546765594286795916491426", "price": "0.53", "size": "123", "side": "SELL", "hash": "17b50d1c3f632927bd571080e7d705279e0ee4d6", "best_bid": "0.5", "best_ask": "0.51"}, {"asset_id": "70936298580496968012143250550519437493744110105013978606039432666864517630305", "price": "0.47", "size": "123", "side": "BUY", "hash": "f0c94cdefce45bf936fe0df130bf9b390163206f", "best_bid": "0.49", "best_ask": "0.5"}], "timestamp": "1769384514773", "event_type": "price_change"}}
{"_local_timestamp": "2026-01-25T23:41:55.727148+00:00", "data": {"market": "0x78fad93c8b41a222b40dbc440d492a97b52df0e0577ae9a3dfcec99705ca147a", "price_changes": [{"asset_id": "70936298580496968012143250550519437493744110105013978606039432666864517630305", "price": "0.49", "size": "56.85", "side": "BUY", "hash": "aaee18d60967321b2009b16667326f91b0a49a3d", "best_bid": "0.49", "best_ask": "0.5"}, {"asset_id": "71630912785189607806265217671981200237573227101848641546765594286795916491426", "price": "0.51", "size": "56.85", "side": "SELL", "hash": "1c98ca550a87666504a35f167832fb207b94cd20", "best_bid": "0.5", "best_ask": "0.51"}], "timestamp": "1769384515654", "event_type": "price_change"}}
{"_local_timestamp": "2026-01-25T23:41:55.752346+00:00", "data": {"market": "0x78fad93c8b41a222b40dbc440d492a97b52df0e0577ae9a3dfcec99705ca147a", "price_changes": [{"asset_id": "70936298580496968012143250550519437493744110105013978606039432666864517630305", "price": "0.54", "size": "151.79", "side": "SELL", "hash": "79756d43c07e82165362a452283a1277fa2cb9ec", "best_bid": "0.49", "best_ask": "0.5"}, {"asset_id": "71630912785189607806265217671981200237573227101848641546765594286795916491426", "price": "0.46", "size": "151.79", "side": "BUY", "hash": "1cb114346e7f3ce07d083973087202fac134e13f", "best_bid": "0.5", "best_ask": "0.51"}], "timestamp": "1769384515682", "event_type": "price_change"}}
{"_local_timestamp": "2026-01-25T23:41:56.284895+00:00", "data": {"market": "0x78fad93c8b41a222b40dbc440d492a97b52df0e0577ae9a3dfcec99705ca147a", "price_changes": [{"asset_id": "71630912785189607806265217671981200237573227101848641546765594286795916491426", "price": "0.53", "size": "0", "side": "SELL", "hash": "bcf6ffbd368fc292a0caeec2cbf08f514e7c0f37", "best_bid": "0.5", "best_ask": "0.51"}, {"asset_id": "70936298580496968012143250550519437493744110105013978606039432666864517630305", "price": "0.47", "size": "0", "side": "BUY", "hash": "c6a418d6fe12d80b5e12d0dc170cb20ec55be4b0", "best_bid": "0.49", "best_ask": "0.5"}], "timestamp": "1769384516221", "event_type": "price_change"}}
{"_local_timestamp": "2026-01-25T23:41:56.315095+00:00", "data": {"market": "0x78fad93c8b41a222b40dbc440d492a97b52df0e0577ae9a3dfcec99705ca147a", "price_changes": [{"asset_id": "71630912785189607806265217671981200237573227101848641546765594286795916491426", "price": "0.53", "size": "124", "side": "SELL", "hash": "0acc757e9cee3e548f24e2474e4485c08899319b", "best_bid": "0.5", "best_ask": "0.51"}, {"asset_id": "70936298580496968012143250550519437493744110105013978606039432666864517630305", "price": "0.47", "size": "124", "side": "BUY", "hash": "873809b134dc46492633a26a138fbf054aa72c56", "best_bid": "0.49", "best_ask": "0.5"}], "timestamp": "1769384516249", "event_type": "price_change"}}
{"_local_timestamp": "2026-01-25T23:41:56.816051+00:00", "data": {"market": "0x78fad93c8b41a222b40dbc440d492a97b52df0e0577ae9a3dfcec99705ca147a", "price_changes": [{"asset_id": "70936298580496968012143250550519437493744110105013978606039432666864517630305", "price": "0.54", "size": "130", "side": "SELL", "hash": "3c6abacc028eff4228918d21acffbf65542ca2db", "best_bid": "0.49", "best_ask": "0.5"}, {"asset_id": "71630912785189607806265217671981200237573227101848641546765594286795916491426", "price": "0.46", "size": "130", "side": "BUY", "hash": "af92706a4e4d3f41993b203b74d5f826391f3453", "best_bid": "0.5", "best_ask": "0.51"}], "timestamp": "1769384516744", "event_type": "price_change"}}
{"_local_timestamp": "2026-01-25T23:41:57.264962+00:00", "data": {"market": "0x78fad93c8b41a222b40dbc440d492a97b52df0e0577ae9a3dfcec99705ca147a", "price_changes": [{"asset_id": "70936298580496968012143250550519437493744110105013978606039432666864517630305", "price": "0.55", "size": "51.79", "side": "SELL", "hash": "0b94f9a66410788e4df0e7470e71cadd349ebf05", "best_bid": "0.49", "best_ask": "0.5"}, {"asset_id": "71630912785189607806265217671981200237573227101848641546765594286795916491426", "price": "0.45", "size": "51.79", "side": "BUY", "hash": "4d83897f7d7bf17f339bcfbab891e339aa84a366", "best_bid": "0.5", "best_ask": "0.51"}], "timestamp": "1769384517193", "event_type": "price_change"}}
{"_local_timestamp": "2026-01-25T23:41:57.297783+00:00", "data": {"market": "0x78fad93c8b41a222b40dbc440d492a97b52df0e0577ae9a3dfcec99705ca147a", "price_changes": [{"asset_id": "71630912785189607806265217671981200237573227101848641546765594286795916491426", "price": "0.46", "size": "30", "side": "BUY", "hash": "14f5927a565ec377206768badc72a6729f8a2899", "best_bid": "0.5", "best_ask": "0.51"}, {"asset_id": "70936298580496968012143250550519437493744110105013978606039432666864517630305", "price": "0.54", "size": "30", "side": "SELL", "hash": "88ad3fcd1e56870e3065fbca56612fd8142ced44", "best_bid": "0.49", "best_ask": "0.5"}], "timestamp": "1769384517230", "event_type": "price_change"}}
{"_local_timestamp": "2026-01-25T23:41:58.107251+00:00", "data": {"market": "0x78fad93c8b41a222b40dbc440d492a97b52df0e0577ae9a3dfcec99705ca147a", "price_changes": [{"asset_id": "71630912785189607806265217671981200237573227101848641546765594286795916491426", "price": "0.45", "size": "151.79", "side": "BUY", "hash": "11bf9405821bffd9889e8a46084d1f5f255be13a", "best_bid": "0.5", "best_ask": "0.51"}, {"asset_id": "70936298580496968012143250550519437493744110105013978606039432666864517630305", "price": "0.55", "size": "151.79", "side": "SELL", "hash": "99d18e0f59e1fc23f71377c1ddf0775e40ce3a60", "best_bid": "0.49", "best_ask": "0.5"}], "timestamp": "1769384518019", "event_type": "price_change"}}
{"_local_timestamp": "2026-01-25T23:41:59.804811+00:00", "data": {"market": "0x78fad93c8b41a222b40dbc440d492a97b52df0e0577ae9a3dfcec99705ca147a", "price_changes": [{"asset_id": "70936298580496968012143250550519437493744110105013978606039432666864517630305", "price": "0.47", "size": "224", "side": "BUY", "hash": "3da2a3db23d1eb62f0008e824da2b23f4821022d", "best_bid": "0.49", "best_ask": "0.5"}, {"asset_id": "71630912785189607806265217671981200237573227101848641546765594286795916491426", "price": "0.53", "size": "224", "side": "SELL", "hash": "815666f091d86516101e905390b90fb78863439a", "best_bid": "0.5", "best_ask": "0.51"}], "timestamp": "1769384519735", "event_type": "price_change"}}
{"_local_timestamp": "2026-01-25T23:42:08.553659+00:00", "data": {"market": "0x78fad93c8b41a222b40dbc440d492a97b52df0e0577ae9a3dfcec99705ca147a", "price_changes": [{"asset_id": "70936298580496968012143250550519437493744110105013978606039432666864517630305", "price": "0.49", "size": "64.44", "side": "BUY", "hash": "536379659ddd25f4c3c76b251e4f3629de07a0d6", "best_bid": "0.49", "best_ask": "0.5"}, {"asset_id": "71630912785189607806265217671981200237573227101848641546765594286795916491426", "price": "0.51", "size": "64.44", "side": "SELL", "hash": "ea898163dd7936b640aae50bec5a5732358401e9", "best_bid": "0.5", "best_ask": "0.51"}], "timestamp": "1769384528484", "event_type": "price_change"}}
{"_local_timestamp": "2026-01-25T23:42:08.554205+00:00", "data": {"market": "0x78fad93c8b41a222b40dbc440d492a97b52df0e0577ae9a3dfcec99705ca147a", "price_changes": [{"asset_id": "70936298580496968012143250550519437493744110105013978606039432666864517630305", "price": "0.49", "size": "72.03", "side": "BUY", "hash": "aa2d2511b2f7c2b23778a75be919fb340479357f", "best_bid": "0.49", "best_ask": "0.5"}, {"asset_id": "71630912785189607806265217671981200237573227101848641546765594286795916491426", "price": "0.51", "size": "72.03", "side": "SELL", "hash": "4b21124ad9969b37f11c35dc36c51874c7cecedd", "best_bid": "0.5", "best_ask": "0.51"}], "timestamp": "1769384528484", "event_type": "price_change"}}
{"_local_timestamp": "2026-01-25T23:42:08.557151+00:00", "data": {"market": "0x78fad93c8b41a222b40dbc440d492a97b52df0e0577ae9a3dfcec99705ca147a", "price_changes": [{"asset_id": "70936298580496968012143250550519437493744110105013978606039432666864517630305", "price": "0.49", "size": "79.62", "side": "BUY", "hash": "5bfc60d57811eb0ed8e942ddd623403c765be38a", "best_bid": "0.49", "best_ask": "0.5"}, {"asset_id": "71630912785189607806265217671981200237573227101848641546765594286795916491426", "price": "0.51", "size": "79.62", "side": "SELL", "hash": "8a114112fcc93d88f3f3a0aa87e8c47314f4c71b", "best_bid": "0.5", "best_ask": "0.51"}], "timestamp": "1769384528485", "event_type": "price_change"}}
{"_local_timestamp": "2026-01-25T23:42:11.541871+00:00", "data": {"market": "0x78fad93c8b41a222b40dbc440d492a97b52df0e0577ae9a3dfcec99705ca147a", "price_changes": [{"asset_id": "70936298580496968012143250550519437493744110105013978606039432666864517630305", "price": "0.47", "size": "124", "side": "BUY", "hash": "db2a1e99698cad17dd31b9a88a66e706e6880cf8", "best_bid": "0.49", "best_ask": "0.5"}, {"asset_id": "71630912785189607806265217671981200237573227101848641546765594286795916491426", "price": "0.53", "size": "124", "side": "SELL", "hash": "15e578541ae31280bbf849d83434a1bf3aff559b", "best_bid": "0.5", "best_ask": "0.51"}], "timestamp": "1769384531470", "event_type": "price_change"}}
{"_local_timestamp": "2026-01-25T23:42:24.688468+00:00", "data": {"market": "0x78fad93c8b41a222b40dbc440d492a97b52df0e0577ae9a3dfcec99705ca147a", "price_changes": [{"asset_id": "70936298580496968012143250550519437493744110105013978606039432666864517630305", "price": "0.2", "size": "160", "side": "BUY", "hash": "e9c4ad81c16af14997de966d764d5c206df04506", "best_bid": "0.49", "best_ask": "0.5"}, {"asset_id": "71630912785189607806265217671981200237573227101848641546765594286795916491426", "price": "0.8", "size": "160", "side": "SELL", "hash": "365b4fa573e4c02cfa18cac866f656dea4dc49f4", "best_bid": "0.5", "best_ask": "0.51"}], "timestamp": "1769384544468", "event_type": "price_change"}}
{"_local_timestamp": "2026-01-25T23:42:24.716690+00:00", "data": {"market": "0x78fad93c8b41a222b40dbc440d492a97b52df0e0577ae9a3dfcec99705ca147a", "price_changes": [{"asset_id": "71630912785189607806265217671981200237573227101848641546765594286795916491426", "price": "0.2", "size": "750", "side": "BUY", "hash": "ee2f72f12986c07afe3c088bd277378ef64c3a41", "best_bid": "0.5", "best_ask": "0.51"}, {"asset_id": "70936298580496968012143250550519437493744110105013978606039432666864517630305", "price": "0.8", "size": "750", "side": "SELL", "hash": "0010aa1620fb1a4c3f90005f75772c0f24166a20", "best_bid": "0.49", "best_ask": "0.5"}], "timestamp": "1769384544476", "event_type": "price_change"}}
{"_local_timestamp": "2026-01-25T23:42:24.717199+00:00", "data": {"market": "0x78fad93c8b41a222b40dbc440d492a97b52df0e0577ae9a3dfcec99705ca147a", "price_changes": [{"asset_id": "71630912785189607806265217671981200237573227101848641546765594286795916491426", "price": "0.15", "size": "0", "side": "BUY", "hash": "ee2f72f12986c07afe3c088bd277378ef64c3a41", "best_bid": "0.5", "best_ask": "0.51"}, {"asset_id": "70936298580496968012143250550519437493744110105013978606039432666864517630305", "price": "0.85", "size": "0", "side": "SELL", "hash": "0010aa1620fb1a4c3f90005f75772c0f24166a20", "best_bid": "0.49", "best_ask": "0.5"}], "timestamp": "1769384544476", "event_type": "price_change"}}
{"_local_timestamp": "2026-01-25T23:42:25.233191+00:00", "data": {"market": "0x78fad93c8b41a222b40dbc440d492a97b52df0e0577ae9a3dfcec99705ca147a", "price_changes": [{"asset_id": "70936298580496968012143250550519437493744110105013978606039432666864517630305", "price": "0.16", "size": "793.75", "side": "BUY", "hash": "e41109cf68570cbfa2a03a2477a29834b6b76282", "best_bid": "0.49", "best_ask": "0.5"}, {"asset_id": "71630912785189607806265217671981200237573227101848641546765594286795916491426", "price": "0.84", "size": "793.75", "side": "SELL", "hash": "4140380e87d16d061d02ff2a50c647ee050b2b9f", "best_bid": "0.5", "best_ask": "0.51"}], "timestamp": "1769384544933", "event_type": "price_change"}}
{"_local_timestamp": "2026-01-25T23:42:25.255359+00:00", "data": {"market": "0x78fad93c8b41a222b40dbc440d492a97b52df0e0577ae9a3dfcec99705ca147a", "price_changes": [{"asset_id": "71630912785189607806265217671981200237573227101848641546765594286795916491426", "price": "0.13", "size": "1780", "side": "BUY", "hash": "7de91a5f00d287688fae701f823f9e3d38efecbb", "best_bid": "0.5", "best_ask": "0.51"}, {"asset_id": "70936298580496968012143250550519437493744110105013978606039432666864517630305", "price": "0.87", "size": "1780", "side": "SELL", "hash": "7809d5211c466aaeba9a19ddba155325b81f1857", "best_bid": "0.49", "best_ask": "0.5"}], "timestamp": "1769384544954", "event_type": "price_change"}}
{"_local_timestamp": "2026-01-25T23:42:25.255836+00:00", "data": {"market": "0x78fad93c8b41a222b40dbc440d492a97b52df0e0577ae9a3dfcec99705ca147a", "price_changes": [{"asset_id": "71630912785189607806265217671981200237573227101848641546765594286795916491426", "price": "0.16", "size": "3136.5", "side": "BUY", "hash": "b019843749d182c91bad2510208ea5a396f066b2", "best_bid": "0.5", "best_ask": "0.51"}, {"asset_id": "70936298580496968012143250550519437493744110105013978606039432666864517630305", "price": "0.84", "size": "3136.5", "side": "SELL", "hash": "434d98fddccdbecee190ea35bcee508ee432469e", "best_bid": "0.49", "best_ask": "0.5"}], "timestamp": "1769384544962", "event_type": "price_change"}}
{"_local_timestamp": "2026-01-25T23:42:47.259846+00:00", "data": {"market": "0x78fad93c8b41a222b40dbc440d492a97b52df0e0577ae9a3dfcec99705ca147a", "price_changes": [{"asset_id": "71630912785189607806265217671981200237573227101848641546765594286795916491426", "price": "0.16", "size": "512.5", "side": "BUY", "hash": "33d845acd456d5183a87e25ead6a068151da5b17", "best_bid": "0.5", "best_ask": "0.51"}, {"asset_id": "70936298580496968012143250550519437493744110105013978606039432666864517630305", "price": "0.84", "size": "512.5", "side": "SELL", "hash": "726eaede76b21244b092998156f31cd36fe25296", "best_bid": "0.49", "best_ask": "0.5"}], "timestamp": "1769384566990", "event_type": "price_change"}}
{"_local_timestamp": "2026-01-25T23:43:01.451806+00:00", "data": {"market": "0x78fad93c8b41a222b40dbc440d492a97b52df0e0577ae9a3dfcec99705ca147a", "price_changes": [{"asset_id": "70936298580496968012143250550519437493744110105013978606039432666864517630305", "price": "0.01", "size": "10085", "side": "BUY", "hash": "875bdb120247ebae929cdf993d03dea70b3a2d68", "best_bid": "0.49", "best_ask": "0.5"}, {"asset_id": "71630912785189607806265217671981200237573227101848641546765594286795916491426", "price": "0.99", "size": "10085", "side": "SELL", "hash": "8d6106ac3691d3f1a8fe01c64dd45d7a67b154df", "best_bid": "0.5", "best_ask": "0.51"}], "timestamp": "1769384581319", "event_type": "price_change"}}
{"_local_timestamp": "2026-01-25T23:43:01.783016+00:00", "data": {"market": "0x78fad93c8b41a222b40dbc440d492a97b52df0e0577ae9a3dfcec99705ca147a", "price_changes": [{"asset_id": "70936298580496968012143250550519437493744110105013978606039432666864517630305", "price": "0.01", "size": "10144.8", "side": "BUY", "hash": "aa7d438e9f353d9e5e3e18e1e50269e18511234b", "best_bid": "0.49", "best_ask": "0.5"}, {"asset_id": "71630912785189607806265217671981200237573227101848641546765594286795916491426", "price": "0.99", "size": "10144.8", "side": "SELL", "hash": "1b5b24b2fd56c7ab44782f31f95bfa248763043b", "best_bid": "0.5", "best_ask": "0.51"}], "timestamp": "1769384581649", "event_type": "price_change"}}
{"_local_timestamp": "2026-01-25T23:43:01.829844+00:00", "data": {"market": "0x78fad93c8b41a222b40dbc440d492a97b52df0e0577ae9a3dfcec99705ca147a", "price_changes": [{"asset_id": "70936298580496968012143250550519437493744110105013978606039432666864517630305", "price": "0.01", "size": "10204.6", "side": "BUY", "hash": "70dbe1d659e2584d96d2ad767de3fffc140ece9c", "best_bid": "0.49", "best_ask": "0.5"}, {"asset_id": "71630912785189607806265217671981200237573227101848641546765594286795916491426", "price": "0.99", "size": "10204.6", "side": "SELL", "hash": "9ead3dc00ea468bbed1399423f36d7c280e2e281", "best_bid": "0.5", "best_ask": "0.51"}], "timestamp": "1769384581697", "event_type": "price_change"}}
{"_local_timestamp": "2026-01-25T23:43:07.553955+00:00", "data": {"market": "0x78fad93c8b41a222b40dbc440d492a97b52df0e0577ae9a3dfcec99705ca147a", "price_changes": [{"asset_id": "70936298580496968012143250550519437493744110105013978606039432666864517630305", "price": "0.02", "size": "5000", "side": "BUY", "hash": "7d01af7ece596b8501c0df9263992a7e34153a11", "best_bid": "0.49", "best_ask": "0.5"}, {"asset_id": "71630912785189607806265217671981200237573227101848641546765594286795916491426", "price": "0.98", "size": "5000", "side": "SELL", "hash": "b9dbe15da616c749b5c9187d37c415e9477559a2", "best_bid": "0.5", "best_ask": "0.51"}], "timestamp": "1769384587414", "event_type": "price_change"}}
{"_local_timestamp": "2026-01-25T23:43:07.554431+00:00", "data": {"market": "0x78fad93c8b41a222b40dbc440d492a97b52df0e0577ae9a3dfcec99705ca147a", "price_changes": [{"asset_id": "70936298580496968012143250550519437493744110105013978606039432666864517630305", "price": "0.04", "size": "250", "side": "BUY", "hash": "7d01af7ece596b8501c0df9263992a7e34153a11", "best_bid": "0.49", "best_ask": "0.5"}, {"asset_id": "71630912785189607806265217671981200237573227101848641546765594286795916491426", "price": "0.96", "size": "250", "side": "SELL", "hash": "b9dbe15da616c749b5c9187d37c415e9477559a2", "best_bid": "0.5", "best_ask": "0.51"}], "timestamp": "1769384587414", "event_type": "price_change"}}
{"_local_timestamp": "2026-01-25T23:43:07.554792+00:00", "data": {"market": "0x78fad93c8b41a222b40dbc440d492a97b52df0e0577ae9a3dfcec99705ca147a", "price_changes": [{"asset_id": "70936298580496968012143250550519437493744110105013978606039432666864517630305", "price": "0.01", "size": "10085", "side": "BUY", "hash": "7d01af7ece596b8501c0df9263992a7e34153a11", "best_bid": "0.49", "best_ask": "0.5"}, {"asset_id": "71630912785189607806265217671981200237573227101848641546765594286795916491426", "price": "0.99", "size": "10085", "side": "SELL", "hash": "b9dbe15da616c749b5c9187d37c415e9477559a2", "best_bid": "0.5", "best_ask": "0.51"}], "timestamp": "1769384587414", "event_type": "price_change"}}
{"_local_timestamp": "2026-01-25T23:43:11.824990+00:00", "data": {"market": "0x78fad93c8b41a222b40dbc440d492a97b52df0e0577ae9a3dfcec99705ca147a", "price_changes": [{"asset_id": "71630912785189607806265217671981200237573227101848641546765594286795916491426", "price": "0.16", "size": "462.5", "side": "BUY", "hash": "6ce1a879c08f8ff9e62fcac10a2256f9a3713f63", "best_bid": "0.5", "best_ask": "0.51"}, {"asset_id": "70936298580496968012143250550519437493744110105013978606039432666864517630305", "price": "0.84", "size": "462.5", "side": "SELL", "hash": "c2c68ca52db0726557b3996c8f21184a1026b706", "best_bid": "0.49", "best_ask": "0.5"}], "timestamp": "1769384591691", "event_type": "price_change"}}
{"_local_timestamp": "2026-01-25T23:43:12.080555+00:00", "data": {"market": "0x78fad93c8b41a222b40dbc440d492a97b52df0e0577ae9a3dfcec99705ca147a", "price_changes": [{"asset_id": "71630912785189607806265217671981200237573227101848641546765594286795916491426", "price": "0.13", "size": "1830", "side": "BUY", "hash": "358e97a7f58aafcca4ea39def9a14ace70a508b4", "best_bid": "0.5", "best_ask": "0.51"}, {"asset_id": "70936298580496968012143250550519437493744110105013978606039432666864517630305", "price": "0.87", "size": "1830", "side": "SELL", "hash": "98c848ac7bcdb66fe89b7b519293cbd3042792d7", "best_bid": "0.49", "best_ask": "0.5"}], "timestamp": "1769384591949", "event_type": "price_change"}}
{"_local_timestamp": "2026-01-25T23:43:30.808846+00:00", "data": {"market": "0x78fad93c8b41a222b40dbc440d492a97b52df0e0577ae9a3dfcec99705ca147a", "price_changes": [{"asset_id": "71630912785189607806265217671981200237573227101848641546765594286795916491426", "price": "0.15", "size": "2798", "side": "BUY", "hash": "497889cef06834363339200f41fb572a3b73ef53", "best_bid": "0.5", "best_ask": "0.51"}, {"asset_id": "70936298580496968012143250550519437493744110105013978606039432666864517630305", "price": "0.85", "size": "2798", "side": "SELL", "hash": "13f7b0dffb3bd100d49423972a752b2314c80c60", "best_bid": "0.49", "best_ask": "0.5"}], "timestamp": "1769384610693", "event_type": "price_change"}}
{"_local_timestamp": "2026-01-25T23:43:38.575993+00:00", "data": {"market": "0x78fad93c8b41a222b40dbc440d492a97b52df0e0577ae9a3dfcec99705ca147a", "price_changes": [{"asset_id": "71630912785189607806265217671981200237573227101848641546765594286795916491426", "price": "0.16", "size": "312.5", "side": "BUY", "hash": "ab1e99cff574b3f5b8da580589b950bddce12b0c", "best_bid": "0.5", "best_ask": "0.51"}, {"asset_id": "70936298580496968012143250550519437493744110105013978606039432666864517630305", "price": "0.84", "size": "312.5", "side": "SELL", "hash": "0c49303a176613e10618d602ed437d687c4e9c05", "best_bid": "0.49", "best_ask": "0.5"}], "timestamp": "1769384618449", "event_type": "price_change"}}
{"_local_timestamp": "2026-01-25T23:43:38.881733+00:00", "data": {"market": "0x78fad93c8b41a222b40dbc440d492a97b52df0e0577ae9a3dfcec99705ca147a", "price_changes": [{"asset_id": "71630912785189607806265217671981200237573227101848641546765594286795916491426", "price": "0.2", "size": "900", "side": "BUY", "hash": "07fb2bc19b1af5ffcd0a703e1a8e26cda0444601", "best_bid": "0.5", "best_ask": "0.51"}, {"asset_id": "70936298580496968012143250550519437493744110105013978606039432666864517630305", "price": "0.8", "size": "900", "side": "SELL", "hash": "9d4b9338a8b84993e573c79c421eccec65319639", "best_bid": "0.49", "best_ask": "0.5"}], "timestamp": "1769384618721", "event_type": "price_change"}}
{"_local_timestamp": "2026-01-25T23:43:42.224799+00:00", "data": {"market": "0x78fad93c8b41a222b40dbc440d492a97b52df0e0577ae9a3dfcec99705ca147a", "price_changes": [{"asset_id": "70936298580496968012143250550519437493744110105013978606039432666864517630305", "price": "0.49", "size": "56.85", "side": "BUY", "hash": "31120b3e13a027e7c41508c26f96ed7bbadae6f9", "best_bid": "0.49", "best_ask": "0.5"}, {"asset_id": "71630912785189607806265217671981200237573227101848641546765594286795916491426", "price": "0.51", "size": "56.85", "side": "SELL", "hash": "3c4409e6ae2abea1aa834e1e250ff46c3472c2d3", "best_bid": "0.5", "best_ask": "0.51"}], "timestamp": "1769384622114", "event_type": "price_change"}}
{"_local_timestamp": "2026-01-25T23:43:52.582142+00:00", "data": {"market": "0x78fad93c8b41a222b40dbc440d492a97b52df0e0577ae9a3dfcec99705ca147a", "price_changes": [{"asset_id": "71630912785189607806265217671981200237573227101848641546765594286795916491426", "price": "0.16", "size": "262.5", "side": "BUY", "hash": "4bb41c046ac37b62ece6adc393d7b6b06153e27e", "best_bid": "0.5", "best_ask": "0.51"}, {"asset_id": "70936298580496968012143250550519437493744110105013978606039432666864517630305", "price": "0.84", "size": "262.5", "side": "SELL", "hash": "ff2953f9598024f42549e4953e2933194d933ecc", "best_bid": "0.49", "best_ask": "0.5"}], "timestamp": "1769384632324", "event_type": "price_change"}}
{"_local_timestamp": "2026-01-25T23:43:52.905062+00:00", "data": {"market": "0x78fad93c8b41a222b40dbc440d492a97b52df0e0577ae9a3dfcec99705ca147a", "price_changes": [{"asset_id": "71630912785189607806265217671981200237573227101848641546765594286795916491426", "price": "0.13", "size": "1880", "side": "BUY", "hash": "da1c875bbe8c5841f48e78b8bca7454e1d8de2a5", "best_bid": "0.5", "best_ask": "0.51"}, {"asset_id": "70936298580496968012143250550519437493744110105013978606039432666864517630305", "price": "0.87", "size": "1880", "side": "SELL", "hash": "5b2c3e25e023556aff5cd1c001849f0a6f68e575", "best_bid": "0.49", "best_ask": "0.5"}], "timestamp": "1769384632638", "event_type": "price_change"}}
{"_local_timestamp": "2026-01-25T23:43:54.303740+00:00", "data": {"market": "0x78fad93c8b41a222b40dbc440d492a97b52df0e0577ae9a3dfcec99705ca147a", "price_changes": [{"asset_id": "70936298580496968012143250550519437493744110105013978606039432666864517630305", "price": "0.49", "size": "64.44", "side": "BUY", "hash": "a6d315bf0aee59a55749702d420304664fdda953", "best_bid": "0.49", "best_ask": "0.5"}, {"asset_id": "71630912785189607806265217671981200237573227101848641546765594286795916491426", "price": "0.51", "size": "64.44", "side": "SELL", "hash": "b0aaf5c09e48708fbd450ac5aee1c09a40a93144", "best_bid": "0.5", "best_ask": "0.51"}], "timestamp": "1769384634028", "event_type": "price_change"}}
{"_local_timestamp": "2026-01-25T23:43:54.310995+00:00", "data": {"market": "0x78fad93c8b41a222b40dbc440d492a97b52df0e0577ae9a3dfcec99705ca147a", "price_changes": [{"asset_id": "70936298580496968012143250550519437493744110105013978606039432666864517630305", "price": "0.49", "size": "72.03", "side": "BUY", "hash": "7a9cc7ee37d6f8542f015eee19e4ee3a39d099d6", "best_bid": "0.49", "best_ask": "0.5"}, {"asset_id": "71630912785189607806265217671981200237573227101848641546765594286795916491426", "price": "0.51", "size": "72.03", "side": "SELL", "hash": "5a060f94ffb46cc944be84fe7f4dcdf50aa5b4c6", "best_bid": "0.5", "best_ask": "0.51"}], "timestamp": "1769384634043", "event_type": "price_change"}}
{"_local_timestamp": "2026-01-25T23:43:54.315360+00:00", "data": {"market": "0x78fad93c8b41a222b40dbc440d492a97b52df0e0577ae9a3dfcec99705ca147a", "price_changes": [{"asset_id": "70936298580496968012143250550519437493744110105013978606039432666864517630305", "price": "0.49", "size": "79.62", "side": "BUY", "hash": "9fa11a7c9d690a8c1967ae07236845ab0dba2e01", "best_bid": "0.49", "best_ask": "0.5"}, {"asset_id": "71630912785189607806265217671981200237573227101848641546765594286795916491426", "price": "0.51", "size": "79.62", "side": "SELL", "hash": "23badeeeb6fb3c9d628974bb08e0f6f198229833", "best_bid": "0.5", "best_ask": "0.51"}], "timestamp": "1769384634044", "event_type": "price_change"}}
{"_local_timestamp": "2026-01-25T23:43:57.476403+00:00", "data": {"market": "0x78fad93c8b41a222b40dbc440d492a97b52df0e0577ae9a3dfcec99705ca147a", "price_changes": [{"asset_id": "71630912785189607806265217671981200237573227101848641546765594286795916491426", "price": "0.13", "size": "1830", "side": "BUY", "hash": "ee30a15959d620dcb60f771570748b1875364e69", "best_bid": "0.5", "best_ask": "0.51"}, {"asset_id": "70936298580496968012143250550519437493744110105013978606039432666864517630305", "price": "0.87", "size": "1830", "side": "SELL", "hash": "4c8dfbff81c08c5b7be9df6dd40c6aa2942c719c", "best_bid": "0.49", "best_ask": "0.5"}], "timestamp": "1769384637204", "event_type": "price_change"}}
{"_local_timestamp": "2026-01-25T23:43:57.746707+00:00", "data": {"market": "0x78fad93c8b41a222b40dbc440d492a97b52df0e0577ae9a3dfcec99705ca147a", "price_changes": [{"asset_id": "71630912785189607806265217671981200237573227101848641546765594286795916491426", "price": "0.15", "size": "2848", "side": "BUY", "hash": "ae6e6ce6ec4dcdc9475cf179fd568227c7345e6b", "best_bid": "0.5", "best_ask": "0.51"}, {"asset_id": "70936298580496968012143250550519437493744110105013978606039432666864517630305", "price": "0.85", "size": "2848", "side": "SELL", "hash": "0df5f58a02dba1ac2eab15522c5292b1866cb4af", "best_bid": "0.49", "best_ask": "0.5"}], "timestamp": "1769384637471", "event_type": "price_change"}}
{"_local_timestamp": "2026-01-25T23:44:01.142885+00:00", "data": {"market": "0x78fad93c8b41a222b40dbc440d492a97b52df0e0577ae9a3dfcec99705ca147a", "price_changes": [{"asset_id": "71630912785189607806265217671981200237573227101848641546765594286795916491426", "price": "0.5", "size": "26.06", "side": "BUY", "hash": "4f02439ac534b024dba773b4c6f5207f78544b5f", "best_bid": "0.5", "best_ask": "0.51"}, {"asset_id": "70936298580496968012143250550519437493744110105013978606039432666864517630305", "price": "0.5", "size": "26.06", "side": "SELL", "hash": "128ca5023f876a8da2e1f6177f65e29eec676bf0", "best_bid": "0.49", "best_ask": "0.5"}], "timestamp": "1769384640869", "event_type": "price_change"}}
{"_local_timestamp": "2026-01-25T23:44:18.010483+00:00", "data": {"market": "0x78fad93c8b41a222b40dbc440d492a97b52df0e0577ae9a3dfcec99705ca147a", "price_changes": [{"asset_id": "71630912785189607806265217671981200237573227101848641546765594286795916491426", "price": "0.13", "size": "1605", "side": "BUY", "hash": "41ce4a33261f36dcc4bddd24d0b25d37a82c0427", "best_bid": "0.5", "best_ask": "0.51"}, {"asset_id": "70936298580496968012143250550519437493744110105013978606039432666864517630305", "price": "0.87", "size": "1605", "side": "SELL", "hash": "a0aa76caa02291ce1d35c55edcbbd99b64c70206", "best_bid": "0.49", "best_ask": "0.5"}], "timestamp": "1769384657928", "event_type": "price_change"}}
{"_local_timestamp": "2026-01-25T23:44:18.259191+00:00", "data": {"market": "0x78fad93c8b41a222b40dbc440d492a97b52df0e0577ae9a3dfcec99705ca147a", "price_changes": [{"asset_id": "71630912785189607806265217671981200237573227101848641546765594286795916491426", "price": "0.15", "size": "3073", "side": "BUY", "hash": "1f9c1bc1fa3a75b431bcdcfab9b1e7a5aea13553", "best_bid": "0.5", "best_ask": "0.51"}, {"asset_id": "70936298580496968012143250550519437493744110105013978606039432666864517630305", "price": "0.85", "size": "3073", "side": "SELL", "hash": "19eadb77556b24c31bce4bd07d84b437406923cb", "best_bid": "0.49", "best_ask": "0.5"}], "timestamp": "1769384658174", "event_type": "price_change"}}
{"_local_timestamp": "2026-01-25T23:44:20.494786+00:00", "data": {"market": "0x78fad93c8b41a222b40dbc440d492a97b52df0e0577ae9a3dfcec99705ca147a", "price_changes": [{"asset_id": "70936298580496968012143250550519437493744110105013978606039432666864517630305", "price": "0.21", "size": "100", "side": "BUY", "hash": "6b1f851259841b740d09710492f6fa09572ef089", "best_bid": "0.49", "best_ask": "0.5"}, {"asset_id": "71630912785189607806265217671981200237573227101848641546765594286795916491426", "price": "0.79", "size": "100", "side": "SELL", "hash": "a884ac649b04dafb12e8da5eed9b46032760d544", "best_bid": "0.5", "best_ask": "0.51"}], "timestamp": "1769384660421", "event_type": "price_change"}}
{"_local_timestamp": "2026-01-25T23:44:20.504427+00:00", "data": {"market": "0x78fad93c8b41a222b40dbc440d492a97b52df0e0577ae9a3dfcec99705ca147a", "price_changes": [{"asset_id": "71630912785189607806265217671981200237573227101848641546765594286795916491426", "price": "0.21", "size": "535", "side": "BUY", "hash": "17c7612eae849f68777b3984d53a725605099c94", "best_bid": "0.5", "best_ask": "0.51"}, {"asset_id": "70936298580496968012143250550519437493744110105013978606039432666864517630305", "price": "0.79", "size": "535", "side": "SELL", "hash": "65c7d011402af8475865f11ad4597ed9795c4281", "best_bid": "0.49", "best_ask": "0.5"}], "timestamp": "1769384660422", "event_type": "price_change"}}
{"_local_timestamp": "2026-01-25T23:44:20.505668+00:00", "data": {"market": "0x78fad93c8b41a222b40dbc440d492a97b52df0e0577ae9a3dfcec99705ca147a", "price_changes": [{"asset_id": "71630912785189607806265217671981200237573227101848641546765594286795916491426", "price": "0.2", "size": "750", "side": "BUY", "hash": "17c7612eae849f68777b3984d53a725605099c94", "best_bid": "0.5", "best_ask": "0.51"}, {"asset_id": "70936298580496968012143250550519437493744110105013978606039432666864517630305", "price": "0.8", "size": "750", "side": "SELL", "hash": "65c7d011402af8475865f11ad4597ed9795c4281", "best_bid": "0.49", "best_ask": "0.5"}], "timestamp": "1769384660422", "event_type": "price_change"}}
{"_local_timestamp": "2026-01-25T23:44:21.497381+00:00", "data": {"market": "0x78fad93c8b41a222b40dbc440d492a97b52df0e0577ae9a3dfcec99705ca147a", "price_changes": [{"asset_id": "71630912785189607806265217671981200237573227101848641546765594286795916491426", "price": "0.16", "size": "412.5", "side": "BUY", "hash": "84bac437e884f114c709072f30cb6f025f249eef", "best_bid": "0.5", "best_ask": "0.51"}, {"asset_id": "70936298580496968012143250550519437493744110105013978606039432666864517630305", "price": "0.84", "size": "412.5", "side": "SELL", "hash": "9abc728c1f7d41fdd11a0554cc2ee696505e957b", "best_bid": "0.49", "best_ask": "0.5"}], "timestamp": "1769384660911", "event_type": "price_change"}}
{"_local_timestamp": "2026-01-25T23:44:32.451054+00:00", "data": {"market": "0x78fad93c8b41a222b40dbc440d492a97b52df0e0577ae9a3dfcec99705ca147a", "price_changes": [{"asset_id": "71630912785189607806265217671981200237573227101848641546765594286795916491426", "price": "0.15", "size": "275", "side": "BUY", "hash": "dc2910e084a350f24f758c571dbc511fbbc0a613", "best_bid": "0.5", "best_ask": "0.51"}, {"asset_id": "70936298580496968012143250550519437493744110105013978606039432666864517630305", "price": "0.85", "size": "275", "side": "SELL", "hash": "89300da6995cc24a1c526944bda8a2a8a460dd9c", "best_bid": "0.49", "best_ask": "0.5"}], "timestamp": "1769384672297", "event_type": "price_change"}}
{"_local_timestamp": "2026-01-25T23:44:37.474613+00:00", "data": {"market": "0x78fad93c8b41a222b40dbc440d492a97b52df0e0577ae9a3dfcec99705ca147a", "price_changes": [{"asset_id": "71630912785189607806265217671981200237573227101848641546765594286795916491426", "price": "0.13", "size": "1555", "side": "BUY", "hash": "107533e57b59933ed94e610033ea85e270845b22", "best_bid": "0.5", "best_ask": "0.51"}, {"asset_id": "70936298580496968012143250550519437493744110105013978606039432666864517630305", "price": "0.87", "size": "1555", "side": "SELL", "hash": "ad45a745804b2c00d0e3a0f451edd9cf172f2217", "best_bid": "0.49", "best_ask": "0.5"}], "timestamp": "1769384677409", "event_type": "price_change"}}
{"_local_timestamp": "2026-01-25T23:44:37.764847+00:00", "data": {"market": "0x78fad93c8b41a222b40dbc440d492a97b52df0e0577ae9a3dfcec99705ca147a", "price_changes": [{"asset_id": "71630912785189607806265217671981200237573227101848641546765594286795916491426", "price": "0.15", "size": "325", "side": "BUY", "hash": "b68d8c8809d295784421302312284656b8c7dfa6", "best_bid": "0.5", "best_ask": "0.51"}, {"asset_id": "70936298580496968012143250550519437493744110105013978606039432666864517630305", "price": "0.85", "size": "325", "side": "SELL", "hash": "320a44e2abee812c711e74697adf9bdd7954b0bc", "best_bid": "0.49", "best_ask": "0.5"}], "timestamp": "1769384677692", "event_type": "price_change"}}
{"_local_timestamp": "2026-01-25T23:44:43.034395+00:00", "data": {"market": "0x78fad93c8b41a222b40dbc440d492a97b52df0e0577ae9a3dfcec99705ca147a", "price_changes": [{"asset_id": "71630912785189607806265217671981200237573227101848641546765594286795916491426", "price": "0.16", "size": "3036.5", "side": "BUY", "hash": "84a58469d1e681005aac6517f8afd7de730f6790", "best_bid": "0.5", "best_ask": "0.51"}, {"asset_id": "70936298580496968012143250550519437493744110105013978606039432666864517630305", "price": "0.84", "size": "3036.5", "side": "SELL", "hash": "cd77f64fcf5a278ed57f317e38680935ad7c85ea", "best_bid": "0.49", "best_ask": "0.5"}], "timestamp": "1769384682969", "event_type": "price_change"}}
{"_local_timestamp": "2026-01-25T23:44:43.732976+00:00", "data": {"market": "0x78fad93c8b41a222b40dbc440d492a97b52df0e0577ae9a3dfcec99705ca147a", "price_changes": [{"asset_id": "70936298580496968012143250550519437493744110105013978606039432666864517630305", "price": "0.49", "size": "22.77", "side": "BUY", "hash": "7cb990bd7fba78a59934e446edd270f7c278d0f3", "best_bid": "0.49", "best_ask": "0.5"}, {"asset_id": "71630912785189607806265217671981200237573227101848641546765594286795916491426", "price": "0.51", "size": "22.77", "side": "SELL", "hash": "2119c137a02e73d50fc98162fd2bd3529af0950a", "best_bid": "0.5", "best_ask": "0.51"}], "timestamp": "1769384683668", "event_type": "price_change"}}
{"_local_timestamp": "2026-01-25T23:44:43.733525+00:00", "data": {"market": "0x78fad93c8b41a222b40dbc440d492a97b52df0e0577ae9a3dfcec99705ca147a", "price_changes": [{"asset_id": "70936298580496968012143250550519437493744110105013978606039432666864517630305", "price": "0.48", "size": "5", "side": "BUY", "hash": "7cb990bd7fba78a59934e446edd270f7c278d0f3", "best_bid": "0.49", "best_ask": "0.5"}, {"asset_id": "71630912785189607806265217671981200237573227101848641546765594286795916491426", "price": "0.52", "size": "5", "side": "SELL", "hash": "2119c137a02e73d50fc98162fd2bd3529af0950a", "best_bid": "0.5", "best_ask": "0.51"}], "timestamp": "1769384683668", "event_type": "price_change"}}
{"_local_timestamp": "2026-01-25T23:44:43.739810+00:00", "data": {"market": "0x78fad93c8b41a222b40dbc440d492a97b52df0e0577ae9a3dfcec99705ca147a", "price_changes": [{"asset_id": "70936298580496968012143250550519437493744110105013978606039432666864517630305", "price": "0.46", "size": "416", "side": "BUY", "hash": "7cb990bd7fba78a59934e446edd270f7c278d0f3", "best_bid": "0.49", "best_ask": "0.5"}, {"asset_id": "71630912785189607806265217671981200237573227101848641546765594286795916491426", "price": "0.54", "size": "416", "side": "SELL", "hash": "2119c137a02e73d50fc98162fd2bd3529af0950a", "best_bid": "0.5", "best_ask": "0.51"}], "timestamp": "1769384683668", "event_type": "price_change"}}
{"_local_timestamp": "2026-01-25T23:44:44.243788+00:00", "data": {"market": "0x78fad93c8b41a222b40dbc440d492a97b52df0e0577ae9a3dfcec99705ca147a", "price_changes": [{"asset_id": "70936298580496968012143250550519437493744110105013978606039432666864517630305", "price": "0.46", "size": "516", "side": "BUY", "hash": "54d14db8d810c0917acfd97df97771dcde44619e", "best_bid": "0.49", "best_ask": "0.5"}, {"asset_id": "71630912785189607806265217671981200237573227101848641546765594286795916491426", "price": "0.54", "size": "516", "side": "SELL", "hash": "041a5ca4c03d4bc98843c3835a08b51da7318811", "best_bid": "0.5", "best_ask": "0.51"}], "timestamp": "1769384684178", "event_type": "price_change"}}
{"_local_timestamp": "2026-01-25T23:44:44.260582+00:00", "data": {"market": "0x78fad93c8b41a222b40dbc440d492a97b52df0e0577ae9a3dfcec99705ca147a", "price_changes": [{"asset_id": "70936298580496968012143250550519437493744110105013978606039432666864517630305", "price": "0.48", "size": "105", "side": "BUY", "hash": "6676c73de18516d0f398a564cab681f2df388e05", "best_bid": "0.49", "best_ask": "0.5"}, {"asset_id": "71630912785189607806265217671981200237573227101848641546765594286795916491426", "price": "0.52", "size": "105", "side": "SELL", "hash": "2d23fab6abe66c2127856b19734fa2b03b321c6a", "best_bid": "0.5", "best_ask": "0.51"}], "timestamp": "1769384684191", "event_type": "price_change"}}
{"_local_timestamp": "2026-01-25T23:44:44.875090+00:00", "data": {"market": "0x78fad93c8b41a222b40dbc440d492a97b52df0e0577ae9a3dfcec99705ca147a", "price_changes": [{"asset_id": "70936298580496968012143250550519437493744110105013978606039432666864517630305", "price": "0.47", "size": "224", "side": "BUY", "hash": "5bfc2107963b888f2b5fa2e600a0e5d3b7687b04", "best_bid": "0.49", "best_ask": "0.5"}, {"asset_id": "71630912785189607806265217671981200237573227101848641546765594286795916491426", "price": "0.53", "size": "224", "side": "SELL", "hash": "a4efe37c6623df280ac1d95ec2a193437699a6c1", "best_bid": "0.5", "best_ask": "0.51"}], "timestamp": "1769384684807", "event_type": "price_change"}}
{"_local_timestamp": "2026-01-25T23:44:51.944700+00:00", "data": {"market": "0x78fad93c8b41a222b40dbc440d492a97b52df0e0577ae9a3dfcec99705ca147a", "price_changes": [{"asset_id": "70936298580496968012143250550519437493744110105013978606039432666864517630305", "price": "0.47", "size": "124", "side": "BUY", "hash": "c558b55ac44d6bb747eab23f839d1e0c29885670", "best_bid": "0.49", "best_ask": "0.5"}, {"asset_id": "71630912785189607806265217671981200237573227101848641546765594286795916491426", "price": "0.53", "size": "124", "side": "SELL", "hash": "d5f250ff13ae4f80b1375300806759922afc91bd", "best_bid": "0.5", "best_ask": "0.51"}], "timestamp": "1769384691874", "event_type": "price_change"}}
{"_local_timestamp": "2026-01-25T23:44:55.470816+00:00", "data": {"market": "0x78fad93c8b41a222b40dbc440d492a97b52df0e0577ae9a3dfcec99705ca147a", "price_changes": [{"asset_id": "70936298580496968012143250550519437493744110105013978606039432666864517630305", "price": "0.49", "size": "17.57", "side": "BUY", "hash": "989c965045ff91e0bc36ad3976fc828908b93011", "best_bid": "0.49", "best_ask": "0.5"}, {"asset_id": "71630912785189607806265217671981200237573227101848641546765594286795916491426", "price": "0.51", "size": "17.57", "side": "SELL", "hash": "6cf29872b51e6e3e36a68aed6e395174a7516c68", "best_bid": "0.5", "best_ask": "0.51"}], "timestamp": "1769384695400", "event_type": "price_change"}}
{"_local_timestamp": "2026-01-25T23:44:55.474748+00:00", "data": {"market": "0x78fad93c8b41a222b40dbc440d492a97b52df0e0577ae9a3dfcec99705ca147a", "asset_id": "70936298580496968012143250550519437493744110105013978606039432666864517630305", "bids": [{"price": "0.01", "size": "10085"}, {"price": "0.02", "size": "5000"}, {"price": "0.03", "size": "333"}, {"price": "0.04", "size": "250"}, {"price": "0.05", "size": "840"}, {"price": "0.06", "size": "40"}, {"price": "0.07", "size": "39"}, {"price": "0.08", "size": "963"}, {"price": "0.09", "size": "37"}, {"price": "0.1", "size": "1386.01"}, {"price": "0.11", "size": "353.18"}, {"price": "0.12", "size": "5047.08"}, {"price": "0.13", "size": "1248.38"}, {"price": "0.14", "size": "2998"}, {"price": "0.15", "size": "193.34"}, {"price": "0.16", "size": "793.75"}, {"price": "0.17", "size": "180"}, {"price": "0.18", "size": "157.77"}, {"price": "0.2", "size": "160"}, {"price": "0.21", "size": "100"}, {"price": "0.26", "size": "193.87"}, {"price": "0.27", "size": "841"}, {"price": "0.3", "size": "150"}, {"price": "0.31", "size": "368"}, {"price": "0.32", "size": "6"}, {"price": "0.35", "size": "222.94"}, {"price": "0.36", "size": "259.11"}, {"price": "0.37", "size": "76"}, {"price": "0.38", "size": "6"}, {"price": "0.44", "size": "1073.81"}, {"price": "0.45", "size": "16"}, {"price": "0.46", "size": "516"}, {"price": "0.47", "size": "124"}, {"price": "0.48", "size": "105"}, {"price": "0.49", "size": "17.57"}], "asks": [{"price": "0.99", "size": "8387.44"}, {"price": "0.98", "size": "1249.81"}, {"price": "0.97", "size": "145"}, {"price": "0.96", "size": "2005.16"}, {"price": "0.95", "size": "740"}, {"price": "0.94", "size": "73.68"}, {"price": "0.92", "size": "425"}, {"price": "0.91", "size": "2776"}, {"price": "0.9", "size": "6.42"}, {"price": "0.89", "size": "290.9"}, {"price": "0.87", "size": "1555"}, {"price": "0.86", "size": "200"}, {"price": "0.85", "size": "325"}, {"price": "0.84", "size": "3036.5"}, {"price": "0.81", "size": "126.31"}, {"price": "0.8", "size": "750"}, {"price": "0.79", "size": "535"}, {"price": "0.78", "size": "160.56"}, {"price": "0.77", "size": "80"}, {"price": "0.76", "size": "8"}, {"price": "0.65", "size": "5"}, {"price": "0.63", "size": "200"}, {"price": "0.62", "size": "200"}, {"price": "0.61", "size": "93.39"}, {"price": "0.6", "size": "28"}, {"price": "0.59", "size": "86.33"}, {"price": "0.58", "size": "26.21"}, {"price": "0.56", "size": "86.33"}, {"price": "0.55", "size": "151.79"}, {"price": "0.54", "size": "30"}, {"price": "0.51", "size": "200"}, {"price": "0.5", "size": "26.06"}], "hash": "989c965045ff91e0bc36ad3976fc828908b93011", "timestamp": "1769384695400", "event_type": "book"}}
{"_local_timestamp": "2026-01-25T23:44:55.475634+00:00", "data": {"market": "0x78fad93c8b41a222b40dbc440d492a97b52df0e0577ae9a3dfcec99705ca147a", "asset_id": "71630912785189607806265217671981200237573227101848641546765594286795916491426", "bids": [{"price": "0.01", "size": "8387.44"}, {"price": "0.02", "size": "1249.81"}, {"price": "0.03", "size": "145"}, {"price": "0.04", "size": "2005.16"}, {"price": "0.05", "size": "740"}, {"price": "0.06", "size": "73.68"}, {"price": "0.08", "size": "425"}, {"price": "0.09", "size": "2776"}, {"price": "0.1", "size": "6.42"}, {"price": "0.11", "size": "290.9"}, {"price": "0.13", "size": "1555"}, {"price": "0.14", "size": "200"}, {"price": "0.15", "size": "325"}, {"price": "0.16", "size": "3036.5"}, {"price": "0.19", "size": "126.31"}, {"price": "0.2", "size": "750"}, {"price": "0.21", "size": "535"}, {"price": "0.22", "size": "160.56"}, {"price": "0.23", "size": "80"}, {"price": "0.24", "size": "8"}, {"price": "0.35", "size": "5"}, {"price": "0.37", "size": "200"}, {"price": "0.38", "size": "200"}, {"price": "0.39", "size": "93.39"}, {"price": "0.4", "size": "28"}, {"price": "0.41", "size": "86.33"}, {"price": "0.42", "size": "26.21"}, {"price": "0.44", "size": "86.33"}, {"price": "0.45", "size": "151.79"}, {"price": "0.46", "size": "30"}, {"price": "0.49", "size": "200"}, {"price": "0.5", "size": "26.06"}], "asks": [{"price": "0.99", "size": "10085"}, {"price": "0.98", "size": "5000"}, {"price": "0.97", "size": "333"}, {"price": "0.96", "size": "250"}, {"price": "0.95", "size": "840"}, {"price": "0.94", "size": "40"}, {"price": "0.93", "size": "39"}, {"price": "0.92", "size": "963"}, {"price": "0.91", "size": "37"}, {"price": "0.9", "size": "1386.01"}, {"price": "0.89", "size": "353.18"}, {"price": "0.88", "size": "5047.08"}, {"price": "0.87", "size": "1248.38"}, {"price": "0.86", "size": "2998"}, {"price": "0.85", "size": "193.34"}, {"price": "0.84", "size": "793.75"}, {"price": "0.83", "size": "180"}, {"price": "0.82", "size": "157.77"}, {"price": "0.8", "size": "160"}, {"price": "0.79", "size": "100"}, {"price": "0.74", "size": "193.87"}, {"price": "0.73", "size": "841"}, {"price": "0.7", "size": "150"}, {"price": "0.69", "size": "368"}, {"price": "0.68", "size": "6"}, {"price": "0.65", "size": "222.94"}, {"price": "0.64", "size": "259.11"}, {"price": "0.63", "size": "76"}, {"price": "0.62", "size": "6"}, {"price": "0.56", "size": "1073.81"}, {"price": "0.55", "size": "16"}, {"price": "0.54", "size": "516"}, {"price": "0.53", "size": "124"}, {"price": "0.52", "size": "105"}, {"price": "0.51", "size": "17.57"}], "hash": "6cf29872b51e6e3e36a68aed6e395174a7516c68", "timestamp": "1769384695400", "event_type": "book"}}
{"_local_timestamp": "2026-01-25T23:44:55.515306+00:00", "data": {"market": "0x78fad93c8b41a222b40dbc440d492a97b52df0e0577ae9a3dfcec99705ca147a", "asset_id": "71630912785189607806265217671981200237573227101848641546765594286795916491426", "price": "0.51", "size": "5.196077", "fee_rate_bps": "0", "side": "BUY", "timestamp": "1769384695447", "event_type": "last_trade_price", "transaction_hash": "0x8b1e36b26c90a8d20c4576b51145d240dbdbba6c97e080dab538dc7087a191b3"}}
{"_local_timestamp": "2026-01-25T23:44:57.966030+00:00", "data": {"market": "0x78fad93c8b41a222b40dbc440d492a97b52df0e0577ae9a3dfcec99705ca147a", "price_changes": [{"asset_id": "70936298580496968012143250550519437493744110105013978606039432666864517630305", "price": "0.47", "size": "224", "side": "BUY", "hash": "e1202b2942eadd7d05ef29af87474745ce09f0c2", "best_bid": "0.49", "best_ask": "0.5"}, {"asset_id": "71630912785189607806265217671981200237573227101848641546765594286795916491426", "price": "0.53", "size": "224", "side": "SELL", "hash": "ba5ac51b7323282473bf86d8844e8dd476dfb3ee", "best_bid": "0.5", "best_ask": "0.51"}], "timestamp": "1769384697902", "event_type": "price_change"}}
{"_local_timestamp": "2026-01-25T23:45:00.083849+00:00", "data": {"market": "0x78fad93c8b41a222b40dbc440d492a97b52df0e0577ae9a3dfcec99705ca147a", "price_changes": [{"asset_id": "70936298580496968012143250550519437493744110105013978606039432666864517630305", "price": "0.36", "size": "248.11", "side": "BUY", "hash": "36939c3dd35712b232014c60888c0a3191e15f18", "best_bid": "0.49", "best_ask": "0.5"}, {"asset_id": "71630912785189607806265217671981200237573227101848641546765594286795916491426", "price": "0.64", "size": "248.11", "side": "SELL", "hash": "f95cfa0bdbe629701ab79497cc87cf81d127377d", "best_bid": "0.5", "best_ask": "0.51"}], "timestamp": "1769384700004", "event_type": "price_change"}}
{"_local_timestamp": "2026-01-25T23:45:00.796568+00:00", "data": {"market": "0x78fad93c8b41a222b40dbc440d492a97b52df0e0577ae9a3dfcec99705ca147a", "price_changes": [{"asset_id": "71630912785189607806265217671981200237573227101848641546765594286795916491426", "price": "0.15", "size": "275", "side": "BUY", "hash": "9a8fd270866a3bc98462dc42cb8ce2d754cf0df1", "best_bid": "0.5", "best_ask": "0.51"}, {"asset_id": "70936298580496968012143250550519437493744110105013978606039432666864517630305", "price": "0.85", "size": "275", "side": "SELL", "hash": "7c0e95bcfd2c0c0bd75e54304fcd42074ccef63a", "best_bid": "0.49", "best_ask": "0.5"}], "timestamp": "1769384700715", "event_type": "price_change"}}
{"_local_timestamp": "2026-01-25T23:45:01.411794+00:00", "data": {"market": "0x78fad93c8b41a222b40dbc440d492a97b52df0e0577ae9a3dfcec99705ca147a", "price_changes": [{"asset_id": "71630912785189607806265217671981200237573227101848641546765594286795916491426", "price": "0.16", "size": "3086.5", "side": "BUY", "hash": "9def8821528c31a7be481ed2d75458f73cb9c0c5", "best_bid": "0.5", "best_ask": "0.51"}, {"asset_id": "70936298580496968012143250550519437493744110105013978606039432666864517630305", "price": "0.84", "size": "3086.5", "side": "SELL", "hash": "fe07f779d664100a21650082a0a55ef7f160cb25", "best_bid": "0.49", "best_ask": "0.5"}], "timestamp": "1769384701083", "event_type": "price_change"}}
{"_local_timestamp": "2026-01-25T23:45:03.539782+00:00", "data": {"market": "0x78fad93c8b41a222b40dbc440d492a97b52df0e0577ae9a3dfcec99705ca147a", "price_changes": [{"asset_id": "70936298580496968012143250550519437493744110105013978606039432666864517630305", "price": "0.36", "size": "259.11", "side": "BUY", "hash": "d307c98a1906e47402519b3bd0873f6d8e8940b0", "best_bid": "0.49", "best_ask": "0.5"}, {"asset_id": "71630912785189607806265217671981200237573227101848641546765594286795916491426", "price": "0.64", "size": "259.11", "side": "SELL", "hash": "6c9aa2cfe1c2d610a8103ded4ae58b054fb126fc", "best_bid": "0.5", "best_ask": "0.51"}], "timestamp": "1769384703474", "event_type": "price_change"}}
{"_local_timestamp": "2026-01-25T23:45:05.099280+00:00", "data": {"market": "0x78fad93c8b41a222b40dbc440d492a97b52df0e0577ae9a3dfcec99705ca147a", "price_changes": [{"asset_id": "70936298580496968012143250550519437493744110105013978606039432666864517630305", "price": "0.36", "size": "248.11", "side": "BUY", "hash": "eda752e2a9579a163acd2726d010d83403211d35", "best_bid": "0.49", "best_ask": "0.5"}, {"asset_id": "71630912785189607806265217671981200237573227101848641546765594286795916491426", "price": "0.64", "size": "248.11", "side": "SELL", "hash": "b8b61a69e4fb5bf993dafa4424d4b17072d31ac5", "best_bid": "0.5", "best_ask": "0.51"}], "timestamp": "1769384705005", "event_type": "price_change"}}
{"_local_timestamp": "2026-01-25T23:45:05.709721+00:00", "data": {"market": "0x78fad93c8b41a222b40dbc440d492a97b52df0e0577ae9a3dfcec99705ca147a", "price_changes": [{"asset_id": "70936298580496968012143250550519437493744110105013978606039432666864517630305", "price": "0.5", "size": "33.33", "side": "SELL", "hash": "a9e757cf0e556226d0ba871ad92f107687fe73a4", "best_bid": "0.49", "best_ask": "0.5"}, {"asset_id": "71630912785189607806265217671981200237573227101848641546765594286795916491426", "price": "0.5", "size": "33.33", "side": "BUY", "hash": "d3f2e41e04dcc41fa4f688983bd6cfd1bf0d4640", "best_bid": "0.5", "best_ask": "0.51"}], "timestamp": "1769384705634", "event_type": "price_change"}}
{"_local_timestamp": "2026-01-25T23:45:08.541856+00:00", "data": {"market": "0x78fad93c8b41a222b40dbc440d492a97b52df0e0577ae9a3dfcec99705ca147a", "price_changes": [{"asset_id": "70936298580496968012143250550519437493744110105013978606039432666864517630305", "price": "0.36", "size": "259.11", "side": "BUY", "hash": "896c4158ea492bbec6f7e74e1fd5e68612c7eaae", "best_bid": "0.49", "best_ask": "0.5"}, {"asset_id": "71630912785189607806265217671981200237573227101848641546765594286795916491426", "price": "0.64", "size": "259.11", "side": "SELL", "hash": "59d2bab7b9072b5612eef22b72dc8858a9b48c96", "best_bid": "0.5", "best_ask": "0.51"}], "timestamp": "1769384708468", "event_type": "price_change"}}
{"_local_timestamp": "2026-01-25T23:45:23.843232+00:00", "data": {"market": "0x78fad93c8b41a222b40dbc440d492a97b52df0e0577ae9a3dfcec99705ca147a", "price_changes": [{"asset_id": "71630912785189607806265217671981200237573227101848641546765594286795916491426", "price": "0.15", "size": "225", "side": "BUY", "hash": "c13ec53534594da1049095f55a1f7baac4ab4988", "best_bid": "0.5", "best_ask": "0.51"}, {"asset_id": "70936298580496968012143250550519437493744110105013978606039432666864517630305", "price": "0.85", "size": "225", "side": "SELL", "hash": "0180e71c00b20b1c6be87c6742831243226eeabf", "best_bid": "0.49", "best_ask": "0.5"}], "timestamp": "1769384723757", "event_type": "price_change"}}
{"_local_timestamp": "2026-01-25T23:45:24.122547+00:00", "data": {"market": "0x78fad93c8b41a222b40dbc440d492a97b52df0e0577ae9a3dfcec99705ca147a", "price_changes": [{"asset_id": "71630912785189607806265217671981200237573227101848641546765594286795916491426", "price": "0.16", "size": "3136.5", "side": "BUY", "hash": "1427a8a8c97a1a9bf978c1cc9deaec5b475e6e98", "best_bid": "0.5", "best_ask": "0.51"}, {"asset_id": "70936298580496968012143250550519437493744110105013978606039432666864517630305", "price": "0.84", "size": "3136.5", "side": "SELL", "hash": "54b808280f2dfb1fe9f3f5408aeb57a67429a690", "best_bid": "0.49", "best_ask": "0.5"}], "timestamp": "1769384724046", "event_type": "price_change"}}
{"_local_timestamp": "2026-01-25T23:45:28.412923+00:00", "data": {"market": "0x78fad93c8b41a222b40dbc440d492a97b52df0e0577ae9a3dfcec99705ca147a", "price_changes": [{"asset_id": "70936298580496968012143250550519437493744110105013978606039432666864517630305", "price": "0.49", "size": "15.6", "side": "BUY", "hash": "f5478cd0ec0c3601d00cc2d5ca39cee4dcd2b07e", "best_bid": "0.49", "best_ask": "0.5"}, {"asset_id": "71630912785189607806265217671981200237573227101848641546765594286795916491426", "price": "0.51", "size": "15.6", "side": "SELL", "hash": "43d57685135927c4575054761b8b4489fd3f3b62", "best_bid": "0.5", "best_ask": "0.51"}], "timestamp": "1769384728336", "event_type": "price_change"}}
{"_local_timestamp": "2026-01-25T23:45:28.413841+00:00", "data": {"market": "0x78fad93c8b41a222b40dbc440d492a97b52df0e0577ae9a3dfcec99705ca147a", "asset_id": "70936298580496968012143250550519437493744110105013978606039432666864517630305", "bids": [{"price": "0.01", "size": "10085"}, {"price": "0.02", "size": "5000"}, {"price": "0.03", "size": "333"}, {"price": "0.04", "size": "250"}, {"price": "0.05", "size": "840"}, {"price": "0.06", "size": "40"}, {"price": "0.07", "size": "39"}, {"price": "0.08", "size": "963"}, {"price": "0.09", "size": "37"}, {"price": "0.1", "size": "1386.01"}, {"price": "0.11", "size": "353.18"}, {"price": "0.12", "size": "5047.08"}, {"price": "0.13", "size": "1248.38"}, {"price": "0.14", "size": "2998"}, {"price": "0.15", "size": "193.34"}, {"price": "0.16", "size": "793.75"}, {"price": "0.17", "size": "180"}, {"price": "0.18", "size": "157.77"}, {"price": "0.2", "size": "160"}, {"price": "0.21", "size": "100"}, {"price": "0.26", "size": "193.87"}, {"price": "0.27", "size": "841"}, {"price": "0.3", "size": "150"}, {"price": "0.31", "size": "368"}, {"price": "0.32", "size": "6"}, {"price": "0.35", "size": "222.94"}, {"price": "0.36", "size": "259.11"}, {"price": "0.37", "size": "76"}, {"price": "0.38", "size": "6"}, {"price": "0.44", "size": "1073.81"}, {"price": "0.45", "size": "16"}, {"price": "0.46", "size": "516"}, {"price": "0.47", "size": "224"}, {"price": "0.48", "size": "105"}, {"price": "0.49", "size": "15.6"}], "asks": [{"price": "0.99", "size": "8387.44"}, {"price": "0.98", "size": "1249.81"}, {"price": "0.97", "size": "145"}, {"price": "0.96", "size": "2005.16"}, {"price": "0.95", "size": "740"}, {"price": "0.94", "size": "73.68"}, {"price": "0.92", "size": "425"}, {"price": "0.91", "size": "2776"}, {"price": "0.9", "size": "6.42"}, {"price": "0.89", "size": "290.9"}, {"price": "0.87", "size": "1555"}, {"price": "0.86", "size": "200"}, {"price": "0.85", "size": "225"}, {"price": "0.84", "size": "3136.5"}, {"price": "0.81", "size": "126.31"}, {"price": "0.8", "size": "750"}, {"price": "0.79", "size": "535"}, {"price": "0.78", "size": "160.56"}, {"price": "0.77", "size": "80"}, {"price": "0.76", "size": "8"}, {"price": "0.65", "size": "5"}, {"price": "0.63", "size": "200"}, {"price": "0.62", "size": "200"}, {"price": "0.61", "size": "93.39"}, {"price": "0.6", "size": "28"}, {"price": "0.59", "size": "86.33"}, {"price": "0.58", "size": "26.21"}, {"price": "0.56", "size": "86.33"}, {"price": "0.55", "size": "151.79"}, {"price": "0.54", "size": "30"}, {"price": "0.51", "size": "200"}, {"price": "0.5", "size": "33.33"}], "hash": "f5478cd0ec0c3601d00cc2d5ca39cee4dcd2b07e", "timestamp": "1769384728336", "event_type": "book"}}
{"_local_timestamp": "2026-01-25T23:45:28.414633+00:00", "data": {"market": "0x78fad93c8b41a222b40dbc440d492a97b52df0e0577ae9a3dfcec99705ca147a", "asset_id": "71630912785189607806265217671981200237573227101848641546765594286795916491426", "bids": [{"price": "0.01", "size": "8387.44"}, {"price": "0.02", "size": "1249.81"}, {"price": "0.03", "size": "145"}, {"price": "0.04", "size": "2005.16"}, {"price": "0.05", "size": "740"}, {"price": "0.06", "size": "73.68"}, {"price": "0.08", "size": "425"}, {"price": "0.09", "size": "2776"}, {"price": "0.1", "size": "6.42"}, {"price": "0.11", "size": "290.9"}, {"price": "0.13", "size": "1555"}, {"price": "0.14", "size": "200"}, {"price": "0.15", "size": "225"}, {"price": "0.16", "size": "3136.5"}, {"price": "0.19", "size": "126.31"}, {"price": "0.2", "size": "750"}, {"price": "0.21", "size": "535"}, {"price": "0.22", "size": "160.56"}, {"price": "0.23", "size": "80"}, {"price": "0.24", "size": "8"}, {"price": "0.35", "size": "5"}, {"price": "0.37", "size": "200"}, {"price": "0.38", "size": "200"}, {"price": "0.39", "size": "93.39"}, {"price": "0.4", "size": "28"}, {"price": "0.41", "size": "86.33"}, {"price": "0.42", "size": "26.21"}, {"price": "0.44", "size": "86.33"}, {"price": "0.45", "size": "151.79"}, {"price": "0.46", "size": "30"}, {"price": "0.49", "size": "200"}, {"price": "0.5", "size": "33.33"}], "asks": [{"price": "0.99", "size": "10085"}, {"price": "0.98", "size": "5000"}, {"price": "0.97", "size": "333"}, {"price": "0.96", "size": "250"}, {"price": "0.95", "size": "840"}, {"price": "0.94", "size": "40"}, {"price": "0.93", "size": "39"}, {"price": "0.92", "size": "963"}, {"price": "0.91", "size": "37"}, {"price": "0.9", "size": "1386.01"}, {"price": "0.89", "size": "353.18"}, {"price": "0.88", "size": "5047.08"}, {"price": "0.87", "size": "1248.38"}, {"price": "0.86", "size": "2998"}, {"price": "0.85", "size": "193.34"}, {"price": "0.84", "size": "793.75"}, {"price": "0.83", "size": "180"}, {"price": "0.82", "size": "157.77"}, {"price": "0.8", "size": "160"}, {"price": "0.79", "size": "100"}, {"price": "0.74", "size": "193.87"}, {"price": "0.73", "size": "841"}, {"price": "0.7", "size": "150"}, {"price": "0.69", "size": "368"}, {"price": "0.68", "size": "6"}, {"price": "0.65", "size": "222.94"}, {"price": "0.64", "size": "259.11"}, {"price": "0.63", "size": "76"}, {"price": "0.62", "size": "6"}, {"price": "0.56", "size": "1073.81"}, {"price": "0.55", "size": "16"}, {"price": "0.54", "size": "516"}, {"price": "0.53", "size": "224"}, {"price": "0.52", "size": "105"}, {"price": "0.51", "size": "15.6"}], "hash": "43d57685135927c4575054761b8b4489fd3f3b62", "timestamp": "1769384728336", "event_type": "book"}}
{"_local_timestamp": "2026-01-25T23:45:28.438145+00:00", "data": {"market": "0x78fad93c8b41a222b40dbc440d492a97b52df0e0577ae9a3dfcec99705ca147a", "asset_id": "71630912785189607806265217671981200237573227101848641546765594286795916491426", "price": "0.51", "size": "1.960783", "fee_rate_bps": "0", "side": "BUY", "timestamp": "1769384728364", "event_type": "last_trade_price", "transaction_hash": "0x75e0cc53aacafb9cd5502382f83ae3c374094dc51cbbc808aad110b3ad86aed9"}}
{"_local_timestamp": "2026-01-25T23:45:38.947762+00:00", "data": {"market": "0x78fad93c8b41a222b40dbc440d492a97b52df0e0577ae9a3dfcec99705ca147a", "price_changes": [{"asset_id": "71630912785189607806265217671981200237573227101848641546765594286795916491426", "price": "0.2", "size": "600", "side": "BUY", "hash": "d813f2d5e88a1483f064f318c39b6a716e3ff8f7", "best_bid": "0.5", "best_ask": "0.51"}, {"asset_id": "70936298580496968012143250550519437493744110105013978606039432666864517630305", "price": "0.8", "size": "600", "side": "SELL", "hash": "a5a2addc6e767d80cfffc3131a1d780cbc357008", "best_bid": "0.49", "best_ask": "0.5"}], "timestamp": "1769384738822", "event_type": "price_change"}}
{"_local_timestamp": "2026-01-25T23:45:38.948375+00:00", "data": {"market": "0x78fad93c8b41a222b40dbc440d492a97b52df0e0577ae9a3dfcec99705ca147a", "price_changes": [{"asset_id": "71630912785189607806265217671981200237573227101848641546765594286795916491426", "price": "0.15", "size": "0", "side": "BUY", "hash": "d813f2d5e88a1483f064f318c39b6a716e3ff8f7", "best_bid": "0.5", "best_ask": "0.51"}, {"asset_id": "70936298580496968012143250550519437493744110105013978606039432666864517630305", "price": "0.85", "size": "0", "side": "SELL", "hash": "a5a2addc6e767d80cfffc3131a1d780cbc357008", "best_bid": "0.49", "best_ask": "0.5"}], "timestamp": "1769384738822", "event_type": "price_change"}}
{"_local_timestamp": "2026-01-25T23:45:39.194574+00:00", "data": {"market": "0x78fad93c8b41a222b40dbc440d492a97b52df0e0577ae9a3dfcec99705ca147a", "price_changes": [{"asset_id": "71630912785189607806265217671981200237573227101848641546765594286795916491426", "price": "0.13", "size": "1780", "side": "BUY", "hash": "55c39c22db296f96fb41cdf595488e1fc71935f3", "best_bid": "0.5", "best_ask": "0.51"}, {"asset_id": "70936298580496968012143250550519437493744110105013978606039432666864517630305", "price": "0.87", "size": "1780", "side": "SELL", "hash": "5fac9c7a5743a871e6346d736f02e60cc67af3d1", "best_bid": "0.49", "best_ask": "0.5"}], "timestamp": "1769384739078", "event_type": "price_change"}}
{"_local_timestamp": "2026-01-25T23:45:39.217439+00:00", "data": {"market": "0x78fad93c8b41a222b40dbc440d492a97b52df0e0577ae9a3dfcec99705ca147a", "price_changes": [{"asset_id": "71630912785189607806265217671981200237573227101848641546765594286795916491426", "price": "0.16", "size": "3286.5", "side": "BUY", "hash": "a476d109cd4b5652292fea3a08a8e0c4f6ca1467", "best_bid": "0.5", "best_ask": "0.51"}, {"asset_id": "70936298580496968012143250550519437493744110105013978606039432666864517630305", "price": "0.84", "size": "3286.5", "side": "SELL", "hash": "cdcb6bca3ab6afa9e316bf5bc9380b4a56583a15", "best_bid": "0.49", "best_ask": "0.5"}], "timestamp": "1769384739091", "event_type": "price_change"}}
{"_local_timestamp": "2026-01-25T23:45:53.136575+00:00", "data": {"market": "0x78fad93c8b41a222b40dbc440d492a97b52df0e0577ae9a3dfcec99705ca147a", "price_changes": [{"asset_id": "71630912785189607806265217671981200237573227101848641546765594286795916491426", "price": "0.13", "size": "1655", "side": "BUY", "hash": "680a11f2496ff6ec95b655dec694e9572fba4e59", "best_bid": "0.5", "best_ask": "0.51"}, {"asset_id": "70936298580496968012143250550519437493744110105013978606039432666864517630305", "price": "0.87", "size": "1655", "side": "SELL", "hash": "51ee12946f4be4c8555385c65f0a19ba23f3d70e", "best_bid": "0.49", "best_ask": "0.5"}], "timestamp": "1769384753004", "event_type": "price_change"}}
{"_local_timestamp": "2026-01-25T23:45:53.137164+00:00", "data": {"market": "0x78fad93c8b41a222b40dbc440d492a97b52df0e0577ae9a3dfcec99705ca147a", "price_changes": [{"asset_id": "71630912785189607806265217671981200237573227101848641546765594286795916491426", "price": "0.16", "size": "3186.5", "side": "BUY", "hash": "680a11f2496ff6ec95b655dec694e9572fba4e59", "best_bid": "0.5", "best_ask": "0.51"}, {"asset_id": "70936298580496968012143250550519437493744110105013978606039432666864517630305", "price": "0.84", "size": "3186.5", "side": "SELL", "hash": "51ee12946f4be4c8555385c65f0a19ba23f3d70e", "best_bid": "0.49", "best_ask": "0.5"}], "timestamp": "1769384753004", "event_type": "price_change"}}
{"_local_timestamp": "2026-01-25T23:45:53.670642+00:00", "data": {"market": "0x78fad93c8b41a222b40dbc440d492a97b52df0e0577ae9a3dfcec99705ca147a", "price_changes": [{"asset_id": "71630912785189607806265217671981200237573227101848641546765594286795916491426", "price": "0.15", "size": "125", "side": "BUY", "hash": "e58b3a0536b955abb9348c278b86182257253633", "best_bid": "0.5", "best_ask": "0.51"}, {"asset_id": "70936298580496968012143250550519437493744110105013978606039432666864517630305", "price": "0.85", "size": "125", "side": "SELL", "hash": "aa87c7ac0976df76c2a5aaaf3eda77795dec2c76", "best_bid": "0.49", "best_ask": "0.5"}], "timestamp": "1769384753519", "event_type": "price_change"}}
{"_local_timestamp": "2026-01-25T23:45:53.755254+00:00", "data": {"market": "0x78fad93c8b41a222b40dbc440d492a97b52df0e0577ae9a3dfcec99705ca147a", "price_changes": [{"asset_id": "71630912785189607806265217671981200237573227101848641546765594286795916491426", "price": "0.2", "size": "700", "side": "BUY", "hash": "9e592b790691e400581415dcda7e516b88c4b00f", "best_bid": "0.5", "best_ask": "0.51"}, {"asset_id": "70936298580496968012143250550519437493744110105013978606039432666864517630305", "price": "0.8", "size": "700", "side": "SELL", "hash": "e41f0082c55831d3c23f42eabe6820ace4fe9c4d", "best_bid": "0.49", "best_ask": "0.5"}], "timestamp": "1769384753553", "event_type": "price_change"}}
{"_local_timestamp": "2026-01-25T23:45:53.948949+00:00", "data": {"market": "0x78fad93c8b41a222b40dbc440d492a97b52df0e0577ae9a3dfcec99705ca147a", "price_changes": [{"asset_id": "70936298580496968012143250550519437493744110105013978606039432666864517630305", "price": "0.31", "size": "355", "side": "BUY", "hash": "ea406de8e110595033af8a6ed731c8554cb48921", "best_bid": "0.49", "best_ask": "0.5"}, {"asset_id": "71630912785189607806265217671981200237573227101848641546765594286795916491426", "price": "0.69", "size": "355", "side": "SELL", "hash": "3b79f5d3147cfe58710b96d60a7557e82b4dad49", "best_bid": "0.5", "best_ask": "0.51"}], "timestamp": "1769384753885", "event_type": "price_change"}}
{"_local_timestamp": "2026-01-25T23:45:53.949537+00:00", "data": {"market": "0x78fad93c8b41a222b40dbc440d492a97b52df0e0577ae9a3dfcec99705ca147a", "price_changes": [{"asset_id": "70936298580496968012143250550519437493744110105013978606039432666864517630305", "price": "0.27", "size": "812", "side": "BUY", "hash": "ea406de8e110595033af8a6ed731c8554cb48921", "best_bid": "0.49", "best_ask": "0.5"}, {"asset_id": "71630912785189607806265217671981200237573227101848641546765594286795916491426", "price": "0.73", "size": "812", "side": "SELL", "hash": "3b79f5d3147cfe58710b96d60a7557e82b4dad49", "best_bid": "0.5", "best_ask": "0.51"}], "timestamp": "1769384753885", "event_type": "price_change"}}
{"_local_timestamp": "2026-01-25T23:45:53.950049+00:00", "data": {"market": "0x78fad93c8b41a222b40dbc440d492a97b52df0e0577ae9a3dfcec99705ca147a", "price_changes": [{"asset_id": "70936298580496968012143250550519437493744110105013978606039432666864517630305", "price": "0.36", "size": "248.11", "side": "BUY", "hash": "ea406de8e110595033af8a6ed731c8554cb48921", "best_bid": "0.49", "best_ask": "0.5"}, {"asset_id": "71630912785189607806265217671981200237573227101848641546765594286795916491426", "price": "0.64", "size": "248.11", "side": "SELL", "hash": "3b79f5d3147cfe58710b96d60a7557e82b4dad49", "best_bid": "0.5", "best_ask": "0.51"}], "timestamp": "1769384753885", "event_type": "price_change"}}
{"_local_timestamp": "2026-01-25T23:45:54.013408+00:00", "data": {"market": "0x78fad93c8b41a222b40dbc440d492a97b52df0e0577ae9a3dfcec99705ca147a", "price_changes": [{"asset_id": "70936298580496968012143250550519437493744110105013978606039432666864517630305", "price": "0.36", "size": "256.11", "side": "BUY", "hash": "ad1bd8501136fb30a918326651d9cbaca9aff7ed", "best_bid": "0.49", "best_ask": "0.5"}, {"asset_id": "71630912785189607806265217671981200237573227101848641546765594286795916491426", "price": "0.64", "size": "256.11", "side": "SELL", "hash": "581b8732a664503aef00b287ba3c4ff3a46b1919", "best_bid": "0.5", "best_ask": "0.51"}], "timestamp": "1769384753945", "event_type": "price_change"}}
{"_local_timestamp": "2026-01-25T23:45:54.014000+00:00", "data": {"market": "0x78fad93c8b41a222b40dbc440d492a97b52df0e0577ae9a3dfcec99705ca147a", "price_changes": [{"asset_id": "70936298580496968012143250550519437493744110105013978606039432666864517630305", "price": "0.27", "size": "826", "side": "BUY", "hash": "40f9db475b34b7db6900c642c67d686b8b3f8238", "best_bid": "0.49", "best_ask": "0.5"}, {"asset_id": "71630912785189607806265217671981200237573227101848641546765594286795916491426", "price": "0.73", "size": "826", "side": "SELL", "hash": "5c652af89a86f56b16e4abce0d53450ce096dc8f", "best_bid": "0.5", "best_ask": "0.51"}], "timestamp": "1769384753946", "event_type": "price_change"}}
{"_local_timestamp": "2026-01-25T23:45:54.014510+00:00", "data": {"market": "0x78fad93c8b41a222b40dbc440d492a97b52df0e0577ae9a3dfcec99705ca147a", "price_changes": [{"asset_id": "70936298580496968012143250550519437493744110105013978606039432666864517630305", "price": "0.31", "size": "362", "side": "BUY", "hash": "9e48e0a72f5bcc8e189753ad722dfc7a1e78399a", "best_bid": "0.49", "best_ask": "0.5"}, {"asset_id": "71630912785189607806265217671981200237573227101848641546765594286795916491426", "price": "0.69", "size": "362", "side": "SELL", "hash": "ef8ee24e5fd303f7c94e83d0cd690f8ee3f5d8a0", "best_bid": "0.5", "best_ask": "0.51"}], "timestamp": "1769384753947", "event_type": "price_change"}}
