{"_local_timestamp": "2026-01-25T23:41:23.533868+00:00", "data": [{"market": "0x78fad93c8b41a222b40dbc440d492a97b52df0e0577ae9a3dfcec99705ca147a", "asset_id": "70936298580496968012143250550519437493744110105013978606039432666864517630305", "timestamp": "1769384456065", "hash": "bb5ad98d4a12cacccdb73e5c0611f71776171707", "bids": [{"price": "0.01", "size": "10144.8"}, {"price": "0.02", "size": "5005.46"}, {"price": "0.03", "size": "333"}, {"price": "0.04", "size": "257.32"}, {"price": "0.05", "size": "840"}, {"price": "0.06", "size": "40"}, {"price": "0.07", "size": "39"}, {"price": "0.08", "size": "963"}, {"price": "0.09", "size": "37"}, {"price": "0.1", "size": "1386.01"}, {"price": "0.11", "size": "353.18"}, {"price": "0.12", "size": "5047.08"}, {"price": "0.13", "size": "1248.38"}, {"price": "0.14", "size": "2998"}, {"price": "0.15", "size": "193.34"}, {"price": "0.16", "size": "693.75"}, {"price": "0.17", "size": "180"}, {"price": "0.18", "size": "157.77"}, {"price": "0.2", "size": "260"}, {"price": "0.21", "size": "200"}, {"price": "0.26", "size": "193.87"}, {"price": "0.27", "size": "841"}, {"price": "0.3", "size": "150"}, {"price": "0.31", "size": "368"}, {"price": "0.32", "size": "6"}, {"price": "0.35", "size": "222.94"}, {"price": "0.36", "size": "259.11"}, {"price": "0.37", "size": "76"}, {"price": "0.38", "size": "6"}, {"price": "0.44", "size": "1073.81"}, {"price": "0.45", "size": "16"}, {"price": "0.46", "size": "482.66"}, {"price": "0.47", "size": "124"}, {"price": "0.48", "size": "71.66"}, {"price": "0.49", "size": "79.62"}], "asks": [{"price": "0.99", "size": "8387.44"}, {"price": "0.98", "size": "1249.81"}, {"price": "0.97", "size": "145"}, {"price": "0.96", "size": "2005.16"}, {"price": "0.95", "size": "740"}, {"price": "0.94", "size": "73.68"}, {"price": "0.92", "size": "425"}, {"price": "0.91", "size": "2776"}, {"price": "0.9", "size": "6.42"}, {"price": "0.89", "size": "290.9"}, {"price": "0.87", "size": "1655"}, {"price": "0.86", "size": "200"}, {"price": "0.85", "size": "125"}, {"price": "0.84", "size": "3186.5"}, {"price": "0.81", "size": "126.31"}, {"price": "0.8", "size": "700"}, {"price": "0.79", "size": "635"}, {"price": "0.78", "size": "160.56"}, {"price": "0.77", "size": "80"}, {"price": "0.76", "size": "8"}, {"price": "0.65", "size": "5"}, {"price": "0.63", "size": "200"}, {"price": "0.62", "size": "200"}, {"price": "0.61", "size": "93.39"}, {"price": "0.6", "size": "28"}, {"price": "0.59", "size": "86.33"}, {"price": "0.58", "size": "26.21"}, {"price": "0.56", "size": "86.33"}, {"price": "0.55", "size": "151.79"}, {"price": "0.53", "size": "30"}, {"price": "0.51", "size": "200"}, {"price": "0.5", "size": "11.06"}], "event_type": "book", "last_trade_price": "0.490"}, {"market": "0x78fad93c8b41a222b40dbc440d492a97b52df0e0577ae9a3dfcec99705ca147a", "asset_id": "71630912785189607806265217671981200237573227101848641546765594286795916491426", "timestamp": "1769384456065", "hash": "9a6fe46c88eb67f30d1190f425a764d523e7cdd6", "bids": [{"price": "0.01", "size": "8387.44"}, {"price": "0.02", "size": "1249.81"}, {"price": "0.03", "size": "145"}, {"price": "0.04", "size": "2005.16"}, {"price": "0.05", "size": "740"}, {"price": "0.06", "size": "73.68"}, {"price": "0.08", "size": "425"}, {"price": "0.09", "size": "2776"}, {"price": "0.1", "size": "6.42"}, {"price": "0.11", "size": "290.9"}, {"price": "0.13", "size": "1655"}, {"price": "0.14", "size": "200"}, {"price": "0.15", "size": "125"}, {"price": "0.16", "size": "3186.5"}, {"price": "0.19", "size": "126.31"}, {"price": "0.2", "size": "700"}, {"price": "0.21", "size": "635"}, {"price": "0.22", "size": "160.56"}, {"price": "0.23", "size": "80"}, {"price": "0.24", "size": "8"}, {"price": "0.35", "size": "5"}, {"price": "0.37", "size": "200"}, {"price": "0.38", "size": "200"}, {"price": "0.39", "size": "93.39"}, {"price": "0.4", "size": "28"}, {"price": "0.41", "size": "86.33"}, {"price": "0.42", "size": "26.21"}, {"price": "0.44", "size": "86.33"}, {"price": "0.45", "size": "151.79"}, {"price": "0.47", "size": "30"}, {"price": "0.49", "size": "200"}, {"price": "0.5", "size": "11.06"}], "asks": [{"price": "0.99", "size": "10144.8"}, {"price": "0.98", "size": "5005.46"}, {"price": "0.97", "size": "333"}, {"price": "0.96", "size": "257.32"}, {"price": "0.95", "size": "840"}, {"price": "0.94", "size": "40"}, {"price": "0.93", "size": "39"}, {"price": "0.92", "size": "963"}, {"price": "0.91", "size": "37"}, {"price": "0.9", "size": "1386.01"}, {"price": "0.89", "size": "353.18"}, {"price": "0.88", "size": "5047.08"}, {"price": "0.87", "size": "1248.38"}, {"price": "0.86", "size": "2998"}, {"price": "0.85", "size": "193.34"}, {"price": "0.84", "size": "693.75"}, {"price": "0.83", "size": "180"}, {"price": "0.82", "size": "157.77"}, {"price": "0.8", "size": "260"}, {"price": "0.79", "size": "200"}, {"price": "0.74", "size": "193.87"}, {"price": "0.73", "size": "841"}, {"price": "0.7", "size": "150"}, {"price": "0.69", "size": "368"}, {"price": "0.68", "size": "6"}, {"price": "0.65", "size": "222.94"}, {"price": "0.64", "size": "259.11"}, {"price": "0.63", "size": "76"}, {"price": "0.62", "size": "6"}, {"price": "0.56", "size": "1073.81"}, {"price": "0.55", "size": "16"}, {"price": "0.54", "size": "482.66"}, {"price": "0.53", "size": "124"}, {"price": "0.52", "size": "71.66"}, {"price": "0.51", "size": "79.62"}], "event_type": "book", "last_trade_price": "0.490"}]}
{"_local_timestamp": "2026-01-25T23:41:50.658824+00:00", "data": {"market": "0x78fad93c8b41a222b40dbc440d492a97b52df0e0577ae9a3dfcec99705ca147a", "price_changes": [{"asset_id": "71630912785189607806265217671981200237573227101848641546765594286795916491426", "price": "0.16", "size": "3036.5", "side": "BUY", "hash": "89e214bc0568591861b5e78ae00eb6cc40235f0e", "best_bid": "0.5", "best_ask": "0.51"}, {"asset_id": "70936298580496968012143250550519437493744110105013978606039432666864517630305", "price": "0.84", "size": "3036.5", "side": "SELL", "hash": "3ec2646bf94174a3221b6c8fa0b0360353686953", "best_bid": "0.49", "best_ask": "0.5"}], "timestamp": "1769384510567", "event_type": "price_change"}}
{"_local_timestamp": "2026-01-25T23:41:50.682529+00:00", "data": {"market": "0x78fad93c8b41a222b40dbc440d492a97b52df0e0577ae9a3dfcec99705ca147a", "price_changes": [{"asset_id": "70936298580496968012143250550519437493744110105013978606039432666864517630305", "price": "0.53", "size": "0", "side": "SELL", "hash": "70bf6684375a2fc8337b3e2000e2d30eb495bc5a", "best_bid": "0.49", "best_ask": "0.5"}, {"asset_id": "71630912785189607806265217671981200237573227101848641546765594286795916491426", "price": "0.47", "size": "0", "side": "BUY", "hash": "ca8e7d4992011c1df52aec978c74f62b5df23a44", "best_bid": "0.5", "best_ask": "0.51"}], "timestamp": "1769384510593", "event_type": "price_change"}}
{"_local_timestamp": "2026-01-25T23:41:50.691595+00:00", "data": {"market": "0x78fad93c8b41a222b40dbc440d492a97b52df0e0577ae9a3dfcec99705ca147a", "price_changes": [{"asset_id": "70936298580496968012143250550519437493744110105013978606039432666864517630305", "price": "0.55", "size": "181.79", "side": "SELL", "hash": "15ee9174875537b575470ce71549dc79b373a7c4", "best_bid": "0.49", "best_ask": "0.5"}, {"asset_id": "71630912785189607806265217671981200237573227101848641546765594286795916491426", "price": "0.45", "size": "181.79", "side": "BUY", "hash": "943cbaf64069c8e23066eed54a6ee426310007f4", "best_bid": "0.5", "best_ask": "0.51"}], "timestamp": "1769384510620", "event_type": "price_change"}}
{"_local_timestamp": "2026-01-25T23:41:51.723403+00:00", "data": {"market": "0x78fad93c8b41a222b40dbc440d492a97b52df0e0577ae9a3dfcec99705ca147a", "price_changes": [{"asset_id": "70936298580496968012143250550519437493744110105013978606039432666864517630305", "price": "0.55", "size": "160", "side": "SELL", "hash": "8ea4fb521de521e024e470023ea3a66a6ce1036c", "best_bid": "0.49", "best_ask": "0.5"}, {"asset_id": "71630912785189607806265217671981200237573227101848641546765594286795916491426", "price": "0.45", "size": "160", "side": "BUY", "hash": "c3048689bbc0f8fb69b30a491731680b9d559eaf", "best_bid": "0.5", "best_ask": "0.51"}], "timestamp": "1769384511631", "event_type": "price_change"}}
{"_local_timestamp": "2026-01-25T23:41:52.494188+00:00", "data": {"market": "0x78fad93c8b41a222b40dbc440d492a97b52df0e0577ae9a3dfcec99705ca147a", "price_changes": [{"asset_id": "71630912785189607806265217671981200237573227101848641546765594286795916491426", "price": "0.2", "size": "850", "side": "BUY", "hash": "c698f3eab42ac9fb1d151d36dba60bbd479662af", "best_bid": "0.5", "best_ask": "0.51"}, {"asset_id": "70936298580496968012143250550519437493744110105013978606039432666864517630305", "price": "0.8", "size": "850", "side": "SELL", "hash": "6f7ae7612650a7990939ebf92bffecd41f942cf1", "best_bid": "0.49", "best_ask": "0.5"}], "timestamp": "1769384511754", "event_type": "price_change"}}
{"_local_timestamp": "2026-01-25T23:41:52.494642+00:00", "data": {"market": "0x78fad93c8b41a222b40dbc440d492a97b52df0e0577ae9a3dfcec99705ca147a", "price_changes": [{"asset_id": "71630912785189607806265217671981200237573227101848641546765594286795916491426", "price": "0.45", "size": "60", "side": "BUY", "hash": "77dcee2f37788dffe31aebf9c97e0941482f94a4", "best_bid": "0.5", "best_ask": "0.51"}, {"asset_id": "70936298580496968012143250550519437493744110105013978606039432666864517630305", "price": "0.55", "size": "60", "side": "SELL", "hash": "0f8d05c7af90a52a53e481165c6533a3fe56b7ab", "best_bid": "0.49", "best_ask": "0.5"}], "timestamp": "1769384512421", "event_type": "price_change"}}
{"_local_timestamp": "2026-01-25T23:41:52.494914+00:00", "data": {"market": "0x78fad93c8b41a222b40dbc440d492a97b52df0e0577ae9a3dfcec99705ca147a", "price_changes": [{"asset_id": "70936298580496968012143250550519437493744110105013978606039432666864517630305", "price": "0.54", "size": "21.79", "side": "SELL", "hash": "19046dc8b7938ef7f1cdfc7b7243fd2c629e1907", "best_bid": "0.49", "best_ask": "0.5"}, {"asset_id": "71630912785189607806265217671981200237573227101848641546765594286795916491426", "price": "0.46", "size": "21.79", "side": "BUY", "hash": "8e0c154f3df159095c86ca5e5f37a79805481035", "best_bid": "0.5", "best_ask": "0.51"}], "timestamp": "1769384512422", "event_type": "price_change"}}
{"_local_timestamp": "2026-01-25T23:41:53.517118+00:00", "data": {"market": "0x78fad93c8b41a222b40dbc440d492a97b52df0e0577ae9a3dfcec99705ca147a", "price_changes": [{"asset_id": "71630912785189607806265217671981200237573227101848641546765594286795916491426", "price": "0.46", "size": "121.79", "side": "BUY", "hash": "b5de34f1480c780d029ef493dac9d4d77fbb485c", "best_bid": "0.5", "best_ask": "0.51"}, {"asset_id": "70936298580496968012143250550519437493744110105013978606039432666864517630305", "price": "0.54", "size": "121.79", "side": "SELL", "hash": "1c55b9f53b6894d19e3353852e55c8ec55a27100", "best_bid": "0.49", "best_ask": "0.5"}], "timestamp": "1769384513447", "event_type": "price_change"}}
{"_local_timestamp": "2026-01-25T23:41:53.537143+00:00", "data": {"market": "0x78fad93c8b41a222b40dbc440d492a97b52df0e0577ae9a3dfcec99705ca147a", "price_changes": [{"asset_id": "70936298580496968012143250550519437493744110105013978606039432666864517630305", "price": "0.55", "size": "30", "side": "SELL", "hash": "9bdbfefdb8c129a7c0227b92fff9b383f2baed18", "best_bid": "0.49", "best_ask": "0.5"}, {"asset_id": "71630912785189607806265217671981200237573227101848641546765594286795916491426", "price": "0.45", "size": "30", "side": "BUY", "hash": "a860a19830cba8a5908f3bed6b7dca07515ffa91", "best_bid": "0.5", "best_ask": "0.51"}], "timestamp": "1769384513472", "event_type": "price_change"}}
{"_local_timestamp": "2026-01-25T23:41:53.537743+00:00", "data": {"market": "0x78fad93c8b41a222b40dbc440d492a97b52df0e0577ae9a3dfcec99705ca147a", "price_changes": [{"asset_id": "71630912785189607806265217671981200237573227101848641546765594286795916491426", "price": "0.53", "size": "0", "side": "SELL", "hash": "306ce89fd16f993314a9119f9d07e6d67daca1b5", "best_bid": "0.5", "best_ask": "0.51"}, {"asset_id": "70936298580496968012143250550519437493744110105013978606039432666864517630305", "price": "0.47", "size": "0", "side": "BUY", "hash": "a60763d20515423303e3fbd7f81e64b4bb0f7425", "best_bid": "0.49", "best_ask": "0.5"}], "timestamp": "1769384513472", "event_type": "price_change"}}
{"_local_timestamp": "2026-01-25T23:41:53.572263+00:00", "data": {"market": "0x78fad93c8b41a222b40dbc440d492a97b52df0e0577ae9a3dfcec99705ca147a", "price_changes": [{"asset_id": "70936298580496968012143250550519437493744110105013978606039432666864517630305", "price": "0.47", "size": "127", "side": "BUY", "hash": "91df05fe24b2a2665df05263d223ac8b0070f769", "best_bid": "0.49", "best_ask": "0.5"}, {"asset_id": "71630912785189607806265217671981200237573227101848641546765594286795916491426", "price": "0.53", "size": "127", "side": "SELL", "hash": "e0b52f52dad407c505251b02b0f0fdceaa848a78", "best_bid": "0.5", "best_ask": "0.51"}], "timestamp": "1769384513501", "event_type": "price_change"}}
{"_local_timestamp": "2026-01-25T23:41:53.572775+00:00", "data": {"market": "0x78fad93c8b41a222b40dbc440d492a97b52df0e0577ae9a3dfcec99705ca147a", "price_changes": [{"asset_id": "70936298580496968012143250550519437493744110105013978606039432666864517630305", "price": "0.56", "size": "116.33", "side": "SELL", "hash": "6164b4c139885a30c9e456281c9848b7439f35ed", "best_bid": "0.49", "best_ask": "0.5"}, {"asset_id": "71630912785189607806265217671981200237573227101848641546765594286795916491426", "price": "0.44", "size": "116.33", "side": "BUY", "hash": "e86549ddfbb4581675b7c2a33c630f43d7b68118", "best_bid": "0.5", "best_ask": "0.51"}], "timestamp": "1769384513502", "event_type": "price_change"}}
{"_local_timestamp": "2026-01-25T23:41:54.808282+00:00", "data": {"market": "0x78fad93c8b41a222b40dbc440d492a97b52df0e0577ae9a3dfcec99705ca147a", "price_changes": [{"asset_id": "70936298580496968012143250550519437493744110105013978606039432666864517630305", "price": "0.47", "size": "0", "side": "BUY", "hash": "8dc7bffe102e4b424cf11772339c6eb1118c4122", "best_bid": "0.49", "best_ask": "0.5"}, {"asset_id": "71630912785189607806265217671981200237573227101848641546765594286795916491426", "price": "0.53", "size": "0", "side": "SELL", "hash": "fa72a8208427fd300549c06f35dee91a747b8da8", "best_bid": "0.5", "best_ask": "0.51"}], "timestamp": "1769384514738", "event_type": "price_change"}}
{"_local_timestamp": "2026-01-25T23:41:54.809189+00:00", "data": {"market": "0x78fad93c8b41a222b40dbc440d492a97b52df0e0577ae9a3dfcec99705ca147a", "price_changes": [{"asset_id": "70936298580496968012143250550519437493744110105013978606039432666864517630305", "price": "0.56", "size": "86.33", "side": "SELL", "hash": "8dc7bffe102e4b424cf11772339c6eb1118c4122", "best_bid": "0.49", "best_ask": "0.5"}, {"asset_id": "71630912785189607806265217671981200237573227101848641546765594286795916491426", "price": "0.44", "size": "86.33", "side": "BUY", "hash": "fa72a8208427fd300549c06f35dee91a747b8da8", "best_bid": "0.5", "best_ask": "0.51"}], "timestamp": "1769384514738", "event_type": "price_change"}}
{"_local_timestamp": "2026-01-25T23:41:54.842683+00:00", "data": {"market": "0x78fad93c8b41a222b40dbc440d492a97b52df0e0577ae9a3dfcec99705ca147a", "price_changes": [{"asset_id": "71630912785189607806265217671981200237573227101848641546765594286795916491426", "price": "0.53", "size": "123", "side": "SELL", "hash": "17b50d1c3f632927bd571080e7d705279e0ee4d6", "best_bid": "0.5", "best_ask": "0.51"}, {"asset_id": "70936298580496968012143250550519437493744110105013978606039432666864517630305", "price": "0.47", "size": "123", "side": "BUY", "hash": "f0c94cdefce45bf936fe0df130bf9b390163206f", "best_bid": "0.49", "best_ask": "0.5"}], "timestamp": "1769384514773", "event_type": "price_change"}}
{"_local_timestamp": "2026-01-25T23:41:55.727148+00:00", "data": {"market": "0x78fad93c8b41a222b40dbc440d492a97b52df0e0577ae9a3dfcec99705ca147a", "price_changes": [{"asset_id": "70936298580496968012143250550519437493744110105013978606039432666864517630305", "price": "0.49", "size": "56.85", "side": "BUY", "hash": "aaee18d60967321b2009b16667326f91b0a49a3d", "best_bid": "0.49", "best_ask": "0.5"}, {"asset_id": "71630912785189607806265217671981200237573227101848641546765594286795916491426", "price": "0.51", "size": "56.85", "side": "SELL", "hash": "1c98ca550a87666504a35f167832fb207b94cd20", "best_bid": "0.5", "best_ask": "0.51"}], "timestamp": "1769384515654", "event_type": "price_change"}}
{"_local_timestamp": "2026-01-25T23:41:55.752346+00:00", "data": {"market": "0x78fad93c8b41a222b40dbc440d492a97b52df0e0577ae9a3dfcec99705ca147a", "price_changes": [{"asset_id": "70936298580496968012143250550519437493744110105013978606039432666864517630305", "price": "0.54", "size": "151.79", "side": "SELL", "hash": "79756d43c07e82165362a452283a1277fa2cb9ec", "best_bid": "0.49", "best_ask": "0.5"}, {"asset_id": "71630912785189607806265217671981200237573227101848641546765594286795916491426", "price": "0.46", "size": "151.79", "side": "BUY", "hash": "1cb114346e7f3ce07d083973087202fac134e13f", "best_bid": "0.5", "best_ask": "0.51"}], "timestamp": "1769384515682", "event_type": "price_change"}}
{"_local_timestamp": "2026-01-25T23:41:56.284895+00:00", "data": {"market": "0x78fad93c8b41a222b40dbc440d492a97b52df0e0577ae9a3dfcec99705ca147a", "price_changes": [{"asset_id": "71630912785189607806265217671981200237573227101848641546765594286795916491426", "price": "0.53", "size": "0", "side": "SELL", "hash": "bcf6ffbd368fc292a0caeec2cbf08f514e7c0f37", "best_bid": "0.5", "best_ask": "0.51"}, {"asset_id": "70936298580496968012143250550519437493744110105013978606039432666864517630305", "price": "0.47", "size": "0", "side": "BUY", "hash": "c6a418d6fe12d80b5e12d0dc170cb20ec55be4b0", "best_bid": "0.49", "best_ask": "0.5"}], "timestamp": "1769384516221", "event_type": "price_change"}}
{"_local_timestamp": "2026-01-25T23:41:56.315095+00:00", "data": {"market": "0x78fad93c8b41a222b40dbc440d492a97b52df0e0577ae9a3dfcec99705ca147a", "price_changes": [{"asset_id": "71630912785189607806265217671981200237573227101848641546765594286795916491426", "price": "0.53", "size": "124", "side": "SELL", "hash": "0acc757e9cee3e548f24e2474e4485c08899319b", "best_bid": "0.5", "best_ask": "0.51"}, {"asset_id": "70936298580496968012143250550519437493744110105013978606039432666864517630305", "price": "0.47", "size": "124", "side": "BUY", "hash": "873809b134dc46492633a26a138fbf054aa72c56", "best_bid": "0.49", "best_ask": "0.5"}], "timestamp": "1769384516249", "event_type": "price_change"}}
{"_local_timestamp": "2026-01-25T23:41:56.816051+00:00", "data": {"market": "0x78fad93c8b41a222b40dbc440d492a97b52df0e0577ae9a3dfcec99705ca147a", "price_changes": [{"asset_id": "70936298580496968012143250550519437493744110105013978606039432666864517630305", "price": "0.54", "size": "130", "side": "SELL", "hash": "3c6abacc028eff4228918d21acffbf65542ca2db", "best_bid": "0.49", "best_ask": "0.5"}, {"asset_id": "71630912785189607806265217671981200237573227101848641546765594286795916491426", "price": "0.46", "size": "130", "side": "BUY", "hash": "af92706a4e4d3f41993b203b74d5f826391f3453", "best_bid": "0.5", "best_ask": "0.51"}], "timestamp": "1769384516744", "event_type": "price_change"}}
{"_local_timestamp": "2026-01-25T23:41:57.264962+00:00", "data": {"market": "0x78fad93c8b41a222b40dbc440d492a97b52df0e0577ae9a3dfcec99705ca147a", "price_changes": [{"asset_id": "70936298580496968012143250550519437493744110105013978606039432666864517630305", "price": "0.55", "size": "51.79", "side": "SELL", "hash": "0b94f9a66410788e4df0e7470e71cadd349ebf05", "best_bid": "0.49", "best_ask": "0.5"}, {"asset_id": "71630912785189607806265217671981200237573227101848641546765594286795916491426", "price": "0.45", "size": "51.79", "side": "BUY", "hash": "4d83897f7d7bf17f339bcfbab891e339aa84a366", "best_bid": "0.5", "best_ask": "0.51"}], "timestamp": "1769384517193", "event_type": "price_change"}}
{"_local_timestamp": "2026-01-25T23:41:57.297783+00:00", "data": {"market": "0x78fad93c8b41a222b40dbc440d492a97b52df0e0577ae9a3dfcec99705ca147a", "price_changes": [{"asset_id": "71630912785189607806265217671981200237573227101848641546765594286795916491426", "price": "0.46", "size": "30", "side": "BUY", "hash": "14f5927a565ec377206768badc72a6729f8a2899", "best_bid": "0.5", "best_ask": "0.51"}, {"asset_id": "70936298580496968012143250550519437493744110105013978606039432666864517630305", "price": "0.54", "size": "30", "side": "SELL", "hash": "88ad3fcd1e56870e3065fbca56612fd8142ced44", "best_bid": "0.49", "best_ask": "0.5"}], "timestamp": "1769384517230", "event_type": "price_change"}}
{"_local_timestamp": "2026-01-25T23:41:58.107251+00:00", "data": {"market": "0x78fad93c8b41a222b40dbc440d492a97b52df0e0577ae9a3dfcec99705ca147a", "price_changes": [{"asset_id": "71630912785189607806265217671981200237573227101848641546765594286795916491426", "price": "0.45", "size": "151.79", "side": "BUY", "hash": "11bf9405821bffd9889e8a46084d1f5f255be13a", "best_bid": "0.5", "best_ask": "0.51"}, {"asset_id": "70936298580496968012143250550519437493744110105013978606039432666864517630305", "price": "0.55", "size": "151.79", "side": "SELL", "hash": "99d18e0f59e1fc23f71377c1ddf0775e40ce3a60", "best_bid": "0.49", "best_ask": "0.5"}], "timestamp": "1769384518019", "event_type": "price_change"}}
{"_local_timestamp": "2026-01-25T23:41:59.804811+00:00", "data": {"market": "0x78fad93c8b41a222b40dbc440d492a97b52df0e0577ae9a3dfcec99705ca147a", "price_changes": [{"asset_id": "70936298580496968012143250550519437493744110105013978606039432666864517630305", "price": "0.47", "size": "224", "side": "BUY", "hash": "3da2a3db23d1eb62f0008e824da2b23f4821022d", "best_bid": "0.49", "best_ask": "0.5"}, {"asset_id": "71630912785189607806265217671981200237573227101848641546765594286795916491426", "price": "0.53", "size": "224", "side": "SELL", "hash": "815666f091d86516101e905390b90fb78863439a", "best_bid": "0.5", "best_ask": "0.51"}], "timestamp": "1769384519735", "event_type": "price_change"}}
{"_local_timestamp": "2026-01-25T23:42:08.553659+00:00", "data": {"market": "0x78fad93c8b41a222b40dbc440d492a97b52df0e0577ae9a3dfcec99705ca147a", "price_changes": [{"asset_id": "70936298580496968012143250550519437493744110105013978606039432666864517630305", "price": "0.49", "size": "64.44", "side": "BUY", "hash": "536379659ddd25f4c3c76b251e4f3629de07a0d6", "best_bid": "0.49", "best_ask": "0.5"}, {"asset_id": "71630912785189607806265217671981200237573227101848641546765594286795916491426", "price": "0.51", "size": "64.44", "side": "SELL", "hash": "ea898163dd7936b640aae50bec5a5732358401e9", "best_bid": "0.5", "best_ask": "0.51"}], "timestamp": "1769384528484", "event_type": "price_change"}}
{"_local_timestamp": "2026-01-25T23:42:08.554205+00:00", "data": {"market": "0x78fad93c8b41a222b40dbc440d492a97b52df0e0577ae9a3dfcec99705ca147a", "price_changes": [{"asset_id": "70936298580496968012143250550519437493744110105013978606039432666864517630305", "price": "0.49", "size": "72.03", "side": "BUY", "hash": "aa2d2511b2f7c2b23778a75be919fb340479357f", "best_bid": "0.49", "best_ask": "0.5"}, {"asset_id": "71630912785189607806265217671981200237573227101848641546765594286795916491426", "price": "0.51", "size": "72.03", "side": "SELL", "hash": "4b21124ad9969b37f11c35dc36c51874c7cecedd", "best_bid": "0.5", "best_ask": "0.51"}], "timestamp": "1769384528484", "event_type": "price_change"}}
{"_local_timestamp": "2026-01-25T23:42:08.557151+00:00", "data": {"market": "0x78fad93c8b41a222b40dbc440d492a97b52df0e0577ae9a3dfcec99705ca147a", "price_changes": [{"asset_id": "70936298580496968012143250550519437493744110105013978606039432666864517630305", "price": "0.49", "size": "79.62", "side": "BUY", "hash": "5bfc60d57811eb0ed8e942ddd623403c765be38a", "best_bid": "0.49", "best_ask": "0.5"}, {"asset_id": "71630912785189607806265217671981200237573227101848641546765594286795916491426", "price": "0.51", "size": "79.62", "side": "SELL", "hash": "8a114112fcc93d88f3f3a0aa87e8c47314f4c71b", "best_bid": "0.5", "best_ask": "0.51"}], "timestamp": "1769384528485", "event_type": "price_change"}}
{"_local_timestamp": "2026-01-25T23:42:11.541871+00:00", "data": {"market": "0x78fad93c8b41a222b40dbc440d492a97b52df0e0577ae9a3dfcec99705ca147a", "price_changes": [{"asset_id": "70936298580496968012143250550519437493744110105013978606039432666864517630305", "price": "0.47", "size": "124", "side": "BUY", "hash": "db2a1e99698cad17dd31b9a88a66e706e6880cf8", "best_bid": "0.49", "best_ask": "0.5"}, {"asset_id": "71630912785189607806265217671981200237573227101848641546765594286795916491426", "price": "0.53", "size": "124", "side": "SELL", "hash": "15e578541ae31280bbf849d83434a1bf3aff559b", "best_bid": "0.5", "best_ask": "0.51"}], "timestamp": "1769384531470", "event_type": "price_change"}}
{"_local_timestamp": "2026-01-25T23:42:24.688468+00:00", "data": {"market": "0x78fad93c8b41a222b40dbc440d492a97b52df0e0577ae9a3dfcec99705ca147a", "price_changes": [{"asset_id": "70936298580496968012143250550519437493744110105013978606039432666864517630305", "price": "0.2", "size": "160", "side": "BUY", "hash": "e9c4ad81c16af14997de966d764d5c206df04506", "best_bid": "0.49", "best_ask": "0.5"}, {"asset_id": "71630912785189607806265217671981200237573227101848641546765594286795916491426", "price": "0.8", "size": "160", "side": "SELL", "hash": "365b4fa573e4c02cfa18cac866f656dea4dc49f4", "best_bid": "0.5", "best_ask": "0.51"}], "timestamp": "1769384544468", "event_type": "price_change"}}
{"_local_timestamp": "2026-01-25T23:42:24.716690+00:00", "data": {"market": "0x78fad93c8b41a222b40dbc440d492a97b52df0e0577ae9a3dfcec99705ca147a", "price_changes": [{"asset_id": "71630912785189607806265217671981200237573227101848641546765594286795916491426", "price": "0.2", "size": "750", "side": "BUY", "hash": "ee2f72f12986c07afe3c088bd277378ef64c3a41", "best_bid": "0.5", "best_ask": "0.51"}, {"asset_id": "70936298580496968012143250550519437493744110105013978606039432666864517630305", "price": "0.8", "size": "750", "side": "SELL", "hash": "0010aa1620fb1a4c3f90005f75772c0f24166a20", "best_bid": "0.49", "best_ask": "0.5"}], "timestamp": "1769384544476", "event_type": "price_change"}}
{"_local_timestamp": "2026-01-25T23:42:24.717199+00:00", "data": {"market": "0x78fad93c8b41a222b40dbc440d492a97b52df0e0577ae9a3dfcec99705ca147a", "price_changes": [{"asset_id": "71630912785189607806265217671981200237573227101848641546765594286795916491426", "price": "0.15", "size": "0", "side": "BUY", "hash": "ee2f72f12986c07afe3c088bd277378ef64c3a41", "best_bid": "0.5", "best_ask": "0.51"}, {"asset_id": "70936298580496968012143250550519437493744110105013978606039432666864517630305", "price": "0.85", "size": "0", "side": "SELL", "hash": "0010aa1620fb1a4c3f90005f75772c0f24166a20", "best_bid": "0.49", "best_ask": "0.5"}], "timestamp": "1769384544476", "event_type": "price_change"}}
{"_local_timestamp": "2026-01-25T23:42:25.233191+00:00", "data": {"market": "0x78fad93c8b41a222b40dbc440d492a97b52df0e0577ae9a3dfcec99705ca147a", "price_changes": [{"asset_id": "70936298580496968012143250550519437493744110105013978606039432666864517630305", "price": "0.16", "size": "793.75", "side": "BUY", "hash": "e41109cf68570cbfa2a03a2477a29834b6b76282", "best_bid": "0.49", "best_ask": "0.5"}, {"asset_id": "71630912785189607806265217671981200237573227101848641546765594286795916491426", "price": "0.84", "size": "793.75", "side": "SELL", "hash": "4140380e87d16d061d02ff2a50c647ee050b2b9f", "best_bid": "0.5", "best_ask": "0.51"}], "timestamp": "1769384544933", "event_type": "price_change"}}
{"_local_timestamp": "2026-01-25T23:42:25.255359+00:00", "data": {"market": "0x78fad93c8b41a222b40dbc440d492a97b52df0e0577ae9a3dfcec99705ca147a", "price_changes": [{"asset_id": "71630912785189607806265217671981200237573227101848641546765594286795916491426", "price": "0.13", "size": "1780", "side": "BUY", "hash": "7de91a5f00d287688fae701f823f9e3d38efecbb", "best_bid": "0.5", "best_ask": "0.51"}, {"asset_id": "70936298580496968012143250550519437493744110105013978606039432666864517630305", "price": "0.87", "size": "1780", "side": "SELL", "hash": "7809d5211c466aaeba9a19ddba155325b81f1857", "best_bid": "0.49", "best_ask": "0.5"}], "timestamp": "1769384544954", "event_type": "price_change"}}
{"_local_timestamp": "2026-01-25T23:42:25.255836+00:00", "data": {"market": "0x78fad93c8b41a222b40dbc440d492a97b52df0e0577ae9a3dfcec99705ca147a", "price_changes": [{"asset_id": "71630912785189607806265217671981200237573227101848641546765594286795916491426", "price": "0.16", "size": "3136.5", "side": "BUY", "hash": "b019843749d182c91bad2510208ea5a396f066b2", "best_bid": "0.5", "best_ask": "0.51"}, {"asset_id": "70936298580496968012143250550519437493744110105013978606039432666864517630305", "price": "0.84", "size": "3136.5", "side": "SELL", "hash": "434d98fddccdbecee190ea35bcee508ee432469e", "best_bid": "0.49", "best_ask": "0.5"}], "timestamp": "1769384544962", "event_type": "price_change"}}
