{"_local_timestamp": "2026-01-25T23:40:45.318852+00:00", "data": [{"market": "0x1bb95f67ff6d971d43a112464e65b2a5e94e6ae61c72a111ad53340ba7d8cab3", "asset_id": "69156743176103134736115123277705077910853098854566827417866113262179013876259", "timestamp": "1769384354400", "hash": "adff1843383062d7a3d9c5694097657b8f309293", "bids": [{"price": "0.001", "size": "1053360.08"}, {"price": "0.002", "size": "263401.55"}, {"price": "0.003", "size": "1166"}, {"price": "0.004", "size": "132072"}, {"price": "0.005", "size": "5.91"}, {"price": "0.006", "size": "83"}, {"price": "0.008", "size": "32768"}, {"price": "0.01", "size": "1000"}, {"price": "0.011", "size": "9.58"}, {"price": "0.016", "size": "16384"}, {"price": "0.02", "size": "1000"}, {"price": "0.032", "size": "8592"}, {"price": "0.033", "size": "100"}, {"price": "0.034", "size": "7.23"}, {"price": "0.05", "size": "30"}, {"price": "0.051", "size": "39"}, {"price": "0.064", "size": "4296"}, {"price": "0.065", "size": "250"}, {"price": "0.1", "size": "560"}, {"price": "0.101", "size": "5.92"}, {"price": "0.128", "size": "1574"}, {"price": "0.15", "size": "226.66"}, {"price": "0.19", "size": "568.42"}, {"price": "0.24", "size": "216.66"}, {"price": "0.256", "size": "712"}, {"price": "0.29", "size": "189.65"}, {"price": "0.291", "size": "6"}, {"price": "0.34", "size": "70.58"}, {"price": "0.39", "size": "176.28"}, {"price": "0.512", "size": "256"}, {"price": "0.6", "size": "192"}, {"price": "0.7", "size": "128"}, {"price": "0.75", "size": "500"}, {"price": "0.8", "size": "96"}, {"price": "0.9", "size": "64"}, {"price": "0.935", "size": "5000"}, {"price": "0.94", "size": "1000"}, {"price": "0.95", "size": "96.94"}], "asks": [{"price": "0.999", "size": "53383"}, {"price": "0.998", "size": "25679.37"}, {"price": "0.997", "size": "16708.87"}, {"price": "0.996", "size": "12506.96"}, {"price": "0.995", "size": "20.49"}, {"price": "0.993", "size": "100"}, {"price": "0.992", "size": "6200"}, {"price": "0.991", "size": "256.02"}, {"price": "0.99", "size": "377.32"}, {"price": "0.989", "size": "23.56"}, {"price": "0.979", "size": "2168.86"}, {"price": "0.978", "size": "5.41"}, {"price": "0.975", "size": "820.97"}, {"price": "0.974", "size": "346"}, {"price": "0.973", "size": "5.99"}, {"price": "0.97", "size": "211.87"}, {"price": "0.969", "size": "11.86"}, {"price": "0.966", "size": "6.52"}, {"price": "0.961", "size": "10.5"}, {"price": "0.96", "size": "16"}, {"price": "0.959", "size": "25"}, {"price": "0.958", "size": "7"}], "event_type": "book", "last_trade_price": "0.958"}, {"market": "0x1bb95f67ff6d971d43a112464e65b2a5e94e6ae61c72a111ad53340ba7d8cab3", "asset_id": "57692461228141098196519006129212454078633070644580607609751365664388305515775", "timestamp": "1769384354400", "hash": "32b17e288d614f35f9a34261b8be1a743475fa32", "bids": [{"price": "0.001", "size": "53383"}, {"price": "0.002", "size": "25679.37"}, {"price": "0.003", "size": "16708.87"}, {"price": "0.004", "size": "12506.96"}, {"price": "0.005", "size": "20.49"}, {"price": "0.007", "size": "100"}, {"price": "0.008", "size": "6200"}, {"price": "0.009", "size": "256.02"}, {"price": "0.01", "size": "377.32"}, {"price": "0.011", "size": "23.56"}, {"price": "0.021", "size": "2168.86"}, {"price": "0.022", "size": "5.41"}, {"price": "0.025", "size": "820.97"}, {"price": "0.026", "size": "346"}, {"price": "0.027", "size": "5.99"}, {"price": "0.03", "size": "211.87"}, {"price": "0.031", "size": "11.86"}, {"price": "0.034", "size": "6.52"}, {"price": "0.039", "size": "10.5"}, {"price": "0.04", "size": "16"}, {"price": "0.041", "size": "25"}, {"price": "0.042", "size": "7"}], "asks": [{"price": "0.999", "size": "1053360.08"}, {"price": "0.998", "size": "263401.55"}, {"price": "0.997", "size": "1166"}, {"price": "0.996", "size": "132072"}, {"price": "0.995", "size": "5.91"}, {"price": "0.994", "size": "83"}, {"price": "0.992", "size": "32768"}, {"price": "0.99", "size": "1000"}, {"price": "0.989", "size": "9.58"}, {"price": "0.984", "size": "16384"}, {"price": "0.98", "size": "1000"}, {"price": "0.968", "size": "8592"}, {"price": "0.967", "size": "100"}, {"price": "0.966", "size": "7.23"}, {"price": "0.95", "size": "30"}, {"price": "0.949", "size": "39"}, {"price": "0.936", "size": "4296"}, {"price": "0.935", "size": "250"}, {"price": "0.9", "size": "560"}, {"price": "0.899", "size": "5.92"}, {"price": "0.872", "size": "1574"}, {"price": "0.85", "size": "226.66"}, {"price": "0.81", "size": "568.42"}, {"price": "0.76", "size": "216.66"}, {"price": "0.744", "size": "712"}, {"price": "0.71", "size": "189.65"}, {"price": "0.709", "size": "6"}, {"price": "0.66", "size": "70.58"}, {"price": "0.61", "size": "176.28"}, {"price": "0.488", "size": "256"}, {"price": "0.4", "size": "192"}, {"price": "0.3", "size": "128"}, {"price": "0.25", "size": "500"}, {"price": "0.2", "size": "96"}, {"price": "0.1", "size": "64"}, {"price": "0.065", "size": "5000"}, {"price": "0.06", "size": "1000"}, {"price": "0.05", "size": "96.94"}], "event_type": "book", "last_trade_price": "0.958"}]}
{"_local_timestamp": "2026-01-25T23:41:47.826983+00:00", "data": {"market": "0x1bb95f67ff6d971d43a112464e65b2a5e94e6ae61c72a111ad53340ba7d8cab3", "price_changes": [{"asset_id": "57692461228141098196519006129212454078633070644580607609751365664388305515775", "price": "0.022", "size": "0", "side": "BUY", "hash": "99d53ab572de6cd7deeafeb4b357b702800977c4", "best_bid": "0.042", "best_ask": "0.05"}, {"asset_id": "69156743176103134736115123277705077910853098854566827417866113262179013876259", "price": "0.978", "size": "0", "side": "SELL", "hash": "8f453ea0c49746d6201812b71063f1df91f04042", "best_bid": "0.95", "best_ask": "0.958"}], "timestamp": "1769384507751", "event_type": "price_change"}}
{"_local_timestamp": "2026-01-25T23:41:47.827787+00:00", "data": {"market": "0x1bb95f67ff6d971d43a112464e65b2a5e94e6ae61c72a111ad53340ba7d8cab3", "price_changes": [{"asset_id": "57692461228141098196519006129212454078633070644580607609751365664388305515775", "price": "0.027", "size": "0", "side": "BUY", "hash": "99d53ab572de6cd7deeafeb4b357b702800977c4", "best_bid": "0.042", "best_ask": "0.05"}, {"asset_id": "69156743176103134736115123277705077910853098854566827417866113262179013876259", "price": "0.973", "size": "0", "side": "SELL", "hash": "8f453ea0c49746d6201812b71063f1df91f04042", "best_bid": "0.95", "best_ask": "0.958"}], "timestamp": "1769384507751", "event_type": "price_change"}}
{"_local_timestamp": "2026-01-25T23:41:47.828089+00:00", "data": {"market": "0x1bb95f67ff6d971d43a112464e65b2a5e94e6ae61c72a111ad53340ba7d8cab3", "price_changes": [{"asset_id": "57692461228141098196519006129212454078633070644580607609751365664388305515775", "price": "0.034", "size": "0", "side": "BUY", "hash": "99d53ab572de6cd7deeafeb4b357b702800977c4", "best_bid": "0.042", "best_ask": "0.05"}, {"asset_id": "69156743176103134736115123277705077910853098854566827417866113262179013876259", "price": "0.966", "size": "0", "side": "SELL", "hash": "8f453ea0c49746d6201812b71063f1df91f04042", "best_bid": "0.95", "best_ask": "0.958"}], "timestamp": "1769384507751", "event_type": "price_change"}}
{"_local_timestamp": "2026-01-25T23:41:48.196222+00:00", "data": {"market": "0x1bb95f67ff6d971d43a112464e65b2a5e94e6ae61c72a111ad53340ba7d8cab3", "price_changes": [{"asset_id": "57692461228141098196519006129212454078633070644580607609751365664388305515775", "price": "0.035", "size": "5.68", "side": "BUY", "hash": "09060b56d13db0795831edd1b3e4da2c99511d70", "best_bid": "0.042", "best_ask": "0.05"}, {"asset_id": "69156743176103134736115123277705077910853098854566827417866113262179013876259", "price": "0.965", "size": "5.68", "side": "SELL", "hash": "fb7ac750106be56f4dd132c7d584fde2759f719d", "best_bid": "0.95", "best_ask": "0.958"}], "timestamp": "1769384508126", "event_type": "price_change"}}
{"_local_timestamp": "2026-01-25T23:41:48.196598+00:00", "data": {"market": "0x1bb95f67ff6d971d43a112464e65b2a5e94e6ae61c72a111ad53340ba7d8cab3", "price_changes": [{"asset_id": "57692461228141098196519006129212454078633070644580607609751365664388305515775", "price": "0.028", "size": "5.75", "side": "BUY", "hash": "96d068f1d6346adc8b13070ded256ac683babd1b", "best_bid": "0.042", "best_ask": "0.05"}, {"asset_id": "69156743176103134736115123277705077910853098854566827417866113262179013876259", "price": "0.972", "size": "5.75", "side": "SELL", "hash": "8383afc9916ec84cd0c192670b309a10fb8612db", "best_bid": "0.95", "best_ask": "0.958"}], "timestamp": "1769384508127", "event_type": "price_change"}}
{"_local_timestamp": "2026-01-25T23:41:48.196885+00:00", "data": {"market": "0x1bb95f67ff6d971d43a112464e65b2a5e94e6ae61c72a111ad53340ba7d8cab3", "price_changes": [{"asset_id": "57692461228141098196519006129212454078633070644580607609751365664388305515775", "price": "0.022", "size": "6.48", "side": "BUY", "hash": "76d2ca3365e8b63632044720ee6fbd509b7977d2", "best_bid": "0.042", "best_ask": "0.05"}, {"asset_id": "69156743176103134736115123277705077910853098854566827417866113262179013876259", "price": "0.978", "size": "6.48", "side": "SELL", "hash": "21018719d36ec19033278e530c8338f0a8838e13", "best_bid": "0.95", "best_ask": "0.958"}], "timestamp": "1769384508128", "event_type": "price_change"}}
