{"_local_timestamp": "2026-01-25T23:40:30.575827+00:00", "data": [{"market": "0xbfe2252feb42b566915b9ad599ded119a0dcefd318734a8a691fe2add291edc6", "asset_id": "28031168267272318411821639097601043629445982703591607398815071893809982883679", "timestamp": "1769384405000", "hash": "bfdaa2e1d054f6ee444708c26d7057c8076775da", "bids": [{"price": "0.001", "size": "3890.08"}, {"price": "0.002", "size": "1255.05"}, {"price": "0.003", "size": "1166"}, {"price": "0.004", "size": "8.65"}, {"price": "0.006", "size": "83"}, {"price": "0.01", "size": "7500"}, {"price": "0.011", "size": "8.4"}, {"price": "0.02", "size": "1000"}, {"price": "0.03", "size": "5466"}, {"price": "0.031", "size": "7.34"}, {"price": "0.05", "size": "30"}, {"price": "0.051", "size": "39"}, {"price": "0.09", "size": "1100"}, {"price": "0.091", "size": "6.92"}, {"price": "0.14", "size": "892.85"}, {"price": "0.19", "size": "568.42"}, {"price": "0.24", "size": "266.66"}, {"price": "0.29", "size": "89.65"}, {"price": "0.291", "size": "1692"}, {"price": "0.33", "size": "72.72"}, {"price": "0.38", "size": "552.63"}, {"price": "0.381", "size": "4379"}, {"price": "0.382", "size": "5"}, {"price": "0.393", "size": "23"}, {"price": "0.73", "size": "502.5"}, {"price": "0.78", "size": "502.51"}, {"price": "0.781", "size": "37.36"}, {"price": "0.83", "size": "300.43"}, {"price": "0.88", "size": "200"}, {"price": "0.89", "size": "200"}, {"price": "0.915", "size": "120"}, {"price": "0.916", "size": "350"}, {"price": "0.918", "size": "160.32"}, {"price": "0.925", "size": "333"}, {"price": "0.926", "size": "56.77"}, {"price": "0.931", "size": "273.19"}, {"price": "0.933", "size": "152.85"}, {"price": "0.934", "size": "113.98"}], "asks": [{"price": "0.999", "size": "4564.99"}, {"price": "0.998", "size": "98.38"}, {"price": "0.99", "size": "1250"}, {"price": "0.989", "size": "546"}, {"price": "0.988", "size": "6.71"}, {"price": "0.985", "size": "333.33"}, {"price": "0.984", "size": "9.35"}, {"price": "0.98", "size": "100"}, {"price": "0.979", "size": "35768.23"}, {"price": "0.978", "size": "2101"}, {"price": "0.977", "size": "435.39"}, {"price": "0.976", "size": "244.99"}, {"price": "0.97", "size": "650"}, {"price": "0.969", "size": "162"}, {"price": "0.968", "size": "5.89"}, {"price": "0.965", "size": "142.85"}, {"price": "0.964", "size": "421"}, {"price": "0.963", "size": "136"}, {"price": "0.96", "size": "50"}, {"price": "0.959", "size": "50"}, {"price": "0.958", "size": "206.27"}, {"price": "0.957", "size": "122.6"}, {"price": "0.956", "size": "102.85"}, {"price": "0.95", "size": "50"}, {"price": "0.945", "size": "453"}, {"price": "0.944", "size": "83.29"}], "event_type": "book", "last_trade_price": "0.067"}, {"market": "0xbfe2252feb42b566915b9ad599ded119a0dcefd318734a8a691fe2add291edc6", "asset_id": "12144309745317498327988492133766790349325209540672841316531075369095028735050", "timestamp": "1769384405000", "hash": "3d975aa9910b0dd88a6bcfdcd777c69e292b83f8", "bids": [{"price": "0.001", "size": "4564.99"}, {"price": "0.002", "size": "98.38"}, {"price": "0.01", "size": "1250"}, {"price": "0.011", "size": "546"}, {"price": "0.012", "size": "6.71"}, {"price": "0.015", "size": "333.33"}, {"price": "0.016", "size": "9.35"}, {"price": "0.02", "size": "100"}, {"price": "0.021", "size": "35768.23"}, {"price": "0.022", "size": "2101"}, {"price": "0.023", "size": "435.39"}, {"price": "0.024", "size": "244.99"}, {"price": "0.03", "size": "650"}, {"price": "0.031", "size": "162"}, {"price": "0.032", "size": "5.89"}, {"price": "0.035", "size": "142.85"}, {"price": "0.036", "size": "421"}, {"price": "0.037", "size": "136"}, {"price": "0.04", "size": "50"}, {"price": "0.041", "size": "50"}, {"price": "0.042", "size": "206.27"}, {"price": "0.043", "size": "122.6"}, {"price": "0.044", "size": "102.85"}, {"price": "0.05", "size": "50"}, {"price": "0.055", "size": "453"}, {"price": "0.056", "size": "83.29"}], "asks": [{"price": "0.999", "size": "3890.08"}, {"price": "0.998", "size": "1255.05"}, {"price": "0.997", "size": "1166"}, {"price": "0.996", "size": "8.65"}, {"price": "0.994", "size": "83"}, {"price": "0.99", "size": "7500"}, {"price": "0.989", "size": "8.4"}, {"price": "0.98", "size": "1000"}, {"price": "0.97", "size": "5466"}, {"price": "0.969", "size": "7.34"}, {"price": "0.95", "size": "30"}, {"price": "0.949", "size": "39"}, {"price": "0.91", "size": "1100"}, {"price": "0.909", "size": "6.92"}, {"price": "0.86", "size": "892.85"}, {"price": "0.81", "size": "568.42"}, {"price": "0.76", "size": "266.66"}, {"price": "0.71", "size": "89.65"}, {"price": "0.709", "size": "1692"}, {"price": "0.67", "size": "72.72"}, {"price": "0.62", "size": "552.63"}, {"price": "0.619", "size": "4379"}, {"price": "0.618", "size": "5"}, {"price": "0.607", "size": "23"}, {"price": "0.27", "size": "502.5"}, {"price": "0.22", "size": "502.51"}, {"price": "0.219", "size": "37.36"}, {"price": "0.17", "size": "300.43"}, {"price": "0.12", "size": "200"}, {"price": "0.11", "size": "200"}, {"price": "0.085", "size": "120"}, {"price": "0.084", "size": "350"}, {"price": "0.082", "size": "160.32"}, {"price": "0.075", "size": "333"}, {"price": "0.074", "size": "56.77"}, {"price": "0.069", "size": "273.19"}, {"price": "0.067", "size": "152.85"}, {"price": "0.066", "size": "113.98"}], "event_type": "book", "last_trade_price": "0.067"}]}
{"_local_timestamp": "2026-01-25T23:41:14.698138+00:00", "data": {"market": "0xbfe2252feb42b566915b9ad599ded119a0dcefd318734a8a691fe2add291edc6", "price_changes": [{"asset_id": "28031168267272318411821639097601043629445982703591607398815071893809982883679", "price": "0.291", "size": "250", "side": "BUY", "hash": "6b1f5383d510b042c8209604f75b28b28af25fd9", "best_bid": "0.934", "best_ask": "0.944"}, {"asset_id": "12144309745317498327988492133766790349325209540672841316531075369095028735050", "price": "0.709", "size": "250", "side": "SELL", "hash": "7fffa5de36b94c543e7874c9c8cf81c456948985", "best_bid": "0.056", "best_ask": "0.066"}], "timestamp": "1769384474535", "event_type": "price_change"}}
{"_local_timestamp": "2026-01-25T23:41:26.620297+00:00", "data": {"market": "0xbfe2252feb42b566915b9ad599ded119a0dcefd318734a8a691fe2add291edc6", "price_changes": [{"asset_id": "28031168267272318411821639097601043629445982703591607398815071893809982883679", "price": "0.241", "size": "1742", "side": "BUY", "hash": "622452a643221b7769d41c739e3114ce14bf6b29", "best_bid": "0.934", "best_ask": "0.944"}, {"asset_id": "12144309745317498327988492133766790349325209540672841316531075369095028735050", "price": "0.759", "size": "1742", "side": "SELL", "hash": "bfc41af4f323630d7304835080f9f3079fe3752b", "best_bid": "0.056", "best_ask": "0.066"}], "timestamp": "1769384486507", "event_type": "price_change"}}
{"_local_timestamp": "2026-01-25T23:42:24.987426+00:00", "data": {"market": "0xbfe2252feb42b566915b9ad599ded119a0dcefd318734a8a691fe2add291edc6", "price_changes": [{"asset_id": "28031168267272318411821639097601043629445982703591607398815071893809982883679", "price": "0.24", "size": "166.66", "side": "BUY", "hash": "a9bc9858677432f62ed371c4c7d8ec16e3a26105", "best_bid": "0.934", "best_ask": "0.944"}, {"asset_id": "12144309745317498327988492133766790349325209540672841316531075369095028735050", "price": "0.76", "size": "166.66", "side": "SELL", "hash": "2075964cecb1ad2e5530b5c7e28cad68055799a1", "best_bid": "0.056", "best_ask": "0.066"}], "timestamp": "1769384544899", "event_type": "price_change"}}
{"_local_timestamp": "2026-01-25T23:42:25.236972+00:00", "data": {"market": "0xbfe2252feb42b566915b9ad599ded119a0dcefd318734a8a691fe2add291edc6", "price_changes": [{"asset_id": "28031168267272318411821639097601043629445982703591607398815071893809982883679", "price": "0.241", "size": "1842", "side": "BUY", "hash": "6dd35ab23ae7585bf9a4fb56d463cfd3c663af69", "best_bid": "0.934", "best_ask": "0.944"}, {"asset_id": "12144309745317498327988492133766790349325209540672841316531075369095028735050", "price": "0.759", "size": "1842", "side": "SELL", "hash": "edf73ba876652c23783067c754fbb962adedab5e", "best_bid": "0.056", "best_ask": "0.066"}], "timestamp": "1769384545154", "event_type": "price_change"}}
{"_local_timestamp": "2026-01-25T23:42:30.129264+00:00", "data": {"market": "0xbfe2252feb42b566915b9ad599ded119a0dcefd318734a8a691fe2add291edc6", "price_changes": [{"asset_id": "12144309745317498327988492133766790349325209540672841316531075369095028735050", "price": "0.011", "size": "637", "side": "BUY", "hash": "37dcf2c7072f2c1bc2b2e595693e7a9d9586ae8c", "best_bid": "0.056", "best_ask": "0.066"}, {"asset_id": "28031168267272318411821639097601043629445982703591607398815071893809982883679", "price": "0.989", "size": "637", "side": "SELL", "hash": "ee96f89a8a35845586dbd562162b5bc7f22a5020", "best_bid": "0.934", "best_ask": "0.944"}], "timestamp": "1769384550065", "event_type": "price_change"}}
{"_local_timestamp": "2026-01-25T23:42:30.129711+00:00", "data": {"market": "0xbfe2252feb42b566915b9ad599ded119a0dcefd318734a8a691fe2add291edc6", "price_changes": [{"asset_id": "12144309745317498327988492133766790349325209540672841316531075369095028735050", "price": "0.023", "size": "478.39", "side": "BUY", "hash": "e6249150e3f8db5688d9e73a956ac1f6bfaae080", "best_bid": "0.056", "best_ask": "0.066"}, {"asset_id": "28031168267272318411821639097601043629445982703591607398815071893809982883679", "price": "0.977", "size": "478.39", "side": "SELL", "hash": "274b63909f5e503981f4a19b090555b813e53ad5", "best_bid": "0.934", "best_ask": "0.944"}], "timestamp": "1769384550065", "event_type": "price_change"}}
{"_local_timestamp": "2026-01-25T23:42:30.130037+00:00", "data": {"market": "0xbfe2252feb42b566915b9ad599ded119a0dcefd318734a8a691fe2add291edc6", "price_changes": [{"asset_id": "12144309745317498327988492133766790349325209540672841316531075369095028735050", "price": "0.001", "size": "9564.99", "side": "BUY", "hash": "6fd5bb22c442532a239eb1766f76d769ac8e739e", "best_bid": "0.056", "best_ask": "0.066"}, {"asset_id": "28031168267272318411821639097601043629445982703591607398815071893809982883679", "price": "0.999", "size": "9564.99", "side": "SELL", "hash": "166e2c27d6b14e48e8e366052d50d47665f5ff95", "best_bid": "0.934", "best_ask": "0.944"}], "timestamp": "1769384550066", "event_type": "price_change"}}
{"_local_timestamp": "2026-01-25T23:42:37.114098+00:00", "data": {"market": "0xbfe2252feb42b566915b9ad599ded119a0dcefd318734a8a691fe2add291edc6", "price_changes": [{"asset_id": "28031168267272318411821639097601043629445982703591607398815071893809982883679", "price": "0.918", "size": "60.32", "side": "BUY", "hash": "34ceef05ad7dcb137231722ac678adebc34df0ad", "best_bid": "0.934", "best_ask": "0.944"}, {"asset_id": "12144309745317498327988492133766790349325209540672841316531075369095028735050", "price": "0.082", "size": "60.32", "side": "SELL", "hash": "a848f477a994cb19568f8ae30a6a86ae40e145e6", "best_bid": "0.056", "best_ask": "0.066"}], "timestamp": "1769384557002", "event_type": "price_change"}}
{"_local_timestamp": "2026-01-25T23:42:37.128494+00:00", "data": {"market": "0xbfe2252feb42b566915b9ad599ded119a0dcefd318734a8a691fe2add291edc6", "price_changes": [{"asset_id": "12144309745317498327988492133766790349325209540672841316531075369095028735050", "price": "0.021", "size": "33445", "side": "BUY", "hash": "48a2c2dbe659999aca9374be6aeadca05bc5702a", "best_bid": "0.056", "best_ask": "0.066"}, {"asset_id": "28031168267272318411821639097601043629445982703591607398815071893809982883679", "price": "0.979", "size": "33445", "side": "SELL", "hash": "ca72b71da38a805617c53790ae558d22b6a630db", "best_bid": "0.934", "best_ask": "0.944"}], "timestamp": "1769384557006", "event_type": "price_change"}}
{"_local_timestamp": "2026-01-25T23:42:47.197660+00:00", "data": {"market": "0xbfe2252feb42b566915b9ad599ded119a0dcefd318734a8a691fe2add291edc6", "price_changes": [{"asset_id": "28031168267272318411821639097601043629445982703591607398815071893809982883679", "price": "0.241", "size": "100", "side": "BUY", "hash": "f47356e8edcfd079552b5007ec175b8f6c0b13f1", "best_bid": "0.934", "best_ask": "0.944"}, {"asset_id": "12144309745317498327988492133766790349325209540672841316531075369095028735050", "price": "0.759", "size": "100", "side": "SELL", "hash": "568521c3a19b5ac8868944ac0a13fbd8764e0a40", "best_bid": "0.056", "best_ask": "0.066"}], "timestamp": "1769384566990", "event_type": "price_change"}}
{"_local_timestamp": "2026-01-25T23:43:38.525176+00:00", "data": {"market": "0xbfe2252feb42b566915b9ad599ded119a0dcefd318734a8a691fe2add291edc6", "price_changes": [{"asset_id": "28031168267272318411821639097601043629445982703591607398815071893809982883679", "price": "0.241", "size": "0", "side": "BUY", "hash": "9722984c688df39ab8a09997714440f80b528b25", "best_bid": "0.934", "best_ask": "0.944"}, {"asset_id": "12144309745317498327988492133766790349325209540672841316531075369095028735050", "price": "0.759", "size": "0", "side": "SELL", "hash": "1842971cff25c907321fa2ce6814a9566fb427d7", "best_bid": "0.056", "best_ask": "0.066"}], "timestamp": "1769384618450", "event_type": "price_change"}}
{"_local_timestamp": "2026-01-25T23:43:38.819258+00:00", "data": {"market": "0xbfe2252feb42b566915b9ad599ded119a0dcefd318734a8a691fe2add291edc6", "price_changes": [{"asset_id": "28031168267272318411821639097601043629445982703591607398815071893809982883679", "price": "0.24", "size": "266.66", "side": "BUY", "hash": "a7ec2460dc9410a95d6ce87b3b86af823cd50eae", "best_bid": "0.934", "best_ask": "0.944"}, {"asset_id": "12144309745317498327988492133766790349325209540672841316531075369095028735050", "price": "0.76", "size": "266.66", "side": "SELL", "hash": "f70fa944cd5528a7b5076193caa57201d10daae2", "best_bid": "0.056", "best_ask": "0.066"}], "timestamp": "1769384618725", "event_type": "price_change"}}
{"_local_timestamp": "2026-01-25T23:44:03.328689+00:00", "data": {"market": "0xbfe2252feb42b566915b9ad599ded119a0dcefd318734a8a691fe2add291edc6", "price_changes": [{"asset_id": "28031168267272318411821639097601043629445982703591607398815071893809982883679", "price": "0.292", "size": "1438", "side": "BUY", "hash": "5e787a1244ad406a799a014fb67033ff5f854cf7", "best_bid": "0.934", "best_ask": "0.944"}, {"asset_id": "12144309745317498327988492133766790349325209540672841316531075369095028735050", "price": "0.708", "size": "1438", "side": "SELL", "hash": "971f4ab9b7836178f3c8ccdb1a35b0ed57318c5a", "best_bid": "0.056", "best_ask": "0.066"}], "timestamp": "1769384643265", "event_type": "price_change"}}
{"_local_timestamp": "2026-01-25T23:44:07.750939+00:00", "data": {"market": "0xbfe2252feb42b566915b9ad599ded119a0dcefd318734a8a691fe2add291edc6", "price_changes": [{"asset_id": "28031168267272318411821639097601043629445982703591607398815071893809982883679", "price": "0.918", "size": "160.32", "side": "BUY", "hash": "cea0034af101648fb3a3fbab66b424f7861ae19a", "best_bid": "0.934", "best_ask": "0.944"}, {"asset_id": "12144309745317498327988492133766790349325209540672841316531075369095028735050", "price": "0.082", "size": "160.32", "side": "SELL", "hash": "dc650b2d0a2d9dd0fefc7efc5c920f22829ba886", "best_bid": "0.056", "best_ask": "0.066"}], "timestamp": "1769384647682", "event_type": "price_change"}}
{"_local_timestamp": "2026-01-25T23:44:07.751305+00:00", "data": {"market": "0xbfe2252feb42b566915b9ad599ded119a0dcefd318734a8a691fe2add291edc6", "price_changes": [{"asset_id": "12144309745317498327988492133766790349325209540672841316531075369095028735050", "price": "0.021", "size": "35768.23", "side": "BUY", "hash": "216318e7c5b9f6509d80e14281c03e9ead32356a", "best_bid": "0.056", "best_ask": "0.066"}, {"asset_id": "28031168267272318411821639097601043629445982703591607398815071893809982883679", "price": "0.979", "size": "35768.23", "side": "SELL", "hash": "3f6e6c5fdeff25d56cd552058e109b3c6b1caae3", "best_bid": "0.934", "best_ask": "0.944"}], "timestamp": "1769384647683", "event_type": "price_change"}}
{"_local_timestamp": "2026-01-25T23:44:08.482565+00:00", "data": {"market": "0xbfe2252feb42b566915b9ad599ded119a0dcefd318734a8a691fe2add291edc6", "price_changes": [{"asset_id": "28031168267272318411821639097601043629445982703591607398815071893809982883679", "price": "0.291", "size": "200", "side": "BUY", "hash": "cc0634718640ad5393acbb19a97c8ee733599dbb", "best_bid": "0.934", "best_ask": "0.944"}, {"asset_id": "12144309745317498327988492133766790349325209540672841316531075369095028735050", "price": "0.709", "size": "200", "side": "SELL", "hash": "cbec3c5358597d7aa57f79cb2a1b1116667ed81c", "best_bid": "0.056", "best_ask": "0.066"}], "timestamp": "1769384648347", "event_type": "price_change"}}
{"_local_timestamp": "2026-01-25T23:44:09.001576+00:00", "data": {"market": "0xbfe2252feb42b566915b9ad599ded119a0dcefd318734a8a691fe2add291edc6", "price_changes": [{"asset_id": "28031168267272318411821639097601043629445982703591607398815071893809982883679", "price": "0.241", "size": "50", "side": "BUY", "hash": "c0486c00c0a99d6d07011940d516a2d1e43cbb4f", "best_bid": "0.934", "best_ask": "0.944"}, {"asset_id": "12144309745317498327988492133766790349325209540672841316531075369095028735050", "price": "0.759", "size": "50", "side": "SELL", "hash": "89979f606f712de3e5d7ad7eb73114c680c44854", "best_bid": "0.056", "best_ask": "0.066"}], "timestamp": "1769384648761", "event_type": "price_change"}}
{"_local_timestamp": "2026-01-25T23:44:20.940199+00:00", "data": {"market": "0xbfe2252feb42b566915b9ad599ded119a0dcefd318734a8a691fe2add291edc6", "price_changes": [{"asset_id": "28031168267272318411821639097601043629445982703591607398815071893809982883679", "price": "0.291", "size": "100", "side": "BUY", "hash": "761e8e7dc917c3db1527eeea6bfb2f6849d05a4f", "best_bid": "0.934", "best_ask": "0.944"}, {"asset_id": "12144309745317498327988492133766790349325209540672841316531075369095028735050", "price": "0.709", "size": "100", "side": "SELL", "hash": "6b4744ea0da94f92d04da7ed7023687dce360635", "best_bid": "0.056", "best_ask": "0.066"}], "timestamp": "1769384660497", "event_type": "price_change"}}
{"_local_timestamp": "2026-01-25T23:44:21.462741+00:00", "data": {"market": "0xbfe2252feb42b566915b9ad599ded119a0dcefd318734a8a691fe2add291edc6", "price_changes": [{"asset_id": "28031168267272318411821639097601043629445982703591607398815071893809982883679", "price": "0.241", "size": "150", "side": "BUY", "hash": "119c187e74669da21b25dbb25432d94e7aae1b7d", "best_bid": "0.934", "best_ask": "0.944"}, {"asset_id": "12144309745317498327988492133766790349325209540672841316531075369095028735050", "price": "0.759", "size": "150", "side": "SELL", "hash": "6cb81b6ff1dbe1546e25bf6001032d43ae1741e2", "best_bid": "0.056", "best_ask": "0.066"}], "timestamp": "1769384660915", "event_type": "price_change"}}
{"_local_timestamp": "2026-01-25T23:44:57.521735+00:00", "data": {"market": "0xbfe2252feb42b566915b9ad599ded119a0dcefd318734a8a691fe2add291edc6", "price_changes": [{"asset_id": "28031168267272318411821639097601043629445982703591607398815071893809982883679", "price": "0.291", "size": "50", "side": "BUY", "hash": "7ae6d5eb36bb54c50b785ec4afdc50f917cecc3f", "best_bid": "0.934", "best_ask": "0.944"}, {"asset_id": "12144309745317498327988492133766790349325209540672841316531075369095028735050", "price": "0.709", "size": "50", "side": "SELL", "hash": "42380081b24e73e987a848e37485ba38c02f2186", "best_bid": "0.056", "best_ask": "0.066"}], "timestamp": "1769384697452", "event_type": "price_change"}}
{"_local_timestamp": "2026-01-25T23:44:57.808596+00:00", "data": {"market": "0xbfe2252feb42b566915b9ad599ded119a0dcefd318734a8a691fe2add291edc6", "price_changes": [{"asset_id": "28031168267272318411821639097601043629445982703591607398815071893809982883679", "price": "0.292", "size": "1488", "side": "BUY", "hash": "2dbb512d4c326268c6e99813781c5ad87cd9bddf", "best_bid": "0.934", "best_ask": "0.944"}, {"asset_id": "12144309745317498327988492133766790349325209540672841316531075369095028735050", "price": "0.708", "size": "1488", "side": "SELL", "hash": "5c8fac6d475ab601f71369d54f836a7aa70c8c14", "best_bid": "0.056", "best_ask": "0.066"}], "timestamp": "1769384697724", "event_type": "price_change"}}
{"_local_timestamp": "2026-01-25T23:44:59.092165+00:00", "data": {"market": "0xbfe2252feb42b566915b9ad599ded119a0dcefd318734a8a691fe2add291edc6", "price_changes": [{"asset_id": "12144309745317498327988492133766790349325209540672841316531075369095028735050", "price": "0.011", "size": "546", "side": "BUY", "hash": "c9b87c22cc2ea645d443a1c4a4f0607a10208433", "best_bid": "0.056", "best_ask": "0.066"}, {"asset_id": "28031168267272318411821639097601043629445982703591607398815071893809982883679", "price": "0.989", "size": "546", "side": "SELL", "hash": "8e0fd0f228affc5485f0671ed8a595ec95eeb501", "best_bid": "0.934", "best_ask": "0.944"}], "timestamp": "1769384699000", "event_type": "price_change"}}
{"_local_timestamp": "2026-01-25T23:44:59.095787+00:00", "data": {"market": "0xbfe2252feb42b566915b9ad599ded119a0dcefd318734a8a691fe2add291edc6", "price_changes": [{"asset_id": "12144309745317498327988492133766790349325209540672841316531075369095028735050", "price": "0.001", "size": "7564.99", "side": "BUY", "hash": "c0901206c58a710a62c8a6ebaf0a3310e816c094", "best_bid": "0.056", "best_ask": "0.066"}, {"asset_id": "28031168267272318411821639097601043629445982703591607398815071893809982883679", "price": "0.999", "size": "7564.99", "side": "SELL", "hash": "6b0a140ab5f82593ff02557d10ebfcb0d0585c60", "best_bid": "0.934", "best_ask": "0.944"}], "timestamp": "1769384699003", "event_type": "price_change"}}
{"_local_timestamp": "2026-01-25T23:44:59.106904+00:00", "data": {"market": "0xbfe2252feb42b566915b9ad599ded119a0dcefd318734a8a691fe2add291edc6", "price_changes": [{"asset_id": "12144309745317498327988492133766790349325209540672841316531075369095028735050", "price": "0.023", "size": "348.39", "side": "BUY", "hash": "c0901206c58a710a62c8a6ebaf0a3310e816c094", "best_bid": "0.056", "best_ask": "0.066"}, {"asset_id": "28031168267272318411821639097601043629445982703591607398815071893809982883679", "price": "0.977", "size": "348.39", "side": "SELL", "hash": "6b0a140ab5f82593ff02557d10ebfcb0d0585c60", "best_bid": "0.934", "best_ask": "0.944"}], "timestamp": "1769384699003", "event_type": "price_change"}}
{"_local_timestamp": "2026-01-25T23:45:06.178199+00:00", "data": {"market": "0xbfe2252feb42b566915b9ad599ded119a0dcefd318734a8a691fe2add291edc6", "price_changes": [{"asset_id": "12144309745317498327988492133766790349325209540672841316531075369095028735050", "price": "0.023", "size": "478.39", "side": "BUY", "hash": "2434ffe1bdca5a39ca296a39e45d3cf1bac722a9", "best_bid": "0.056", "best_ask": "0.066"}, {"asset_id": "28031168267272318411821639097601043629445982703591607398815071893809982883679", "price": "0.977", "size": "478.39", "side": "SELL", "hash": "9822feafcd418e1af1f741677ea38f17782e7348", "best_bid": "0.934", "best_ask": "0.944"}], "timestamp": "1769384706076", "event_type": "price_change"}}
{"_local_timestamp": "2026-01-25T23:45:06.178580+00:00", "data": {"market": "0xbfe2252feb42b566915b9ad599ded119a0dcefd318734a8a691fe2add291edc6", "price_changes": [{"asset_id": "12144309745317498327988492133766790349325209540672841316531075369095028735050", "price": "0.001", "size": "9564.99", "side": "BUY", "hash": "bc6c9eff6021a2a923c45e1eca58deb288ce51be", "best_bid": "0.056", "best_ask": "0.066"}, {"asset_id": "28031168267272318411821639097601043629445982703591607398815071893809982883679", "price": "0.999", "size": "9564.99", "side": "SELL", "hash": "58d0663338c345603e9b755181576e642d46e685", "best_bid": "0.934", "best_ask": "0.944"}], "timestamp": "1769384706079", "event_type": "price_change"}}
{"_local_timestamp": "2026-01-25T23:45:06.178857+00:00", "data": {"market": "0xbfe2252feb42b566915b9ad599ded119a0dcefd318734a8a691fe2add291edc6", "price_changes": [{"asset_id": "12144309745317498327988492133766790349325209540672841316531075369095028735050", "price": "0.011", "size": "637", "side": "BUY", "hash": "8b26f81845a41ac704100f05d0af8fa7c764de8d", "best_bid": "0.056", "best_ask": "0.066"}, {"asset_id": "28031168267272318411821639097601043629445982703591607398815071893809982883679", "price": "0.989", "size": "637", "side": "SELL", "hash": "9adddefe18b722c9a3e44dceda987fccf74a8622", "best_bid": "0.934", "best_ask": "0.944"}], "timestamp": "1769384706081", "event_type": "price_change"}}
{"_local_timestamp": "2026-01-25T23:45:10.068149+00:00", "data": {"market": "0xbfe2252feb42b566915b9ad599ded119a0dcefd318734a8a691fe2add291edc6", "price_changes": [{"asset_id": "12144309745317498327988492133766790349325209540672841316531075369095028735050", "price": "0.056", "size": "33.29", "side": "BUY", "hash": "e5fb45c67052bf93b4427f14fcfb503c5305c542", "best_bid": "0.056", "best_ask": "0.066"}, {"asset_id": "28031168267272318411821639097601043629445982703591607398815071893809982883679", "price": "0.944", "size": "33.29", "side": "SELL", "hash": "23a8867427034229a9caab297b233c96d6aa7240", "best_bid": "0.934", "best_ask": "0.944"}], "timestamp": "1769384710000", "event_type": "price_change"}}
{"_local_timestamp": "2026-01-25T23:45:10.196369+00:00", "data": {"market": "0xbfe2252feb42b566915b9ad599ded119a0dcefd318734a8a691fe2add291edc6", "price_changes": [{"asset_id": "12144309745317498327988492133766790349325209540672841316531075369095028735050", "price": "0.055", "size": "403", "side": "BUY", "hash": "f2030fc36bc804cf16508564f216d824793e912a", "best_bid": "0.056", "best_ask": "0.066"}, {"asset_id": "28031168267272318411821639097601043629445982703591607398815071893809982883679", "price": "0.945", "size": "403", "side": "SELL", "hash": "4b9836e6338b3965cf7f423487fd32643efd5f5d", "best_bid": "0.934", "best_ask": "0.944"}], "timestamp": "1769384710123", "event_type": "price_change"}}
{"_local_timestamp": "2026-01-25T23:45:10.197246+00:00", "data": {"market": "0xbfe2252feb42b566915b9ad599ded119a0dcefd318734a8a691fe2add291edc6", "price_changes": [{"asset_id": "28031168267272318411821639097601043629445982703591607398815071893809982883679", "price": "0.933", "size": "102.85", "side": "BUY", "hash": "1f61a5d936f6a638b1a2e7cf567eff054471e3ce", "best_bid": "0.934", "best_ask": "0.944"}, {"asset_id": "12144309745317498327988492133766790349325209540672841316531075369095028735050", "price": "0.067", "size": "102.85", "side": "SELL", "hash": "1ce367331b170dc79770cd775f2089570f893f74", "best_bid": "0.056", "best_ask": "0.066"}], "timestamp": "1769384710123", "event_type": "price_change"}}
{"_local_timestamp": "2026-01-25T23:45:10.339867+00:00", "data": {"market": "0xbfe2252feb42b566915b9ad599ded119a0dcefd318734a8a691fe2add291edc6", "price_changes": [{"asset_id": "12144309745317498327988492133766790349325209540672841316531075369095028735050", "price": "0.05", "size": "100", "side": "BUY", "hash": "b58cbcbd8ecf3e45f54c67af2215fae7f004523a", "best_bid": "0.056", "best_ask": "0.066"}, {"asset_id": "28031168267272318411821639097601043629445982703591607398815071893809982883679", "price": "0.95", "size": "100", "side": "SELL", "hash": "8ff47ab5f953fbe2bd5e2f28d2373c379038474c", "best_bid": "0.934", "best_ask": "0.944"}], "timestamp": "1769384710274", "event_type": "price_change"}}
{"_local_timestamp": "2026-01-25T23:45:10.346801+00:00", "data": {"market": "0xbfe2252feb42b566915b9ad599ded119a0dcefd318734a8a691fe2add291edc6", "price_changes": [{"asset_id": "28031168267272318411821639097601043629445982703591607398815071893809982883679", "price": "0.933", "size": "152.85", "side": "BUY", "hash": "979ba747c8ebc667e1c733c862a3e4e5923cc34b", "best_bid": "0.934", "best_ask": "0.944"}, {"asset_id": "12144309745317498327988492133766790349325209540672841316531075369095028735050", "price": "0.067", "size": "152.85", "side": "SELL", "hash": "9d45eb44a45a652241937bb349cbf05aacffe903", "best_bid": "0.056", "best_ask": "0.066"}], "timestamp": "1769384710275", "event_type": "price_change"}}
{"_local_timestamp": "2026-01-25T23:45:17.879320+00:00", "data": {"market": "0xbfe2252feb42b566915b9ad599ded119a0dcefd318734a8a691fe2add291edc6", "price_changes": [{"asset_id": "12144309745317498327988492133766790349325209540672841316531075369095028735050", "price": "0.056", "size": "83.29", "side": "BUY", "hash": "8e4479427b813bd03f1d081257ca429347b8b13f", "best_bid": "0.056", "best_ask": "0.066"}, {"asset_id": "28031168267272318411821639097601043629445982703591607398815071893809982883679", "price": "0.944", "size": "83.29", "side": "SELL", "hash": "3903dccd5184efc092632c3e7f46c84010598286", "best_bid": "0.934", "best_ask": "0.944"}], "timestamp": "1769384717811", "event_type": "price_change"}}
{"_local_timestamp": "2026-01-25T23:45:17.999126+00:00", "data": {"market": "0xbfe2252feb42b566915b9ad599ded119a0dcefd318734a8a691fe2add291edc6", "price_changes": [{"asset_id": "28031168267272318411821639097601043629445982703591607398815071893809982883679", "price": "0.933", "size": "102.85", "side": "BUY", "hash": "4c7bd7b7100b4f4921bc73c3082717eb6453ab75", "best_bid": "0.934", "best_ask": "0.944"}, {"asset_id": "12144309745317498327988492133766790349325209540672841316531075369095028735050", "price": "0.067", "size": "102.85", "side": "SELL", "hash": "f3db74ab8857e5d4b9274ccd26a89ebd62482f0d", "best_bid": "0.056", "best_ask": "0.066"}], "timestamp": "1769384717930", "event_type": "price_change"}}
{"_local_timestamp": "2026-01-25T23:45:17.999569+00:00", "data": {"market": "0xbfe2252feb42b566915b9ad599ded119a0dcefd318734a8a691fe2add291edc6", "price_changes": [{"asset_id": "12144309745317498327988492133766790349325209540672841316531075369095028735050", "price": "0.05", "size": "50", "side": "BUY", "hash": "2a08c1d0c44de25770d7fa226bc1a9fa2340e4f4", "best_bid": "0.056", "best_ask": "0.066"}, {"asset_id": "28031168267272318411821639097601043629445982703591607398815071893809982883679", "price": "0.95", "size": "50", "side": "SELL", "hash": "47844a9ae4427baba773a943746b288afbd4397d", "best_bid": "0.934", "best_ask": "0.944"}], "timestamp": "1769384717930", "event_type": "price_change"}}
{"_local_timestamp": "2026-01-25T23:45:18.150962+00:00", "data": {"market": "0xbfe2252feb42b566915b9ad599ded119a0dcefd318734a8a691fe2add291edc6", "price_changes": [{"asset_id": "12144309745317498327988492133766790349325209540672841316531075369095028735050", "price": "0.055", "size": "453", "side": "BUY", "hash": "ae9fd9e97bd0769a2898075dc860fbe1bbb3f276", "best_bid": "0.056", "best_ask": "0.066"}, {"asset_id": "28031168267272318411821639097601043629445982703591607398815071893809982883679", "price": "0.945", "size": "453", "side": "SELL", "hash": "272bf78515a11f1c99240ed3bf80986bda832576", "best_bid": "0.934", "best_ask": "0.944"}], "timestamp": "1769384718084", "event_type": "price_change"}}
{"_local_timestamp": "2026-01-25T23:45:18.151338+00:00", "data": {"market": "0xbfe2252feb42b566915b9ad599ded119a0dcefd318734a8a691fe2add291edc6", "price_changes": [{"asset_id": "28031168267272318411821639097601043629445982703591607398815071893809982883679", "price": "0.933", "size": "152.85", "side": "BUY", "hash": "958fa0d0d912532f3339adcd27b03f737b019f4d", "best_bid": "0.934", "best_ask": "0.944"}, {"asset_id": "12144309745317498327988492133766790349325209540672841316531075369095028735050", "price": "0.067", "size": "152.85", "side": "SELL", "hash": "0c6c3ca58747bd1ecfee0f86c30f13ee1c4baee0", "best_bid": "0.056", "best_ask": "0.066"}], "timestamp": "1769384718085", "event_type": "price_change"}}
{"_local_timestamp": "2026-01-25T23:45:21.084111+00:00", "data": {"market": "0xbfe2252feb42b566915b9ad599ded119a0dcefd318734a8a691fe2add291edc6", "price_changes": [{"asset_id": "12144309745317498327988492133766790349325209540672841316531075369095028735050", "price": "0.001", "size": "7564.99", "side": "BUY", "hash": "1d65cbb86fd8b3cb0cb9c0ac2743a65eee945a2c", "best_bid": "0.056", "best_ask": "0.066"}, {"asset_id": "28031168267272318411821639097601043629445982703591607398815071893809982883679", "price": "0.999", "size": "7564.99", "side": "SELL", "hash": "b8ae2df55e7af1032f013b74bf127ecac9e972df", "best_bid": "0.934", "best_ask": "0.944"}], "timestamp": "1769384721000", "event_type": "price_change"}}
{"_local_timestamp": "2026-01-25T23:45:21.085840+00:00", "data": {"market": "0xbfe2252feb42b566915b9ad599ded119a0dcefd318734a8a691fe2add291edc6", "price_changes": [{"asset_id": "12144309745317498327988492133766790349325209540672841316531075369095028735050", "price": "0.011", "size": "182", "side": "BUY", "hash": "8d24f055cefabb81dd6602a2a00702256f810cdf", "best_bid": "0.056", "best_ask": "0.066"}, {"asset_id": "28031168267272318411821639097601043629445982703591607398815071893809982883679", "price": "0.989", "size": "182", "side": "SELL", "hash": "3a6748f64506105ca89196f6c9f66d8d4e7f54ff", "best_bid": "0.934", "best_ask": "0.944"}], "timestamp": "1769384721001", "event_type": "price_change"}}
{"_local_timestamp": "2026-01-25T23:45:21.094882+00:00", "data": {"market": "0xbfe2252feb42b566915b9ad599ded119a0dcefd318734a8a691fe2add291edc6", "price_changes": [{"asset_id": "12144309745317498327988492133766790349325209540672841316531075369095028735050", "price": "0.023", "size": "390.39", "side": "BUY", "hash": "8ed4409a48a51f49206678e68a0225b2fe865971", "best_bid": "0.056", "best_ask": "0.066"}, {"asset_id": "28031168267272318411821639097601043629445982703591607398815071893809982883679", "price": "0.977", "size": "390.39", "side": "SELL", "hash": "d85ecf565ae08bc57b776f9b6dc29024f00c0715", "best_bid": "0.934", "best_ask": "0.944"}], "timestamp": "1769384721002", "event_type": "price_change"}}
{"_local_timestamp": "2026-01-25T23:45:53.120779+00:00", "data": {"market": "0xbfe2252feb42b566915b9ad599ded119a0dcefd318734a8a691fe2add291edc6", "price_changes": [{"asset_id": "28031168267272318411821639097601043629445982703591607398815071893809982883679", "price": "0.241", "size": "100", "side": "BUY", "hash": "ea5668825e8b26b78f6b69454c4db2b77a04a2f5", "best_bid": "0.934", "best_ask": "0.944"}, {"asset_id": "12144309745317498327988492133766790349325209540672841316531075369095028735050", "price": "0.759", "size": "100", "side": "SELL", "hash": "49d036360a0d122fb3d31efb463fce06d3dd8058", "best_bid": "0.056", "best_ask": "0.066"}], "timestamp": "1769384752999", "event_type": "price_change"}}
{"_local_timestamp": "2026-01-25T23:45:53.713175+00:00", "data": {"market": "0xbfe2252feb42b566915b9ad599ded119a0dcefd318734a8a691fe2add291edc6", "price_changes": [{"asset_id": "28031168267272318411821639097601043629445982703591607398815071893809982883679", "price": "0.292", "size": "1538", "side": "BUY", "hash": "a3ddc345ec1eefc84716127c7ef701c1daadafbd", "best_bid": "0.934", "best_ask": "0.944"}, {"asset_id": "12144309745317498327988492133766790349325209540672841316531075369095028735050", "price": "0.708", "size": "1538", "side": "SELL", "hash": "25265fd2d1725afbb58f63dbe32ba8d0ac0a0a4e", "best_bid": "0.056", "best_ask": "0.066"}], "timestamp": "1769384753529", "event_type": "price_change"}}
{"_local_timestamp": "2026-01-25T23:45:59.747739+00:00", "data": {"market": "0xbfe2252feb42b566915b9ad599ded119a0dcefd318734a8a691fe2add291edc6", "price_changes": [{"asset_id": "12144309745317498327988492133766790349325209540672841316531075369095028735050", "price": "0.001", "size": "9564.99", "side": "BUY", "hash": "8703e0ce42e5d59400ebfb27a9af84157c2b04b7", "best_bid": "0.056", "best_ask": "0.066"}, {"asset_id": "28031168267272318411821639097601043629445982703591607398815071893809982883679", "price": "0.999", "size": "9564.99", "side": "SELL", "hash": "26aca6aeff521f03137b98c08b9d37989efef8af", "best_bid": "0.934", "best_ask": "0.944"}], "timestamp": "1769384759679", "event_type": "price_change"}}
{"_local_timestamp": "2026-01-25T23:45:59.748078+00:00", "data": {"market": "0xbfe2252feb42b566915b9ad599ded119a0dcefd318734a8a691fe2add291edc6", "price_changes": [{"asset_id": "12144309745317498327988492133766790349325209540672841316531075369095028735050", "price": "0.023", "size": "478.39", "side": "BUY", "hash": "2e43951352df177f0032e8b475be8759d008da86", "best_bid": "0.056", "best_ask": "0.066"}, {"asset_id": "28031168267272318411821639097601043629445982703591607398815071893809982883679", "price": "0.977", "size": "478.39", "side": "SELL", "hash": "b1995bd3eee8501f23fa5a58b611dea73ca29f31", "best_bid": "0.934", "best_ask": "0.944"}], "timestamp": "1769384759679", "event_type": "price_change"}}
{"_local_timestamp": "2026-01-25T23:45:59.748330+00:00", "data": {"market": "0xbfe2252feb42b566915b9ad599ded119a0dcefd318734a8a691fe2add291edc6", "price_changes": [{"asset_id": "12144309745317498327988492133766790349325209540672841316531075369095028735050", "price": "0.011", "size": "637", "side": "BUY", "hash": "a64760880243557824bbce3e0387847e8833b7b9", "best_bid": "0.056", "best_ask": "0.066"}, {"asset_id": "28031168267272318411821639097601043629445982703591607398815071893809982883679", "price": "0.989", "size": "637", "side": "SELL", "hash": "3faa27dd30a90d6bcad4736317537b0c6800cc0f", "best_bid": "0.934", "best_ask": "0.944"}], "timestamp": "1769384759680", "event_type": "price_change"}}
{"_local_timestamp": "2026-01-25T23:46:10.668088+00:00", "data": {"market": "0xbfe2252feb42b566915b9ad599ded119a0dcefd318734a8a691fe2add291edc6", "price_changes": [{"asset_id": "28031168267272318411821639097601043629445982703591607398815071893809982883679", "price": "0.292", "size": "100", "side": "BUY", "hash": "c505af9eb1c017b04d26ebb2bf31a888b6919108", "best_bid": "0.934", "best_ask": "0.944"}, {"asset_id": "12144309745317498327988492133766790349325209540672841316531075369095028735050", "price": "0.708", "size": "100", "side": "SELL", "hash": "abc4e398fb161a15580ac95b3cdc4cd9760b4a91", "best_bid": "0.056", "best_ask": "0.066"}], "timestamp": "1769384770459", "event_type": "price_change"}}
