{"_local_timestamp": "2026-01-25T23:40:31.243422+00:00", "data": [{"market": "0x26ebe9f65bd68ddedda46fd178b35f849aae4607e1265df3ef7243f99829f195", "asset_id": "86353192546542495916641527487272540176875193724127522627725581591930228417624", "timestamp": "1769384426830", "hash": "e0af07ffe4fe0a3fc6d10c490d8f7e8c3fc267f3", "bids": [{"price": "0.01", "size": "7560.12"}, {"price": "0.02", "size": "3000"}, {"price": "0.03", "size": "9.46"}, {"price": "0.05", "size": "10"}, {"price": "0.06", "size": "2000"}, {"price": "0.09", "size": "377.77"}, {"price": "0.1", "size": "6.14"}, {"price": "0.12", "size": "266.66"}, {"price": "0.15", "size": "1816.57"}, {"price": "0.18", "size": "144.44"}, {"price": "0.19", "size": "447"}, {"price": "0.2", "size": "10"}, {"price": "0.21", "size": "114.28"}, {"price": "0.24", "size": "233.33"}, {"price": "0.41", "size": "120"}, {"price": "0.46", "size": "28.26"}, {"price": "0.47", "size": "23.4"}, {"price": "0.5", "size": "1000"}, {"price": "0.51", "size": "23"}, {"price": "0.53", "size": "135.89"}, {"price": "0.54", "size": "30"}, {"price": "0.55", "size": "23"}, {"price": "0.56", "size": "8.5"}], "asks": [{"price": "0.99", "size": "4555.36"}, {"price": "0.98", "size": "19.57"}, {"price": "0.96", "size": "11600"}, {"price": "0.95", "size": "10"}, {"price": "0.94", "size": "10000"}, {"price": "0.93", "size": "300"}, {"price": "0.92", "size": "200"}, {"price": "0.91", "size": "100"}, {"price": "0.9", "size": "90.54"}, {"price": "0.84", "size": "222"}, {"price": "0.83", "size": "66.66"}, {"price": "0.8", "size": "65"}, {"price": "0.79", "size": "52.38"}, {"price": "0.76", "size": "266.66"}, {"price": "0.75", "size": "8.5"}, {"price": "0.72", "size": "91.66"}], "event_type": "book", "last_trade_price": ""}, {"market": "0x22cb289f07f3da4d3525f1c3944010a05c77d21ecf451719959ae54d24edcdb3", "asset_id": "63319160664943786518939060358909912675713743438409851354160257846337485458777", "timestamp": "1769384335230", "hash": "3f093855a1cf70d7314fc1dc84eb3c6a4d86f703", "bids": [{"price": "0.01", "size": "23"}, {"price": "0.02", "size": "2258.01"}, {"price": "0.03", "size": "10500"}, {"price": "0.04", "size": "508.46"}, {"price": "0.05", "size": "15000"}, {"price": "0.08", "size": "3000"}, {"price": "0.09", "size": "560.57"}, {"price": "0.1", "size": "110"}, {"price": "0.11", "size": "9.48"}, {"price": "0.12", "size": "108.33"}, {"price": "0.17", "size": "183"}, {"price": "0.18", "size": "421.19"}, {"price": "0.19", "size": "89.3"}], "asks": [{"price": "0.99", "size": "57"}, {"price": "0.98", "size": "18.01"}, {"price": "0.95", "size": "10"}, {"price": "0.94", "size": "8.33"}, {"price": "0.73", "size": "222"}, {"price": "0.72", "size": "7"}, {"price": "0.5", "size": "100"}, {"price": "0.4", "size": "12"}, {"price": "0.34", "size": "86.8"}, {"price": "0.31", "size": "18.84"}, {"price": "0.3", "size": "15.71"}, {"price": "0.29", "size": "17.35"}, {"price": "0.22", "size": "60.83"}], "event_type": "book", "last_trade_price": ""}, {"market": "0x26ebe9f65bd68ddedda46fd178b35f849aae4607e1265df3ef7243f99829f195", "asset_id": "63808367585655921040786645798394416641162584754134130888507371817017552687973", "timestamp": "1769384426830", "hash": "4efc3566b4212ca3668f1116bba18049f2249589", "bids": [{"price": "0.01", "size": "4555.36"}, {"price": "0.02", "size": "19.57"}, {"price": "0.04", "size": "11600"}, {"price": "0.05", "size": "10"}, {"price": "0.06", "size": "10000"}, {"price": "0.07", "size": "300"}, {"price": "0.08", "size": "200"}, {"price": "0.09", "size": "100"}, {"price": "0.1", "size": "90.54"}, {"price": "0.16", "size": "222"}, {"price": "0.17", "size": "66.66"}, {"price": "0.2", "size": "65"}, {"price": "0.21", "size": "52.38"}, {"price": "0.24", "size": "266.66"}, {"price": "0.25", "size": "8.5"}, {"price": "0.28", "size": "91.66"}], "asks": [{"price": "0.99", "size": "7560.12"}, {"price": "0.98", "size": "3000"}, {"price": "0.97", "size": "9.46"}, {"price": "0.95", "size": "10"}, {"price": "0.94", "size": "2000"}, {"price": "0.91", "size": "377.77"}, {"price": "0.9", "size": "6.14"}, {"price": "0.88", "size": "266.66"}, {"price": "0.85", "size": "1816.57"}, {"price": "0.82", "size": "144.44"}, {"price": "0.81", "size": "447"}, {"price": "0.8", "size": "10"}, {"price": "0.79", "size": "114.28"}, {"price": "0.76", "size": "233.33"}, {"price": "0.59", "size": "120"}, {"price": "0.54", "size": "28.26"}, {"price": "0.53", "size": "23.4"}, {"price": "0.5", "size": "1000"}, {"price": "0.49", "size": "23"}, {"price": "0.47", "size": "135.89"}, {"price": "0.46", "size": "30"}, {"price": "0.45", "size": "23"}, {"price": "0.44", "size": "8.5"}], "event_type": "book", "last_trade_price": ""}, {"market": "0x22cb289f07f3da4d3525f1c3944010a05c77d21ecf451719959ae54d24edcdb3", "asset_id": "87804592479196466711777128999586900823008283860411163575393570799751833246120", "timestamp": "1769384335230", "hash": "e86b56559af21af80dc10b7515a1fdab2d9245c9", "bids": [{"price": "0.01", "size": "57"}, {"price": "0.02", "size": "18.01"}, {"price": "0.05", "size": "10"}, {"price": "0.06", "size": "8.33"}, {"price": "0.27", "size": "222"}, {"price": "0.28", "size": "7"}, {"price": "0.5", "size": "100"}, {"price": "0.6", "size": "12"}, {"price": "0.66", "size": "86.8"}, {"price": "0.69", "size": "18.84"}, {"price": "0.7", "size": "15.71"}, {"price": "0.71", "size": "17.35"}, {"price": "0.78", "size": "60.83"}], "asks": [{"price": "0.99", "size": "23"}, {"price": "0.98", "size": "2258.01"}, {"price": "0.97", "size": "10500"}, {"price": "0.96", "size": "508.46"}, {"price": "0.95", "size": "15000"}, {"price": "0.92", "size": "3000"}, {"price": "0.91", "size": "560.57"}, {"price": "0.9", "size": "110"}, {"price": "0.89", "size": "9.48"}, {"price": "0.88", "size": "108.33"}, {"price": "0.83", "size": "183"}, {"price": "0.82", "size": "421.19"}, {"price": "0.81", "size": "89.3"}], "event_type": "book", "last_trade_price": ""}]}
{"_local_timestamp": "2026-01-25T23:41:51.972616+00:00", "data": {"market": "0x26ebe9f65bd68ddedda46fd178b35f849aae4607e1265df3ef7243f99829f195", "price_changes": [{"asset_id": "86353192546542495916641527487272540176875193724127522627725581591930228417624", "price": "0.56", "size": "76.35", "side": "BUY", "hash": "74fae872e7039de9e63fce3e4cbb0ba031481dae", "best_bid": "0.56", "best_ask": "0.72"}, {"asset_id": "63808367585655921040786645798394416641162584754134130888507371817017552687973", "price": "0.44", "size": "76.35", "side": "SELL", "hash": "e7f4acff6ddfa25a3b9ca153e1cc230eeee9917d", "best_bid": "0.28", "best_ask": "0.44"}], "timestamp": "1769384511864", "event_type": "price_change"}}
{"_local_timestamp": "2026-01-25T23:41:52.666684+00:00", "data": {"market": "0x26ebe9f65bd68ddedda46fd178b35f849aae4607e1265df3ef7243f99829f195", "price_changes": [{"asset_id": "86353192546542495916641527487272540176875193724127522627725581591930228417624", "price": "0.54", "size": "0", "side": "BUY", "hash": "d408b030a49688ddb09dbede262cf89bfeddbf07", "best_bid": "0.56", "best_ask": "0.72"}, {"asset_id": "63808367585655921040786645798394416641162584754134130888507371817017552687973", "price": "0.46", "size": "0", "side": "SELL", "hash": "200a33fedabe482d43bb84b1cb4d81dfa5a9f6e6", "best_bid": "0.28", "best_ask": "0.44"}], "timestamp": "1769384512585", "event_type": "price_change"}}
{"_local_timestamp": "2026-01-25T23:41:53.158173+00:00", "data": {"market": "0x26ebe9f65bd68ddedda46fd178b35f849aae4607e1265df3ef7243f99829f195", "price_changes": [{"asset_id": "86353192546542495916641527487272540176875193724127522627725581591930228417624", "price": "0.56", "size": "106.35", "side": "BUY", "hash": "4c5e5d98726939d07efea629fcef8a1be8d69f01", "best_bid": "0.56", "best_ask": "0.72"}, {"asset_id": "63808367585655921040786645798394416641162584754134130888507371817017552687973", "price": "0.44", "size": "106.35", "side": "SELL", "hash": "3cf8d4bc158c779381aaaa5d98bb7fcf39c3e863", "best_bid": "0.28", "best_ask": "0.44"}], "timestamp": "1769384512894", "event_type": "price_change"}}
{"_local_timestamp": "2026-01-25T23:42:00.761897+00:00", "data": {"market": "0x26ebe9f65bd68ddedda46fd178b35f849aae4607e1265df3ef7243f99829f195", "price_changes": [{"asset_id": "86353192546542495916641527487272540176875193724127522627725581591930228417624", "price": "0.56", "size": "97.85", "side": "BUY", "hash": "ed101efa87e30f6962f1aaa89e91c452b3f2612b", "best_bid": "0.56", "best_ask": "0.72"}, {"asset_id": "63808367585655921040786645798394416641162584754134130888507371817017552687973", "price": "0.44", "size": "97.85", "side": "SELL", "hash": "e28480f34e9136a807e40d20df3c1bb90ab05bea", "best_bid": "0.28", "best_ask": "0.44"}], "timestamp": "1769384520687", "event_type": "price_change"}}
{"_local_timestamp": "2026-01-25T23:42:00.790531+00:00", "data": {"market": "0x26ebe9f65bd68ddedda46fd178b35f849aae4607e1265df3ef7243f99829f195", "price_changes": [{"asset_id": "86353192546542495916641527487272540176875193724127522627725581591930228417624", "price": "0.52", "size": "8.5", "side": "BUY", "hash": "6315d2f7782340dbf164a7feeaf83ca835b9dae3", "best_bid": "0.56", "best_ask": "0.72"}, {"asset_id": "63808367585655921040786645798394416641162584754134130888507371817017552687973", "price": "0.48", "size": "8.5", "side": "SELL", "hash": "244133b1f8f8154b2a5993ef18b988003a258d59", "best_bid": "0.28", "best_ask": "0.44"}], "timestamp": "1769384520723", "event_type": "price_change"}}
{"_local_timestamp": "2026-01-25T23:42:03.756113+00:00", "data": {"market": "0x26ebe9f65bd68ddedda46fd178b35f849aae4607e1265df3ef7243f99829f195", "price_changes": [{"asset_id": "86353192546542495916641527487272540176875193724127522627725581591930228417624", "price": "0.52", "size": "0", "side": "BUY", "hash": "eaad133dc7fac459463e159a663e837f1b25c231", "best_bid": "0.56", "best_ask": "0.72"}, {"asset_id": "63808367585655921040786645798394416641162584754134130888507371817017552687973", "price": "0.48", "size": "0", "side": "SELL", "hash": "a70f65b8eb6f5b6ea53b6e1c1b0dc68b05a53036", "best_bid": "0.28", "best_ask": "0.44"}], "timestamp": "1769384523679", "event_type": "price_change"}}
{"_local_timestamp": "2026-01-25T23:42:03.791419+00:00", "data": {"market": "0x26ebe9f65bd68ddedda46fd178b35f849aae4607e1265df3ef7243f99829f195", "price_changes": [{"asset_id": "86353192546542495916641527487272540176875193724127522627725581591930228417624", "price": "0.57", "size": "8.5", "side": "BUY", "hash": "eac6c1294bb270652644131fefd1cf21ba980869", "best_bid": "0.57", "best_ask": "0.72"}, {"asset_id": "63808367585655921040786645798394416641162584754134130888507371817017552687973", "price": "0.43", "size": "8.5", "side": "SELL", "hash": "193aa730c972b049821d36f3e0ff6e2ad526fe82", "best_bid": "0.28", "best_ask": "0.43"}], "timestamp": "1769384523718", "event_type": "price_change"}}
