{"_local_timestamp": "2026-01-25T23:33:17.281156+00:00", "data": [{"market": "0x9191a518df23e67546ee548029803c645f80c5e5cc8a9f247841dcd910f11975", "asset_id": "10553917527871259014867933253903838134228152744058156727275127563897745134791", "timestamp": "1769383950748", "hash": "9e321ba5538c0f70efb5ed271ed63480648da180", "bids": [{"price": "0.01", "size": "32.9"}, {"price": "0.02", "size": "3000"}, {"price": "0.03", "size": "9.23"}, {"price": "0.04", "size": "1250"}, {"price": "0.05", "size": "3049"}, {"price": "0.08", "size": "450"}, {"price": "0.09", "size": "3332"}, {"price": "0.1", "size": "6.24"}, {"price": "0.12", "size": "283.33"}, {"price": "0.13", "size": "1230"}, {"price": "0.16", "size": "200"}, {"price": "0.17", "size": "940"}, {"price": "0.2", "size": "140"}, {"price": "0.25", "size": "104"}, {"price": "0.29", "size": "82.75"}, {"price": "0.33", "size": "60.6"}, {"price": "0.34", "size": "5"}, {"price": "0.5", "size": "17.24"}, {"price": "0.64", "size": "18.23"}, {"price": "0.66", "size": "19.69"}, {"price": "0.67", "size": "16.41"}, {"price": "0.7", "size": "402.06"}, {"price": "0.72", "size": "79.99"}, {"price": "0.75", "size": "67"}], "asks": [{"price": "0.99", "size": "2531.36"}, {"price": "0.98", "size": "4261.57"}, {"price": "0.97", "size": "500"}, {"price": "0.96", "size": "6.72"}, {"price": "0.94", "size": "8.93"}, {"price": "0.93", "size": "8.27"}, {"price": "0.9", "size": "300"}, {"price": "0.88", "size": "400"}, {"price": "0.87", "size": "184.61"}, {"price": "0.85", "size": "200"}, {"price": "0.83", "size": "200"}, {"price": "0.82", "size": "294.38"}, {"price": "0.81", "size": "388.56"}, {"price": "0.8", "size": "36"}], "event_type": "book", "last_trade_price": ""}, {"market": "0xf78f04ac15082bd53191c6efd8670b3fa04fc99d07e33e98ea6ddcf99b7a2c93", "asset_id": "52866829602762686148321814180381479205857294215946401606562161926057027593442", "timestamp": "1769383786661", "hash": "130adf5ae3e50fba48d67a1fafef9495985c7532", "bids": [{"price": "0.01", "size": "19078"}, {"price": "0.02", "size": "3780.02"}, {"price": "0.03", "size": "433.33"}, {"price": "0.04", "size": "143.61"}, {"price": "0.05", "size": "2853.28"}, {"price": "0.06", "size": "8.25"}, {"price": "0.07", "size": "1487"}, {"price": "0.08", "size": "345.55"}, {"price": "0.09", "size": "72"}, {"price": "0.1", "size": "10166.9"}, {"price": "0.11", "size": "1110"}], "asks": [{"price": "0.99", "size": "32.74"}, {"price": "0.98", "size": "2500"}, {"price": "0.97", "size": "10.16"}, {"price": "0.96", "size": "1250"}, {"price": "0.91", "size": "400"}, {"price": "0.9", "size": "250"}, {"price": "0.89", "size": "2731.43"}, {"price": "0.86", "size": "242.85"}, {"price": "0.85", "size": "1066"}, {"price": "0.82", "size": "177.77"}, {"price": "0.81", "size": "842"}, {"price": "0.8", "size": "2100"}, {"price": "0.77", "size": "121.73"}, {"price": "0.73", "size": "96.29"}, {"price": "0.68", "size": "75"}, {"price": "0.67", "size": "2223.52"}, {"price": "0.66", "size": "4077"}, {"price": "0.65", "size": "5"}, {"price": "0.64", "size": "55.55"}, {"price": "0.5", "size": "60"}, {"price": "0.48", "size": "30"}, {"price": "0.42", "size": "263.94"}, {"price": "0.3", "size": "170.52"}, {"price": "0.29", "size": "18.3"}, {"price": "0.28", "size": "15.27"}, {"price": "0.19", "size": "116.66"}, {"price": "0.18", "size": "4486"}, {"price": "0.17", "size": "1430.22"}, {"price": "0.15", "size": "805"}, {"price": "0.14", "size": "886.52"}, {"price": "0.13", "size": "605"}], "event_type": "book", "last_trade_price": "0.120"}, {"market": "0xf78f04ac15082bd53191c6efd8670b3fa04fc99d07e33e98ea6ddcf99b7a2c93", "asset_id": "76706438722657094807428459302230308718943542424974381190511598583787421448196", "timestamp": "1769383786661", "hash": "6b54b4d025d463a25174b0ca430871e4e7fe619a", "bids": [{"price": "0.01", "size": "32.74"}, {"price": "0.02", "size": "2500"}, {"price": "0.03", "size": "10.16"}, {"price": "0.04", "size": "1250"}, {"price": "0.09", "size": "400"}, {"price": "0.1", "size": "250"}, {"price": "0.11", "size": "2731.43"}, {"price": "0.14", "size": "242.85"}, {"price": "0.15", "size": "1066"}, {"price": "0.18", "size": "177.77"}, {"price": "0.19", "size": "842"}, {"price": "0.2", "size": "2100"}, {"price": "0.23", "size": "121.73"}, {"price": "0.27", "size": "96.29"}, {"price": "0.32", "size": "75"}, {"price": "0.33", "size": "2223.52"}, {"price": "0.34", "size": "4077"}, {"price": "0.35", "size": "5"}, {"price": "0.36", "size": "55.55"}, {"price": "0.5", "size": "60"}, {"price": "0.52", "size": "30"}, {"price": "0.58", "size": "263.94"}, {"price": "0.7", "size": "170.52"}, {"price": "0.71", "size": "18.3"}, {"price": "0.72", "size": "15.27"}, {"price": "0.81", "size": "116.66"}, {"price": "0.82", "size": "4486"}, {"price": "0.83", "size": "1430.22"}, {"price": "0.85", "size": "805"}, {"price": "0.86", "size": "886.52"}, {"price": "0.87", "size": "605"}], "asks": [{"price": "0.99", "size": "19078"}, {"price": "0.98", "size": "3780.02"}, {"price": "0.97", "size": "433.33"}, {"price": "0.96", "size": "143.61"}, {"price": "0.95", "size": "2853.28"}, {"price": "0.94", "size": "8.25"}, {"price": "0.93", "size": "1487"}, {"price": "0.92", "size": "345.55"}, {"price": "0.91", "size": "72"}, {"price": "0.9", "size": "10166.9"}, {"price": "0.89", "size": "1110"}], "event_type": "book", "last_trade_price": "0.120"}, {"market": "0x9191a518df23e67546ee548029803c645f80c5e5cc8a9f247841dcd910f11975", "asset_id": "106383854378569763040038727158261681740086130201198677161578651498744312589763", "timestamp": "1769383950748", "hash": "c1aebd25bf0cb516d0d89daeeed61e676791b1df", "bids": [{"price": "0.01", "size": "2531.36"}, {"price": "0.02", "size": "4261.57"}, {"price": "0.03", "size": "500"}, {"price": "0.04", "size": "6.72"}, {"price": "0.06", "size": "8.93"}, {"price": "0.07", "size": "8.27"}, {"price": "0.1", "size": "300"}, {"price": "0.12", "size": "400"}, {"price": "0.13", "size": "184.61"}, {"price": "0.15", "size": "200"}, {"price": "0.17", "size": "200"}, {"price": "0.18", "size": "294.38"}, {"price": "0.19", "size": "388.56"}, {"price": "0.2", "size": "36"}], "asks": [{"price": "0.99", "size": "32.9"}, {"price": "0.98", "size": "3000"}, {"price": "0.97", "size": "9.23"}, {"price": "0.96", "size": "1250"}, {"price": "0.95", "size": "3049"}, {"price": "0.92", "size": "450"}, {"price": "0.91", "size": "3332"}, {"price": "0.9", "size": "6.24"}, {"price": "0.88", "size": "283.33"}, {"price": "0.87", "size": "1230"}, {"price": "0.84", "size": "200"}, {"price": "0.83", "size": "940"}, {"price": "0.8", "size": "140"}, {"price": "0.75", "size": "104"}, {"price": "0.71", "size": "82.75"}, {"price": "0.67", "size": "60.6"}, {"price": "0.66", "size": "5"}, {"price": "0.5", "size": "17.24"}, {"price": "0.36", "size": "18.23"}, {"price": "0.34", "size": "19.69"}, {"price": "0.33", "size": "16.41"}, {"price": "0.3", "size": "402.06"}, {"price": "0.28", "size": "79.99"}, {"price": "0.25", "size": "67"}], "event_type": "book", "last_trade_price": ""}]}
{"_local_timestamp": "2026-01-25T23:33:18.047606+00:00", "data": {"market": "0x9191a518df23e67546ee548029803c645f80c5e5cc8a9f247841dcd910f11975", "price_changes": [{"asset_id": "10553917527871259014867933253903838134228152744058156727275127563897745134791", "price": "0.19", "size": "2210", "side": "BUY", "hash": "27837e6834f148583472198f705c3e97a91654df", "best_bid": "0.75", "best_ask": "0.8"}, {"asset_id": "106383854378569763040038727158261681740086130201198677161578651498744312589763", "price": "0.81", "size": "2210", "side": "SELL", "hash": "a0ec5a68f7b10454a1a8468c9e6023f929ef173e", "best_bid": "0.2", "best_ask": "0.25"}], "timestamp": "1769383997970", "event_type": "price_change"}}
{"_local_timestamp": "2026-01-25T23:35:04.073419+00:00", "data": {"market": "0xf78f04ac15082bd53191c6efd8670b3fa04fc99d07e33e98ea6ddcf99b7a2c93", "price_changes": [{"asset_id": "76706438722657094807428459302230308718943542424974381190511598583787421448196", "price": "0.03", "size": "0", "side": "BUY", "hash": "4e638205e18e7bf51a568a8ff562b6a3bc223285", "best_bid": "0.87", "best_ask": "0.89"}, {"asset_id": "52866829602762686148321814180381479205857294215946401606562161926057027593442", "price": "0.97", "size": "0", "side": "SELL", "hash": "0d29147d0e230275c179c3ff074c02a76beab75e", "best_bid": "0.11", "best_ask": "0.13"}], "timestamp": "1769384104000", "event_type": "price_change"}}
{"_local_timestamp": "2026-01-25T23:35:04.080129+00:00", "data": {"market": "0xf78f04ac15082bd53191c6efd8670b3fa04fc99d07e33e98ea6ddcf99b7a2c93", "price_changes": [{"asset_id": "76706438722657094807428459302230308718943542424974381190511598583787421448196", "price": "0.11", "size": "2726", "side": "BUY", "hash": "5a83e4a9371427ed34b4cb5542092c36e954469c", "best_bid": "0.87", "best_ask": "0.89"}, {"asset_id": "52866829602762686148321814180381479205857294215946401606562161926057027593442", "price": "0.89", "size": "2726", "side": "SELL", "hash": "d4a8fc1c580340dc84c97b7ecea3eb3b55eb16b1", "best_bid": "0.11", "best_ask": "0.13"}], "timestamp": "1769384104001", "event_type": "price_change"}}
{"_local_timestamp": "2026-01-25T23:35:04.084717+00:00", "data": {"market": "0xf78f04ac15082bd53191c6efd8670b3fa04fc99d07e33e98ea6ddcf99b7a2c93", "price_changes": [{"asset_id": "76706438722657094807428459302230308718943542424974381190511598583787421448196", "price": "0.01", "size": "23", "side": "BUY", "hash": "2149ea85e4acb50f9a7273ada5b72eb7b3b9ca93", "best_bid": "0.87", "best_ask": "0.89"}, {"asset_id": "52866829602762686148321814180381479205857294215946401606562161926057027593442", "price": "0.99", "size": "23", "side": "SELL", "hash": "1aa3b2c679644cce447990e61782b46996e2a5ae", "best_bid": "0.11", "best_ask": "0.13"}], "timestamp": "1769384104004", "event_type": "price_change"}}
{"_local_timestamp": "2026-01-25T23:35:50.167941+00:00", "data": {"market": "0xf78f04ac15082bd53191c6efd8670b3fa04fc99d07e33e98ea6ddcf99b7a2c93", "price_changes": [{"asset_id": "52866829602762686148321814180381479205857294215946401606562161926057027593442", "price": "0.07", "size": "1502", "side": "BUY", "hash": "5df55a28164a6615ecea6d36f2a7342a1bf1d035", "best_bid": "0.11", "best_ask": "0.13"}, {"asset_id": "76706438722657094807428459302230308718943542424974381190511598583787421448196", "price": "0.93", "size": "1502", "side": "SELL", "hash": "c3c82ea53dbca34f08b9e5aa86ca15503a9d818a", "best_bid": "0.87", "best_ask": "0.89"}], "timestamp": "1769384150083", "event_type": "price_change"}}
{"_local_timestamp": "2026-01-25T23:35:50.168897+00:00", "data": {"market": "0xf78f04ac15082bd53191c6efd8670b3fa04fc99d07e33e98ea6ddcf99b7a2c93", "price_changes": [{"asset_id": "52866829602762686148321814180381479205857294215946401606562161926057027593442", "price": "0.05", "size": "2913.28", "side": "BUY", "hash": "d3f5a0b5386ea50821ed1c0a1d089480d0ca689e", "best_bid": "0.11", "best_ask": "0.13"}, {"asset_id": "76706438722657094807428459302230308718943542424974381190511598583787421448196", "price": "0.95", "size": "2913.28", "side": "SELL", "hash": "5650816388bb4c3fab9285418da27a4a4d79b8cd", "best_bid": "0.87", "best_ask": "0.89"}], "timestamp": "1769384150084", "event_type": "price_change"}}
{"_local_timestamp": "2026-01-25T23:35:50.169169+00:00", "data": {"market": "0xf78f04ac15082bd53191c6efd8670b3fa04fc99d07e33e98ea6ddcf99b7a2c93", "price_changes": [{"asset_id": "52866829602762686148321814180381479205857294215946401606562161926057027593442", "price": "0.01", "size": "19578", "side": "BUY", "hash": "15e3920523e06afa135221e7a13fee22c2153857", "best_bid": "0.11", "best_ask": "0.13"}, {"asset_id": "76706438722657094807428459302230308718943542424974381190511598583787421448196", "price": "0.99", "size": "19578", "side": "SELL", "hash": "7ae5098c8dd6c5f8802e2ee6dea797ff3a8500b7", "best_bid": "0.87", "best_ask": "0.89"}], "timestamp": "1769384150085", "event_type": "price_change"}}
{"_local_timestamp": "2026-01-25T23:35:58.146006+00:00", "data": {"market": "0x9191a518df23e67546ee548029803c645f80c5e5cc8a9f247841dcd910f11975", "price_changes": [{"asset_id": "10553917527871259014867933253903838134228152744058156727275127563897745134791", "price": "0.19", "size": "0", "side": "BUY", "hash": "ed4e7c4118d5a127058eded707de812b4f0168d9", "best_bid": "0.75", "best_ask": "0.8"}, {"asset_id": "106383854378569763040038727158261681740086130201198677161578651498744312589763", "price": "0.81", "size": "0", "side": "SELL", "hash": "c504c3a97086832d506745b9ea6bac97c6f01512", "best_bid": "0.2", "best_ask": "0.25"}], "timestamp": "1769384158067", "event_type": "price_change"}}
{"_local_timestamp": "2026-01-25T23:36:00.685287+00:00", "data": {"market": "0x9191a518df23e67546ee548029803c645f80c5e5cc8a9f247841dcd910f11975", "price_changes": [{"asset_id": "10553917527871259014867933253903838134228152744058156727275127563897745134791", "price": "0.18", "size": "2332", "side": "BUY", "hash": "9813dd6377b8cc2e85070196c22a606b0a7aff45", "best_bid": "0.75", "best_ask": "0.8"}, {"asset_id": "106383854378569763040038727158261681740086130201198677161578651498744312589763", "price": "0.82", "size": "2332", "side": "SELL", "hash": "fac9eb542fa193791aad6654d91ef8fcfacbe574", "best_bid": "0.2", "best_ask": "0.25"}], "timestamp": "1769384160617", "event_type": "price_change"}}
{"_local_timestamp": "2026-01-25T23:36:07.079998+00:00", "data": {"market": "0xf78f04ac15082bd53191c6efd8670b3fa04fc99d07e33e98ea6ddcf99b7a2c93", "price_changes": [{"asset_id": "52866829602762686148321814180381479205857294215946401606562161926057027593442", "price": "0.07", "size": "1459", "side": "BUY", "hash": "4dc9755d618ccb1117ff7ed531d84c12b9b35937", "best_bid": "0.11", "best_ask": "0.13"}, {"asset_id": "76706438722657094807428459302230308718943542424974381190511598583787421448196", "price": "0.93", "size": "1459", "side": "SELL", "hash": "e452c572dc9126b442981b03f6738361d150ac22", "best_bid": "0.87", "best_ask": "0.89"}], "timestamp": "1769384167001", "event_type": "price_change"}}
{"_local_timestamp": "2026-01-25T23:36:07.086878+00:00", "data": {"market": "0xf78f04ac15082bd53191c6efd8670b3fa04fc99d07e33e98ea6ddcf99b7a2c93", "price_changes": [{"asset_id": "52866829602762686148321814180381479205857294215946401606562161926057027593442", "price": "0.05", "size": "2793.28", "side": "BUY", "hash": "e54d8a5f5df69f4d7cf035f808d57d5d13d6347d", "best_bid": "0.11", "best_ask": "0.13"}, {"asset_id": "76706438722657094807428459302230308718943542424974381190511598583787421448196", "price": "0.95", "size": "2793.28", "side": "SELL", "hash": "5391256078c1324dfa7b254dfd21585e63b07978", "best_bid": "0.87", "best_ask": "0.89"}], "timestamp": "1769384167002", "event_type": "price_change"}}
{"_local_timestamp": "2026-01-25T23:36:07.087444+00:00", "data": {"market": "0xf78f04ac15082bd53191c6efd8670b3fa04fc99d07e33e98ea6ddcf99b7a2c93", "price_changes": [{"asset_id": "52866829602762686148321814180381479205857294215946401606562161926057027593442", "price": "0.01", "size": "18478", "side": "BUY", "hash": "e54d8a5f5df69f4d7cf035f808d57d5d13d6347d", "best_bid": "0.11", "best_ask": "0.13"}, {"asset_id": "76706438722657094807428459302230308718943542424974381190511598583787421448196", "price": "0.99", "size": "18478", "side": "SELL", "hash": "5391256078c1324dfa7b254dfd21585e63b07978", "best_bid": "0.87", "best_ask": "0.89"}], "timestamp": "1769384167002", "event_type": "price_change"}}
{"_local_timestamp": "2026-01-25T23:36:20.407867+00:00", "data": {"market": "0xf78f04ac15082bd53191c6efd8670b3fa04fc99d07e33e98ea6ddcf99b7a2c93", "price_changes": [{"asset_id": "52866829602762686148321814180381479205857294215946401606562161926057027593442", "price": "0.05", "size": "2913.28", "side": "BUY", "hash": "1b313f50c747190c3d377f9d3e884de776c50010", "best_bid": "0.11", "best_ask": "0.13"}, {"asset_id": "76706438722657094807428459302230308718943542424974381190511598583787421448196", "price": "0.95", "size": "2913.28", "side": "SELL", "hash": "c2af62048aa764f188cc35ac3e05f7a17e93c3d8", "best_bid": "0.87", "best_ask": "0.89"}], "timestamp": "1769384180333", "event_type": "price_change"}}
{"_local_timestamp": "2026-01-25T23:36:20.409930+00:00", "data": {"market": "0xf78f04ac15082bd53191c6efd8670b3fa04fc99d07e33e98ea6ddcf99b7a2c93", "price_changes": [{"asset_id": "52866829602762686148321814180381479205857294215946401606562161926057027593442", "price": "0.01", "size": "19578", "side": "BUY", "hash": "8269b200c34b7dca43729104230f213fcc591161", "best_bid": "0.11", "best_ask": "0.13"}, {"asset_id": "76706438722657094807428459302230308718943542424974381190511598583787421448196", "price": "0.99", "size": "19578", "side": "SELL", "hash": "7d895d245bf5d20169e938759283cbb872de3356", "best_bid": "0.87", "best_ask": "0.89"}], "timestamp": "1769384180334", "event_type": "price_change"}}
{"_local_timestamp": "2026-01-25T23:36:20.421689+00:00", "data": {"market": "0xf78f04ac15082bd53191c6efd8670b3fa04fc99d07e33e98ea6ddcf99b7a2c93", "price_changes": [{"asset_id": "52866829602762686148321814180381479205857294215946401606562161926057027593442", "price": "0.07", "size": "1502", "side": "BUY", "hash": "93163e7d670013392f968745dfed81ac4a1d6407", "best_bid": "0.11", "best_ask": "0.13"}, {"asset_id": "76706438722657094807428459302230308718943542424974381190511598583787421448196", "price": "0.93", "size": "1502", "side": "SELL", "hash": "4c9393c63421835ae6957b6dead45076a9de09af", "best_bid": "0.87", "best_ask": "0.89"}], "timestamp": "1769384180334", "event_type": "price_change"}}
{"_local_timestamp": "2026-01-25T23:37:35.193985+00:00", "data": {"market": "0x9191a518df23e67546ee548029803c645f80c5e5cc8a9f247841dcd910f11975", "price_changes": [{"asset_id": "10553917527871259014867933253903838134228152744058156727275127563897745134791", "price": "0.18", "size": "0", "side": "BUY", "hash": "7ec0fbddd8907dac31b92faac18ca2d2e8a42a77", "best_bid": "0.75", "best_ask": "0.8"}, {"asset_id": "106383854378569763040038727158261681740086130201198677161578651498744312589763", "price": "0.82", "size": "0", "side": "SELL", "hash": "13b9e3f72e4803100abdb9778630845aa0f9a063", "best_bid": "0.2", "best_ask": "0.25"}], "timestamp": "1769384255115", "event_type": "price_change"}}
{"_local_timestamp": "2026-01-25T23:38:31.172026+00:00", "data": {"market": "0x9191a518df23e67546ee548029803c645f80c5e5cc8a9f247841dcd910f11975", "price_changes": [{"asset_id": "10553917527871259014867933253903838134228152744058156727275127563897745134791", "price": "0.19", "size": "2210", "side": "BUY", "hash": "5801eb98c47aa56a7bf1c638c0b07c9bf2296446", "best_bid": "0.75", "best_ask": "0.8"}, {"asset_id": "106383854378569763040038727158261681740086130201198677161578651498744312589763", "price": "0.81", "size": "2210", "side": "SELL", "hash": "108df63aa378318ffb469192c7bc73b6c998a20f", "best_bid": "0.2", "best_ask": "0.25"}], "timestamp": "1769384311101", "event_type": "price_change"}}
{"_local_timestamp": "2026-01-25T23:38:45.074195+00:00", "data": {"market": "0x9191a518df23e67546ee548029803c645f80c5e5cc8a9f247841dcd910f11975", "price_changes": [{"asset_id": "106383854378569763040038727158261681740086130201198677161578651498744312589763", "price": "0.04", "size": "0", "side": "BUY", "hash": "ece61d7a2309dfe2c18c0ba072769a68136ed85c", "best_bid": "0.2", "best_ask": "0.25"}, {"asset_id": "10553917527871259014867933253903838134228152744058156727275127563897745134791", "price": "0.96", "size": "0", "side": "SELL", "hash": "2960a306e01a35ed7cc9fc6021aebfe6fdb2b120", "best_bid": "0.75", "best_ask": "0.8"}], "timestamp": "1769384325000", "event_type": "price_change"}}
{"_local_timestamp": "2026-01-25T23:38:45.083078+00:00", "data": {"market": "0x9191a518df23e67546ee548029803c645f80c5e5cc8a9f247841dcd910f11975", "price_changes": [{"asset_id": "106383854378569763040038727158261681740086130201198677161578651498744312589763", "price": "0.07", "size": "0", "side": "BUY", "hash": "18c34ffc9155efdd6abfd9c80c321030eb4dcd87", "best_bid": "0.2", "best_ask": "0.25"}, {"asset_id": "10553917527871259014867933253903838134228152744058156727275127563897745134791", "price": "0.93", "size": "0", "side": "SELL", "hash": "73e2449849095f26687bec89e782f4329222bae6", "best_bid": "0.75", "best_ask": "0.8"}], "timestamp": "1769384325001", "event_type": "price_change"}}
{"_local_timestamp": "2026-01-25T23:38:45.083552+00:00", "data": {"market": "0x9191a518df23e67546ee548029803c645f80c5e5cc8a9f247841dcd910f11975", "price_changes": [{"asset_id": "10553917527871259014867933253903838134228152744058156727275127563897745134791", "price": "0.01", "size": "23", "side": "BUY", "hash": "e41e108116bd64416c866546d5922565fdf99618", "best_bid": "0.75", "best_ask": "0.8"}, {"asset_id": "106383854378569763040038727158261681740086130201198677161578651498744312589763", "price": "0.99", "size": "23", "side": "SELL", "hash": "338dabb17550031e06105ea3c7f1f8ac7ea26ce2", "best_bid": "0.2", "best_ask": "0.25"}], "timestamp": "1769384325002", "event_type": "price_change"}}
{"_local_timestamp": "2026-01-25T23:38:45.088896+00:00", "data": {"market": "0x9191a518df23e67546ee548029803c645f80c5e5cc8a9f247841dcd910f11975", "price_changes": [{"asset_id": "106383854378569763040038727158261681740086130201198677161578651498744312589763", "price": "0.02", "size": "4254", "side": "BUY", "hash": "338dabb17550031e06105ea3c7f1f8ac7ea26ce2", "best_bid": "0.2", "best_ask": "0.25"}, {"asset_id": "10553917527871259014867933253903838134228152744058156727275127563897745134791", "price": "0.98", "size": "4254", "side": "SELL", "hash": "e41e108116bd64416c866546d5922565fdf99618", "best_bid": "0.75", "best_ask": "0.8"}], "timestamp": "1769384325002", "event_type": "price_change"}}
{"_local_timestamp": "2026-01-25T23:38:45.089370+00:00", "data": {"market": "0x9191a518df23e67546ee548029803c645f80c5e5cc8a9f247841dcd910f11975", "price_changes": [{"asset_id": "10553917527871259014867933253903838134228152744058156727275127563897745134791", "price": "0.03", "size": "0", "side": "BUY", "hash": "3f26589a30211692954561164a28d71b1b689d84", "best_bid": "0.75", "best_ask": "0.8"}, {"asset_id": "106383854378569763040038727158261681740086130201198677161578651498744312589763", "price": "0.97", "size": "0", "side": "SELL", "hash": "aa1659e93e89a584d07bc21a9db2e7e2c8d7cdf7", "best_bid": "0.2", "best_ask": "0.25"}], "timestamp": "1769384325003", "event_type": "price_change"}}
{"_local_timestamp": "2026-01-25T23:38:48.105272+00:00", "data": {"market": "0xf78f04ac15082bd53191c6efd8670b3fa04fc99d07e33e98ea6ddcf99b7a2c93", "price_changes": [{"asset_id": "52866829602762686148321814180381479205857294215946401606562161926057027593442", "price": "0.07", "size": "902", "side": "BUY", "hash": "d74ce9e274d237e9d61fd3f7f8a2b145430e3512", "best_bid": "0.11", "best_ask": "0.13"}, {"asset_id": "76706438722657094807428459302230308718943542424974381190511598583787421448196", "price": "0.93", "size": "902", "side": "SELL", "hash": "b0a4061663a992bd8db28a4f183ee939471879f0", "best_bid": "0.87", "best_ask": "0.89"}], "timestamp": "1769384328002", "event_type": "price_change"}}
{"_local_timestamp": "2026-01-25T23:38:48.105739+00:00", "data": {"market": "0xf78f04ac15082bd53191c6efd8670b3fa04fc99d07e33e98ea6ddcf99b7a2c93", "price_changes": [{"asset_id": "52866829602762686148321814180381479205857294215946401606562161926057027593442", "price": "0.05", "size": "1253.28", "side": "BUY", "hash": "32e4d7b67ae9a738692c15c20fa0bc43605e2c1a", "best_bid": "0.11", "best_ask": "0.13"}, {"asset_id": "76706438722657094807428459302230308718943542424974381190511598583787421448196", "price": "0.95", "size": "1253.28", "side": "SELL", "hash": "6daf4179d380275c68fc5d04d11885e966e9daf8", "best_bid": "0.87", "best_ask": "0.89"}], "timestamp": "1769384328003", "event_type": "price_change"}}
{"_local_timestamp": "2026-01-25T23:38:48.106067+00:00", "data": {"market": "0xf78f04ac15082bd53191c6efd8670b3fa04fc99d07e33e98ea6ddcf99b7a2c93", "price_changes": [{"asset_id": "52866829602762686148321814180381479205857294215946401606562161926057027593442", "price": "0.01", "size": "2878", "side": "BUY", "hash": "32e4d7b67ae9a738692c15c20fa0bc43605e2c1a", "best_bid": "0.11", "best_ask": "0.13"}, {"asset_id": "76706438722657094807428459302230308718943542424974381190511598583787421448196", "price": "0.99", "size": "2878", "side": "SELL", "hash": "6daf4179d380275c68fc5d04d11885e966e9daf8", "best_bid": "0.87", "best_ask": "0.89"}], "timestamp": "1769384328003", "event_type": "price_change"}}
{"_local_timestamp": "2026-01-25T23:38:51.700021+00:00", "data": {"market": "0xf78f04ac15082bd53191c6efd8670b3fa04fc99d07e33e98ea6ddcf99b7a2c93", "price_changes": [{"asset_id": "52866829602762686148321814180381479205857294215946401606562161926057027593442", "price": "0.05", "size": "2913.28", "side": "BUY", "hash": "b5a81db75e362203ce88a96bb6db2b1fcc6cdd2b", "best_bid": "0.11", "best_ask": "0.13"}, {"asset_id": "76706438722657094807428459302230308718943542424974381190511598583787421448196", "price": "0.95", "size": "2913.28", "side": "SELL", "hash": "76ee062b62c8785ea039f44210449a564f668aab", "best_bid": "0.87", "best_ask": "0.89"}], "timestamp": "1769384331633", "event_type": "price_change"}}
{"_local_timestamp": "2026-01-25T23:38:51.705717+00:00", "data": {"market": "0xf78f04ac15082bd53191c6efd8670b3fa04fc99d07e33e98ea6ddcf99b7a2c93", "price_changes": [{"asset_id": "52866829602762686148321814180381479205857294215946401606562161926057027593442", "price": "0.07", "size": "1502", "side": "BUY", "hash": "9d240086a39a3770f858f3a29a855fb3bcaf426b", "best_bid": "0.11", "best_ask": "0.13"}, {"asset_id": "76706438722657094807428459302230308718943542424974381190511598583787421448196", "price": "0.93", "size": "1502", "side": "SELL", "hash": "87262805a952ecef1b27972df5c4cc7e99e55107", "best_bid": "0.87", "best_ask": "0.89"}], "timestamp": "1769384331633", "event_type": "price_change"}}
{"_local_timestamp": "2026-01-25T23:38:51.706157+00:00", "data": {"market": "0xf78f04ac15082bd53191c6efd8670b3fa04fc99d07e33e98ea6ddcf99b7a2c93", "price_changes": [{"asset_id": "52866829602762686148321814180381479205857294215946401606562161926057027593442", "price": "0.01", "size": "19578", "side": "BUY", "hash": "536c64f1e2af46e08a110fcb763d49ffc18386ab", "best_bid": "0.11", "best_ask": "0.13"}, {"asset_id": "76706438722657094807428459302230308718943542424974381190511598583787421448196", "price": "0.99", "size": "19578", "side": "SELL", "hash": "5028c356bf1b07519715ae1b9c660da83ca4b22f", "best_bid": "0.87", "best_ask": "0.89"}], "timestamp": "1769384331634", "event_type": "price_change"}}
{"_local_timestamp": "2026-01-25T23:38:55.087546+00:00", "data": {"market": "0xf78f04ac15082bd53191c6efd8670b3fa04fc99d07e33e98ea6ddcf99b7a2c93", "price_changes": [{"asset_id": "52866829602762686148321814180381479205857294215946401606562161926057027593442", "price": "0.02", "size": "3767", "side": "BUY", "hash": "b7edae7d1a0db9a1e97da2d55c5912730dbecbfb", "best_bid": "0.11", "best_ask": "0.13"}, {"asset_id": "76706438722657094807428459302230308718943542424974381190511598583787421448196", "price": "0.98", "size": "3767", "side": "SELL", "hash": "b410a42b10fd6fd23221c058224c913036f03583", "best_bid": "0.87", "best_ask": "0.89"}], "timestamp": "1769384335000", "event_type": "price_change"}}
{"_local_timestamp": "2026-01-25T23:38:55.098140+00:00", "data": {"market": "0xf78f04ac15082bd53191c6efd8670b3fa04fc99d07e33e98ea6ddcf99b7a2c93", "price_changes": [{"asset_id": "52866829602762686148321814180381479205857294215946401606562161926057027593442", "price": "0.06", "size": "0", "side": "BUY", "hash": "bbe6728dd5ab7af1e23744dfbe23b302a1689a9d", "best_bid": "0.11", "best_ask": "0.13"}, {"asset_id": "76706438722657094807428459302230308718943542424974381190511598583787421448196", "price": "0.94", "size": "0", "side": "SELL", "hash": "55b8cb76175638e902d9d2e0d918116e517b51dd", "best_bid": "0.87", "best_ask": "0.89"}], "timestamp": "1769384335003", "event_type": "price_change"}}
{"_local_timestamp": "2026-01-25T23:38:58.858427+00:00", "data": {"market": "0x9191a518df23e67546ee548029803c645f80c5e5cc8a9f247841dcd910f11975", "price_changes": [{"asset_id": "10553917527871259014867933253903838134228152744058156727275127563897745134791", "price": "0.03", "size": "9.23", "side": "BUY", "hash": "d1c6c187273080d499523ae984b4f80aafeae886", "best_bid": "0.75", "best_ask": "0.8"}, {"asset_id": "106383854378569763040038727158261681740086130201198677161578651498744312589763", "price": "0.97", "size": "9.23", "side": "SELL", "hash": "90cbeb7d82b3a9798dbc99c822dc24f9716a586f", "best_bid": "0.2", "best_ask": "0.25"}], "timestamp": "1769384338749", "event_type": "price_change"}}
{"_local_timestamp": "2026-01-25T23:38:58.858961+00:00", "data": {"market": "0x9191a518df23e67546ee548029803c645f80c5e5cc8a9f247841dcd910f11975", "price_changes": [{"asset_id": "10553917527871259014867933253903838134228152744058156727275127563897745134791", "price": "0.01", "size": "32.9", "side": "BUY", "hash": "2f4956301fd19b31bf7d3566973d54cc0bd9277a", "best_bid": "0.75", "best_ask": "0.8"}, {"asset_id": "106383854378569763040038727158261681740086130201198677161578651498744312589763", "price": "0.99", "size": "32.9", "side": "SELL", "hash": "294f999e0d64009afe66d335da0946322c0a7d50", "best_bid": "0.2", "best_ask": "0.25"}], "timestamp": "1769384338751", "event_type": "price_change"}}
{"_local_timestamp": "2026-01-25T23:38:59.499186+00:00", "data": {"market": "0x9191a518df23e67546ee548029803c645f80c5e5cc8a9f247841dcd910f11975", "price_changes": [{"asset_id": "106383854378569763040038727158261681740086130201198677161578651498744312589763", "price": "0.04", "size": "6.72", "side": "BUY", "hash": "4926d9dc583f17dd5073bb182ef27f276c7a1423", "best_bid": "0.2", "best_ask": "0.25"}, {"asset_id": "10553917527871259014867933253903838134228152744058156727275127563897745134791", "price": "0.96", "size": "6.72", "side": "SELL", "hash": "e0fa945bed6901518cf7a1e42c5bcab78feeed1f", "best_bid": "0.75", "best_ask": "0.8"}], "timestamp": "1769384339392", "event_type": "price_change"}}
{"_local_timestamp": "2026-01-25T23:38:59.508643+00:00", "data": {"market": "0xf78f04ac15082bd53191c6efd8670b3fa04fc99d07e33e98ea6ddcf99b7a2c93", "price_changes": [{"asset_id": "76706438722657094807428459302230308718943542424974381190511598583787421448196", "price": "0.11", "size": "2731.42", "side": "BUY", "hash": "dda0fa3411447a823350a829b635a3836609bb32", "best_bid": "0.87", "best_ask": "0.89"}, {"asset_id": "52866829602762686148321814180381479205857294215946401606562161926057027593442", "price": "0.89", "size": "2731.42", "side": "SELL", "hash": "fb231ef528b7b9b6665e12859229c31595950800", "best_bid": "0.11", "best_ask": "0.13"}], "timestamp": "1769384339392", "event_type": "price_change"}}
{"_local_timestamp": "2026-01-25T23:38:59.532944+00:00", "data": {"market": "0xf78f04ac15082bd53191c6efd8670b3fa04fc99d07e33e98ea6ddcf99b7a2c93", "price_changes": [{"asset_id": "76706438722657094807428459302230308718943542424974381190511598583787421448196", "price": "0.01", "size": "32.75", "side": "BUY", "hash": "c7918f29fe218245d00adacc81538108e7175148", "best_bid": "0.87", "best_ask": "0.89"}, {"asset_id": "52866829602762686148321814180381479205857294215946401606562161926057027593442", "price": "0.99", "size": "32.75", "side": "SELL", "hash": "a6b8a63a15d4c362e05a734f53efb857d8c25a9a", "best_bid": "0.11", "best_ask": "0.13"}], "timestamp": "1769384339395", "event_type": "price_change"}}
{"_local_timestamp": "2026-01-25T23:38:59.533374+00:00", "data": {"market": "0xf78f04ac15082bd53191c6efd8670b3fa04fc99d07e33e98ea6ddcf99b7a2c93", "price_changes": [{"asset_id": "76706438722657094807428459302230308718943542424974381190511598583787421448196", "price": "0.03", "size": "10.17", "side": "BUY", "hash": "a8d190ebaad175d56b6ea6258b2d7cb658388c7c", "best_bid": "0.87", "best_ask": "0.89"}, {"asset_id": "52866829602762686148321814180381479205857294215946401606562161926057027593442", "price": "0.97", "size": "10.17", "side": "SELL", "hash": "c67c2b0cf8c836ac4f172f7984e84432278f90e5", "best_bid": "0.11", "best_ask": "0.13"}], "timestamp": "1769384339397", "event_type": "price_change"}}
{"_local_timestamp": "2026-01-25T23:38:59.533872+00:00", "data": {"market": "0x9191a518df23e67546ee548029803c645f80c5e5cc8a9f247841dcd910f11975", "price_changes": [{"asset_id": "106383854378569763040038727158261681740086130201198677161578651498744312589763", "price": "0.02", "size": "4261.57", "side": "BUY", "hash": "d5686cc080852bfd3ee5413addb1a5efd41f98c0", "best_bid": "0.2", "best_ask": "0.25"}, {"asset_id": "10553917527871259014867933253903838134228152744058156727275127563897745134791", "price": "0.98", "size": "4261.57", "side": "SELL", "hash": "98b9373515cba3c51aaf3f993323b02eab178da8", "best_bid": "0.75", "best_ask": "0.8"}], "timestamp": "1769384339393", "event_type": "price_change"}}
{"_local_timestamp": "2026-01-25T23:38:59.534314+00:00", "data": {"market": "0x9191a518df23e67546ee548029803c645f80c5e5cc8a9f247841dcd910f11975", "price_changes": [{"asset_id": "106383854378569763040038727158261681740086130201198677161578651498744312589763", "price": "0.07", "size": "8.27", "side": "BUY", "hash": "c6c6f266ac7a9aa43e03c5e495e659655b433956", "best_bid": "0.2", "best_ask": "0.25"}, {"asset_id": "10553917527871259014867933253903838134228152744058156727275127563897745134791", "price": "0.93", "size": "8.27", "side": "SELL", "hash": "74206cd2a7702c40f6938ca3b5c3100739b99ad3", "best_bid": "0.75", "best_ask": "0.8"}], "timestamp": "1769384339396", "event_type": "price_change"}}
{"_local_timestamp": "2026-01-25T23:38:59.557100+00:00", "data": {"market": "0xf78f04ac15082bd53191c6efd8670b3fa04fc99d07e33e98ea6ddcf99b7a2c93", "price_changes": [{"asset_id": "52866829602762686148321814180381479205857294215946401606562161926057027593442", "price": "0.06", "size": "8.25", "side": "BUY", "hash": "dee2c954e12aa80d094a4e85e4cffa323c23ffe9", "best_bid": "0.11", "best_ask": "0.13"}, {"asset_id": "76706438722657094807428459302230308718943542424974381190511598583787421448196", "price": "0.94", "size": "8.25", "side": "SELL", "hash": "1cfead10c8be6df2aecc6c8d8da52e9cb0d89d7d", "best_bid": "0.87", "best_ask": "0.89"}], "timestamp": "1769384339437", "event_type": "price_change"}}
{"_local_timestamp": "2026-01-25T23:38:59.557493+00:00", "data": {"market": "0xf78f04ac15082bd53191c6efd8670b3fa04fc99d07e33e98ea6ddcf99b7a2c93", "price_changes": [{"asset_id": "52866829602762686148321814180381479205857294215946401606562161926057027593442", "price": "0.02", "size": "3780.02", "side": "BUY", "hash": "c3c6d605ebb478674800cb597aeeae90d9f3db38", "best_bid": "0.11", "best_ask": "0.13"}, {"asset_id": "76706438722657094807428459302230308718943542424974381190511598583787421448196", "price": "0.98", "size": "3780.02", "side": "SELL", "hash": "ba5b28335eebb30dbdc338cc46307a7d74800492", "best_bid": "0.87", "best_ask": "0.89"}], "timestamp": "1769384339438", "event_type": "price_change"}}
