{"_local_timestamp": "2026-01-25T23:40:38.405640+00:00", "data": [{"market": "0x82612bedb300adea234498cdb4754c3bd66d8f128ee51c760d4b3d7417ac11a5", "asset_id": "63369941481876265079669200084080935839244983653494876131040874623657755022508", "timestamp": "1769384437725", "hash": "2eff47bcc9faf6617abee87d500680e9e6876071", "bids": [{"price": "0.01", "size": "7933.47"}, {"price": "0.02", "size": "1014.08"}, {"price": "0.03", "size": "666"}, {"price": "0.04", "size": "2907.48"}, {"price": "0.05", "size": "260.32"}, {"price": "0.07", "size": "1385.71"}, {"price": "0.09", "size": "355.55"}, {"price": "0.1", "size": "3567.66"}, {"price": "0.11", "size": "254.54"}, {"price": "0.12", "size": "4050"}, {"price": "0.13", "size": "450"}, {"price": "0.14", "size": "14"}, {"price": "0.15", "size": "255"}, {"price": "0.18", "size": "261.11"}, {"price": "0.19", "size": "50"}, {"price": "0.21", "size": "100"}, {"price": "0.22", "size": "41.85"}, {"price": "0.23", "size": "26"}, {"price": "0.27", "size": "48.14"}, {"price": "0.29", "size": "37.93"}, {"price": "0.33", "size": "200"}, {"price": "0.35", "size": "800"}, {"price": "0.36", "size": "107.52"}, {"price": "0.37", "size": "100.01"}, {"price": "0.38", "size": "2424.38"}, {"price": "0.39", "size": "629.03"}, {"price": "0.4", "size": "420.42"}, {"price": "0.41", "size": "15.31"}], "asks": [{"price": "0.99", "size": "20514.92"}, {"price": "0.98", "size": "11800"}, {"price": "0.97", "size": "1666"}, {"price": "0.96", "size": "3505.94"}, {"price": "0.95", "size": "1500"}, {"price": "0.94", "size": "600"}, {"price": "0.92", "size": "1125"}, {"price": "0.91", "size": "377.77"}, {"price": "0.9", "size": "6.12"}, {"price": "0.88", "size": "1066.66"}, {"price": "0.86", "size": "200"}, {"price": "0.85", "size": "300"}, {"price": "0.83", "size": "1152.94"}, {"price": "0.82", "size": "2832"}, {"price": "0.8", "size": "495"}, {"price": "0.77", "size": "286.95"}, {"price": "0.73", "size": "7"}, {"price": "0.7", "size": "57.72"}, {"price": "0.67", "size": "500"}, {"price": "0.63", "size": "76.38"}, {"price": "0.62", "size": "17.75"}, {"price": "0.61", "size": "34.6"}, {"price": "0.6", "size": "509.43"}, {"price": "0.59", "size": "606.76"}, {"price": "0.58", "size": "105.77"}, {"price": "0.57", "size": "104.91"}, {"price": "0.56", "size": "104.18"}, {"price": "0.55", "size": "113.57"}, {"price": "0.54", "size": "103.08"}, {"price": "0.53", "size": "134.3"}, {"price": "0.52", "size": "602.45"}, {"price": "0.51", "size": "102.3"}, {"price": "0.5", "size": "1142.26"}, {"price": "0.49", "size": "1302.33"}, {"price": "0.48", "size": "332.5"}, {"price": "0.47", "size": "609.2"}, {"price": "0.46", "size": "325.87"}, {"price": "0.45", "size": "530.06"}, {"price": "0.44", "size": "314.29"}, {"price": "0.43", "size": "125.65"}], "event_type": "book", "last_trade_price": "0.420"}, {"market": "0x82612bedb300adea234498cdb4754c3bd66d8f128ee51c760d4b3d7417ac11a5", "asset_id": "48190644041867646231629134333999240865705940265073652713281296697869023790191", "timestamp": "1769384437725", "hash": "24985f109b92485406c84cb8ee3f9ddaaeaca485", "bids": [{"price": "0.01", "size": "20514.92"}, {"price": "0.02", "size": "11800"}, {"price": "0.03", "size": "1666"}, {"price": "0.04", "size": "3505.94"}, {"price": "0.05", "size": "1500"}, {"price": "0.06", "size": "600"}, {"price": "0.08", "size": "1125"}, {"price": "0.09", "size": "377.77"}, {"price": "0.1", "size": "6.12"}, {"price": "0.12", "size": "1066.66"}, {"price": "0.14", "size": "200"}, {"price": "0.15", "size": "300"}, {"price": "0.17", "size": "1152.94"}, {"price": "0.18", "size": "2832"}, {"price": "0.2", "size": "495"}, {"price": "0.23", "size": "286.95"}, {"price": "0.27", "size": "7"}, {"price": "0.3", "size": "57.72"}, {"price": "0.33", "size": "500"}, {"price": "0.37", "size": "76.38"}, {"price": "0.38", "size": "17.75"}, {"price": "0.39", "size": "34.6"}, {"price": "0.4", "size": "509.43"}, {"price": "0.41", "size": "606.76"}, {"price": "0.42", "size": "105.77"}, {"price": "0.43", "size": "104.91"}, {"price": "0.44", "size": "104.18"}, {"price": "0.45", "size": "113.57"}, {"price": "0.46", "size": "103.08"}, {"price": "0.47", "size": "134.3"}, {"price": "0.48", "size": "602.45"}, {"price": "0.49", "size": "102.3"}, {"price": "0.5", "size": "1142.26"}, {"price": "0.51", "size": "1302.33"}, {"price": "0.52", "size": "332.5"}, {"price": "0.53", "size": "609.2"}, {"price": "0.54", "size": "325.87"}, {"price": "0.55", "size": "530.06"}, {"price": "0.56", "size": "314.29"}, {"price": "0.57", "size": "125.65"}], "asks": [{"price": "0.99", "size": "7933.47"}, {"price": "0.98", "size": "1014.08"}, {"price": "0.97", "size": "666"}, {"price": "0.96", "size": "2907.48"}, {"price": "0.95", "size": "260.32"}, {"price": "0.93", "size": "1385.71"}, {"price": "0.91", "size": "355.55"}, {"price": "0.9", "size": "3567.66"}, {"price": "0.89", "size": "254.54"}, {"price": "0.88", "size": "4050"}, {"price": "0.87", "size": "450"}, {"price": "0.86", "size": "14"}, {"price": "0.85", "size": "255"}, {"price": "0.82", "size": "261.11"}, {"price": "0.81", "size": "50"}, {"price": "0.79", "size": "100"}, {"price": "0.78", "size": "41.85"}, {"price": "0.77", "size": "26"}, {"price": "0.73", "size": "48.14"}, {"price": "0.71", "size": "37.93"}, {"price": "0.67", "size": "200"}, {"price": "0.65", "size": "800"}, {"price": "0.64", "size": "107.52"}, {"price": "0.63", "size": "100.01"}, {"price": "0.62", "size": "2424.38"}, {"price": "0.61", "size": "629.03"}, {"price": "0.6", "size": "420.42"}, {"price": "0.59", "size": "15.31"}], "event_type": "book", "last_trade_price": "0.420"}]}
{"_local_timestamp": "2026-01-25T23:42:17.218743+00:00", "data": {"market": "0x82612bedb300adea234498cdb4754c3bd66d8f128ee51c760d4b3d7417ac11a5", "price_changes": [{"asset_id": "48190644041867646231629134333999240865705940265073652713281296697869023790191", "price": "0.5", "size": "842.26", "side": "BUY", "hash": "dbb21c4d459b5de37882e933854afa0c06fe7e62", "best_bid": "0.57", "best_ask": "0.59"}, {"asset_id": "63369941481876265079669200084080935839244983653494876131040874623657755022508", "price": "0.5", "size": "842.26", "side": "SELL", "hash": "8ee209d5979e3a6a79fd9ef0adb3026163cd87f4", "best_bid": "0.41", "best_ask": "0.43"}], "timestamp": "1769384537121", "event_type": "price_change"}}
{"_local_timestamp": "2026-01-25T23:42:17.241940+00:00", "data": {"market": "0x82612bedb300adea234498cdb4754c3bd66d8f128ee51c760d4b3d7417ac11a5", "price_changes": [{"asset_id": "48190644041867646231629134333999240865705940265073652713281296697869023790191", "price": "0.5", "size": "1092.26", "side": "BUY", "hash": "1f7518a2e8af3e8c7cdefa96c700cbde2d7d801b", "best_bid": "0.57", "best_ask": "0.59"}, {"asset_id": "63369941481876265079669200084080935839244983653494876131040874623657755022508", "price": "0.5", "size": "1092.26", "side": "SELL", "hash": "aa83ecc8b265df442469dcc285b0828f85c00c5d", "best_bid": "0.41", "best_ask": "0.43"}], "timestamp": "1769384537149", "event_type": "price_change"}}
{"_local_timestamp": "2026-01-25T23:42:29.755110+00:00", "data": {"market": "0x82612bedb300adea234498cdb4754c3bd66d8f128ee51c760d4b3d7417ac11a5", "price_changes": [{"asset_id": "48190644041867646231629134333999240865705940265073652713281296697869023790191", "price": "0.5", "size": "842.26", "side": "BUY", "hash": "80fd825ec63629bd429b06c264728347f1874e26", "best_bid": "0.57", "best_ask": "0.59"}, {"asset_id": "63369941481876265079669200084080935839244983653494876131040874623657755022508", "price": "0.5", "size": "842.26", "side": "SELL", "hash": "387bb2831db28563c38eaf1905bd0e38bc0cda33", "best_bid": "0.41", "best_ask": "0.43"}], "timestamp": "1769384549614", "event_type": "price_change"}}
{"_local_timestamp": "2026-01-25T23:42:29.786216+00:00", "data": {"market": "0x82612bedb300adea234498cdb4754c3bd66d8f128ee51c760d4b3d7417ac11a5", "price_changes": [{"asset_id": "48190644041867646231629134333999240865705940265073652713281296697869023790191", "price": "0.5", "size": "1142.26", "side": "BUY", "hash": "492818c4baf82481b315a1960b143f531d0edd75", "best_bid": "0.57", "best_ask": "0.59"}, {"asset_id": "63369941481876265079669200084080935839244983653494876131040874623657755022508", "price": "0.5", "size": "1142.26", "side": "SELL", "hash": "9fa0e931e9eab93c229aecf5dca38b7ad086c478", "best_bid": "0.41", "best_ask": "0.43"}], "timestamp": "1769384549645", "event_type": "price_change"}}
{"_local_timestamp": "2026-01-25T23:42:37.272645+00:00", "data": {"market": "0x82612bedb300adea234498cdb4754c3bd66d8f128ee51c760d4b3d7417ac11a5", "price_changes": [{"asset_id": "48190644041867646231629134333999240865705940265073652713281296697869023790191", "price": "0.56", "size": "414.29", "side": "BUY", "hash": "c86dd796679569b9e52966fc93cb2506b1f05140", "best_bid": "0.57", "best_ask": "0.59"}, {"asset_id": "63369941481876265079669200084080935839244983653494876131040874623657755022508", "price": "0.44", "size": "414.29", "side": "SELL", "hash": "80c0af2721382571c9d4aa1c2b863136c4f3b9f5", "best_bid": "0.41", "best_ask": "0.43"}], "timestamp": "1769384557144", "event_type": "price_change"}}
{"_local_timestamp": "2026-01-25T23:42:48.425937+00:00", "data": {"market": "0x82612bedb300adea234498cdb4754c3bd66d8f128ee51c760d4b3d7417ac11a5", "price_changes": [{"asset_id": "48190644041867646231629134333999240865705940265073652713281296697869023790191", "price": "0.54", "size": "456.87", "side": "BUY", "hash": "7a617f61fc3deda4d67888870a12b6a9596826c4", "best_bid": "0.57", "best_ask": "0.59"}, {"asset_id": "63369941481876265079669200084080935839244983653494876131040874623657755022508", "price": "0.46", "size": "456.87", "side": "SELL", "hash": "5e0eff229d2113d7ea1c72e91dab437e5dd8f0e4", "best_bid": "0.41", "best_ask": "0.43"}], "timestamp": "1769384568241", "event_type": "price_change"}}
{"_local_timestamp": "2026-01-25T23:42:56.108320+00:00", "data": {"market": "0x82612bedb300adea234498cdb4754c3bd66d8f128ee51c760d4b3d7417ac11a5", "price_changes": [{"asset_id": "48190644041867646231629134333999240865705940265073652713281296697869023790191", "price": "0.56", "size": "314.29", "side": "BUY", "hash": "67ae1dd5c4261dcc25edca29d335628202b4b5f8", "best_bid": "0.57", "best_ask": "0.59"}, {"asset_id": "63369941481876265079669200084080935839244983653494876131040874623657755022508", "price": "0.44", "size": "314.29", "side": "SELL", "hash": "ad7722448e53d36dab54e8031901146408c5ba51", "best_bid": "0.41", "best_ask": "0.43"}], "timestamp": "1769384575966", "event_type": "price_change"}}
{"_local_timestamp": "2026-01-25T23:42:58.915678+00:00", "data": {"market": "0x82612bedb300adea234498cdb4754c3bd66d8f128ee51c760d4b3d7417ac11a5", "price_changes": [{"asset_id": "48190644041867646231629134333999240865705940265073652713281296697869023790191", "price": "0.54", "size": "325.87", "side": "BUY", "hash": "53b6d75c7d230e2d24988378f56fcb395d823d8f", "best_bid": "0.57", "best_ask": "0.59"}, {"asset_id": "63369941481876265079669200084080935839244983653494876131040874623657755022508", "price": "0.46", "size": "325.87", "side": "SELL", "hash": "1d9f451cf7c88cce5822f579acee4dcea1f25472", "best_bid": "0.41", "best_ask": "0.43"}], "timestamp": "1769384578797", "event_type": "price_change"}}
{"_local_timestamp": "2026-01-25T23:44:57.045109+00:00", "data": {"market": "0x82612bedb300adea234498cdb4754c3bd66d8f128ee51c760d4b3d7417ac11a5", "price_changes": [{"asset_id": "48190644041867646231629134333999240865705940265073652713281296697869023790191", "price": "0.55", "size": "430.06", "side": "BUY", "hash": "3f89b7d53ed481cd3b6784d9bceaf30dd94383f8", "best_bid": "0.57", "best_ask": "0.59"}, {"asset_id": "63369941481876265079669200084080935839244983653494876131040874623657755022508", "price": "0.45", "size": "430.06", "side": "SELL", "hash": "0ce98140de57e7db05378edef6caa4140ff79801", "best_bid": "0.41", "best_ask": "0.43"}], "timestamp": "1769384696917", "event_type": "price_change"}}
{"_local_timestamp": "2026-01-25T23:44:57.054081+00:00", "data": {"market": "0x82612bedb300adea234498cdb4754c3bd66d8f128ee51c760d4b3d7417ac11a5", "price_changes": [{"asset_id": "63369941481876265079669200084080935839244983653494876131040874623657755022508", "price": "0.39", "size": "529.03", "side": "BUY", "hash": "6d679fe6c215d06894fdca7f981c9020fc999e5e", "best_bid": "0.41", "best_ask": "0.43"}, {"asset_id": "48190644041867646231629134333999240865705940265073652713281296697869023790191", "price": "0.61", "size": "529.03", "side": "SELL", "hash": "bd8ab9b6250f14626241fe5fe1eec5adcdb1824a", "best_bid": "0.57", "best_ask": "0.59"}], "timestamp": "1769384696923", "event_type": "price_change"}}
{"_local_timestamp": "2026-01-25T23:45:05.960333+00:00", "data": {"market": "0x82612bedb300adea234498cdb4754c3bd66d8f128ee51c760d4b3d7417ac11a5", "price_changes": [{"asset_id": "48190644041867646231629134333999240865705940265073652713281296697869023790191", "price": "0.56", "size": "414.29", "side": "BUY", "hash": "6b04db73b85efc4be7c3e994ae6131ff8c71eb5c", "best_bid": "0.57", "best_ask": "0.59"}, {"asset_id": "63369941481876265079669200084080935839244983653494876131040874623657755022508", "price": "0.44", "size": "414.29", "side": "SELL", "hash": "226ee25b4af73404d7e49da9e694de1f590be64a", "best_bid": "0.41", "best_ask": "0.43"}], "timestamp": "1769384705892", "event_type": "price_change"}}
{"_local_timestamp": "2026-01-25T23:45:12.617764+00:00", "data": {"market": "0x82612bedb300adea234498cdb4754c3bd66d8f128ee51c760d4b3d7417ac11a5", "price_changes": [{"asset_id": "48190644041867646231629134333999240865705940265073652713281296697869023790191", "price": "0.55", "size": "530.06", "side": "BUY", "hash": "bff3658108cba999a82f4e1ac3ecf91c59e3d206", "best_bid": "0.57", "best_ask": "0.59"}, {"asset_id": "63369941481876265079669200084080935839244983653494876131040874623657755022508", "price": "0.45", "size": "530.06", "side": "SELL", "hash": "aa9d85687b8c2f4c887f8fed6be28fb94958483c", "best_bid": "0.41", "best_ask": "0.43"}], "timestamp": "1769384712510", "event_type": "price_change"}}
