{"_local_timestamp": "2026-01-25T23:40:30.603727+00:00", "data": [{"market": "0xd03fe97122a627acec515c88f3d351ad28e78cda436e158563fe346c1408f66e", "asset_id": "25278058823411945213885362924698925171228888903068881375579611765998048393364", "timestamp": "1769384169457", "hash": "3e5b0e4cd11a02bf108b053261e8284672ea13c0", "bids": [{"price": "0.01", "size": "92.54"}, {"price": "0.02", "size": "1000"}, {"price": "0.03", "size": "10.61"}, {"price": "0.04", "size": "2150"}, {"price": "0.06", "size": "566.66"}, {"price": "0.07", "size": "457.14"}, {"price": "0.09", "size": "311.11"}, {"price": "0.1", "size": "255.86"}, {"price": "0.11", "size": "236.36"}, {"price": "0.12", "size": "3500"}, {"price": "0.13", "size": "184.61"}, {"price": "0.14", "size": "572"}, {"price": "0.15", "size": "133.33"}, {"price": "0.2", "size": "300"}, {"price": "0.22", "size": "5"}, {"price": "0.25", "size": "10"}, {"price": "0.28", "size": "10"}, {"price": "0.3", "size": "10"}, {"price": "0.31", "size": "41.93"}, {"price": "0.32", "size": "102.37"}, {"price": "0.33", "size": "100"}, {"price": "0.34", "size": "30"}, {"price": "0.35", "size": "60"}, {"price": "0.36", "size": "14"}, {"price": "0.37", "size": "519.38"}, {"price": "0.38", "size": "510.38"}, {"price": "0.39", "size": "117.45"}], "asks": [{"price": "0.99", "size": "33.14"}, {"price": "0.98", "size": "625"}, {"price": "0.97", "size": "10.57"}, {"price": "0.95", "size": "200"}, {"price": "0.94", "size": "600"}, {"price": "0.9", "size": "340"}, {"price": "0.89", "size": "1459.28"}, {"price": "0.87", "size": "246.15"}, {"price": "0.86", "size": "1142"}, {"price": "0.84", "size": "175"}, {"price": "0.83", "size": "2470"}, {"price": "0.82", "size": "3365"}, {"price": "0.8", "size": "130"}, {"price": "0.79", "size": "9"}, {"price": "0.77", "size": "104.34"}, {"price": "0.74", "size": "76.92"}, {"price": "0.7", "size": "7.89"}, {"price": "0.69", "size": "6.97"}, {"price": "0.6", "size": "10"}, {"price": "0.52", "size": "89.99"}, {"price": "0.51", "size": "26.53"}, {"price": "0.5", "size": "415.89"}, {"price": "0.49", "size": "21.56"}, {"price": "0.45", "size": "105"}, {"price": "0.43", "size": "200.1"}, {"price": "0.42", "size": "40"}], "event_type": "book", "last_trade_price": "0.610"}, {"market": "0xd03fe97122a627acec515c88f3d351ad28e78cda436e158563fe346c1408f66e", "asset_id": "57524124587174063090632031826209500389870814631841681084163333906272412407774", "timestamp": "1769384169457", "hash": "5362abca3d56c3022c7c8d862c8fa0ac613cab07", "bids": [{"price": "0.01", "size": "33.14"}, {"price": "0.02", "size": "625"}, {"price": "0.03", "size": "10.57"}, {"price": "0.05", "size": "200"}, {"price": "0.06", "size": "600"}, {"price": "0.1", "size": "340"}, {"price": "0.11", "size": "1459.28"}, {"price": "0.13", "size": "246.15"}, {"price": "0.14", "size": "1142"}, {"price": "0.16", "size": "175"}, {"price": "0.17", "size": "2470"}, {"price": "0.18", "size": "3365"}, {"price": "0.2", "size": "130"}, {"price": "0.21", "size": "9"}, {"price": "0.23", "size": "104.34"}, {"price": "0.26", "size": "76.92"}, {"price": "0.3", "size": "7.89"}, {"price": "0.31", "size": "6.97"}, {"price": "0.4", "size": "10"}, {"price": "0.48", "size": "89.99"}, {"price": "0.49", "size": "26.53"}, {"price": "0.5", "size": "415.89"}, {"price": "0.51", "size": "21.56"}, {"price": "0.55", "size": "105"}, {"price": "0.57", "size": "200.1"}, {"price": "0.58", "size": "40"}], "asks": [{"price": "0.99", "size": "92.54"}, {"price": "0.98", "size": "1000"}, {"price": "0.97", "size": "10.61"}, {"price": "0.96", "size": "2150"}, {"price": "0.94", "size": "566.66"}, {"price": "0.93", "size": "457.14"}, {"price": "0.91", "size": "311.11"}, {"price": "0.9", "size": "255.86"}, {"price": "0.89", "size": "236.36"}, {"price": "0.88", "size": "3500"}, {"price": "0.87", "size": "184.61"}, {"price": "0.86", "size": "572"}, {"price": "0.85", "size": "133.33"}, {"price": "0.8", "size": "300"}, {"price": "0.78", "size": "5"}, {"price": "0.75", "size": "10"}, {"price": "0.72", "size": "10"}, {"price": "0.7", "size": "10"}, {"price": "0.69", "size": "41.93"}, {"price": "0.68", "size": "102.37"}, {"price": "0.67", "size": "100"}, {"price": "0.66", "size": "30"}, {"price": "0.65", "size": "60"}, {"price": "0.64", "size": "14"}, {"price": "0.63", "size": "519.38"}, {"price": "0.62", "size": "510.38"}, {"price": "0.61", "size": "117.45"}], "event_type": "book", "last_trade_price": "0.610"}]}
{"_local_timestamp": "2026-01-25T23:42:27.070400+00:00", "data": {"market": "0xd03fe97122a627acec515c88f3d351ad28e78cda436e158563fe346c1408f66e", "price_changes": [{"asset_id": "57524124587174063090632031826209500389870814631841681084163333906272412407774", "price": "0.03", "size": "0", "side": "BUY", "hash": "1b39c52fd006dee3f377cdab1a5ee67c72a83549", "best_bid": "0.58", "best_ask": "0.61"}, {"asset_id": "25278058823411945213885362924698925171228888903068881375579611765998048393364", "price": "0.97", "size": "0", "side": "SELL", "hash": "0dc985fc6506297f37bd5ff7a4e996fdb7a494b5", "best_bid": "0.39", "best_ask": "0.42"}], "timestamp": "1769384547000", "event_type": "price_change"}}
{"_local_timestamp": "2026-01-25T23:42:27.101719+00:00", "data": {"market": "0xd03fe97122a627acec515c88f3d351ad28e78cda436e158563fe346c1408f66e", "price_changes": [{"asset_id": "57524124587174063090632031826209500389870814631841681084163333906272412407774", "price": "0.11", "size": "1454", "side": "BUY", "hash": "f3f1b499dc81149b046834252008df820db81870", "best_bid": "0.58", "best_ask": "0.61"}, {"asset_id": "25278058823411945213885362924698925171228888903068881375579611765998048393364", "price": "0.89", "size": "1454", "side": "SELL", "hash": "bdbbf8e8b0203856eb82645d5da4499f62316d70", "best_bid": "0.39", "best_ask": "0.42"}], "timestamp": "1769384547005", "event_type": "price_change"}}
{"_local_timestamp": "2026-01-25T23:42:27.102045+00:00", "data": {"market": "0xd03fe97122a627acec515c88f3d351ad28e78cda436e158563fe346c1408f66e", "price_changes": [{"asset_id": "57524124587174063090632031826209500389870814631841681084163333906272412407774", "price": "0.01", "size": "23", "side": "BUY", "hash": "f3f1b499dc81149b046834252008df820db81870", "best_bid": "0.58", "best_ask": "0.61"}, {"asset_id": "25278058823411945213885362924698925171228888903068881375579611765998048393364", "price": "0.99", "size": "23", "side": "SELL", "hash": "bdbbf8e8b0203856eb82645d5da4499f62316d70", "best_bid": "0.39", "best_ask": "0.42"}], "timestamp": "1769384547005", "event_type": "price_change"}}
{"_local_timestamp": "2026-01-25T23:42:35.075030+00:00", "data": {"market": "0xd03fe97122a627acec515c88f3d351ad28e78cda436e158563fe346c1408f66e", "price_changes": [{"asset_id": "25278058823411945213885362924698925171228888903068881375579611765998048393364", "price": "0.1", "size": "250", "side": "BUY", "hash": "a2b3c8c596ec432baa14e8be551baa3a5ddd1c55", "best_bid": "0.39", "best_ask": "0.42"}, {"asset_id": "57524124587174063090632031826209500389870814631841681084163333906272412407774", "price": "0.9", "size": "250", "side": "SELL", "hash": "232b4f9427402a63b9187108f6ac8477966b1237", "best_bid": "0.58", "best_ask": "0.61"}], "timestamp": "1769384555000", "event_type": "price_change"}}
{"_local_timestamp": "2026-01-25T23:42:35.096861+00:00", "data": {"market": "0xd03fe97122a627acec515c88f3d351ad28e78cda436e158563fe346c1408f66e", "price_changes": [{"asset_id": "25278058823411945213885362924698925171228888903068881375579611765998048393364", "price": "0.01", "size": "83", "side": "BUY", "hash": "524bac4abf5df57a4f2f1bedfbe33a15fc3e0f84", "best_bid": "0.39", "best_ask": "0.42"}, {"asset_id": "57524124587174063090632031826209500389870814631841681084163333906272412407774", "price": "0.99", "size": "83", "side": "SELL", "hash": "8274b56d178e3548f4fd1409a75ca570b26cb534", "best_bid": "0.58", "best_ask": "0.61"}], "timestamp": "1769384555001", "event_type": "price_change"}}
{"_local_timestamp": "2026-01-25T23:42:35.111533+00:00", "data": {"market": "0xd03fe97122a627acec515c88f3d351ad28e78cda436e158563fe346c1408f66e", "price_changes": [{"asset_id": "25278058823411945213885362924698925171228888903068881375579611765998048393364", "price": "0.03", "size": "0", "side": "BUY", "hash": "b8c99e82283eb6dc6233ce01c4655d664e811c50", "best_bid": "0.39", "best_ask": "0.42"}, {"asset_id": "57524124587174063090632031826209500389870814631841681084163333906272412407774", "price": "0.97", "size": "0", "side": "SELL", "hash": "29f44c676b1ae135dd943448f32f353731e030e5", "best_bid": "0.58", "best_ask": "0.61"}], "timestamp": "1769384555004", "event_type": "price_change"}}
{"_local_timestamp": "2026-01-25T23:42:55.471200+00:00", "data": {"market": "0xd03fe97122a627acec515c88f3d351ad28e78cda436e158563fe346c1408f66e", "price_changes": [{"asset_id": "57524124587174063090632031826209500389870814631841681084163333906272412407774", "price": "0.01", "size": "33.14", "side": "BUY", "hash": "b5a27fe41875ebc3df3944080e7f29a8c352e5bf", "best_bid": "0.58", "best_ask": "0.61"}, {"asset_id": "25278058823411945213885362924698925171228888903068881375579611765998048393364", "price": "0.99", "size": "33.14", "side": "SELL", "hash": "a1ca7056e3bfac27a72e82e6006acd178d0d7a0b", "best_bid": "0.39", "best_ask": "0.42"}], "timestamp": "1769384575311", "event_type": "price_change"}}
{"_local_timestamp": "2026-01-25T23:42:55.473764+00:00", "data": {"market": "0xd03fe97122a627acec515c88f3d351ad28e78cda436e158563fe346c1408f66e", "price_changes": [{"asset_id": "57524124587174063090632031826209500389870814631841681084163333906272412407774", "price": "0.03", "size": "10.57", "side": "BUY", "hash": "8b129e4394093d278e093266482d82fa186c98d2", "best_bid": "0.58", "best_ask": "0.61"}, {"asset_id": "25278058823411945213885362924698925171228888903068881375579611765998048393364", "price": "0.97", "size": "10.57", "side": "SELL", "hash": "da1cadcadd55a0bd7b5b2b7ade81fc79e2c08f5c", "best_bid": "0.39", "best_ask": "0.42"}], "timestamp": "1769384575312", "event_type": "price_change"}}
{"_local_timestamp": "2026-01-25T23:42:55.474203+00:00", "data": {"market": "0xd03fe97122a627acec515c88f3d351ad28e78cda436e158563fe346c1408f66e", "price_changes": [{"asset_id": "57524124587174063090632031826209500389870814631841681084163333906272412407774", "price": "0.11", "size": "1459.28", "side": "BUY", "hash": "a44aefbd0afd3cd756456090fd0f9eeb91469a2a", "best_bid": "0.58", "best_ask": "0.61"}, {"asset_id": "25278058823411945213885362924698925171228888903068881375579611765998048393364", "price": "0.89", "size": "1459.28", "side": "SELL", "hash": "f546345f8072bda6fa37605087da50fbafd7f7b6", "best_bid": "0.39", "best_ask": "0.42"}], "timestamp": "1769384575313", "event_type": "price_change"}}
{"_local_timestamp": "2026-01-25T23:42:55.994170+00:00", "data": {"market": "0xd03fe97122a627acec515c88f3d351ad28e78cda436e158563fe346c1408f66e", "price_changes": [{"asset_id": "25278058823411945213885362924698925171228888903068881375579611765998048393364", "price": "0.1", "size": "255.86", "side": "BUY", "hash": "02f750a409553d099a3d77746a124455e8621025", "best_bid": "0.39", "best_ask": "0.42"}, {"asset_id": "57524124587174063090632031826209500389870814631841681084163333906272412407774", "price": "0.9", "size": "255.86", "side": "SELL", "hash": "7ba00862e124378adf6621d484529a2547f578f5", "best_bid": "0.58", "best_ask": "0.61"}], "timestamp": "1769384575823", "event_type": "price_change"}}
{"_local_timestamp": "2026-01-25T23:42:55.994819+00:00", "data": {"market": "0xd03fe97122a627acec515c88f3d351ad28e78cda436e158563fe346c1408f66e", "price_changes": [{"asset_id": "25278058823411945213885362924698925171228888903068881375579611765998048393364", "price": "0.03", "size": "10.61", "side": "BUY", "hash": "4f71402e2f384f5d8838cf98124e9acc07b8a0f9", "best_bid": "0.39", "best_ask": "0.42"}, {"asset_id": "57524124587174063090632031826209500389870814631841681084163333906272412407774", "price": "0.97", "size": "10.61", "side": "SELL", "hash": "6c864f9ea02e84ac68cd3e57a6973b05db00b88d", "best_bid": "0.58", "best_ask": "0.61"}], "timestamp": "1769384575823", "event_type": "price_change"}}
{"_local_timestamp": "2026-01-25T23:42:55.995255+00:00", "data": {"market": "0xd03fe97122a627acec515c88f3d351ad28e78cda436e158563fe346c1408f66e", "price_changes": [{"asset_id": "25278058823411945213885362924698925171228888903068881375579611765998048393364", "price": "0.01", "size": "92.54", "side": "BUY", "hash": "94b5061fcad4001b08313a0cac37d078c61afb22", "best_bid": "0.39", "best_ask": "0.42"}, {"asset_id": "57524124587174063090632031826209500389870814631841681084163333906272412407774", "price": "0.99", "size": "92.54", "side": "SELL", "hash": "be750a6d2560e5d61ca21b6de500573460fcaf7f", "best_bid": "0.58", "best_ask": "0.61"}], "timestamp": "1769384575824", "event_type": "price_change"}}
