{"_local_timestamp": "2026-01-25T23:34:16.977603+00:00", "data": [{"market": "0xb61feb508f17d417b5e376c9f453cd91e2def59d19983cb9137b17d80a8fd08e", "asset_id": "3140602258461552858087529619184766105142297417833108778732589092725760349811", "timestamp": "1769384041452", "hash": "e243d209e0ad0147bc3b8135e393a64a9d47e286", "bids": [], "asks": [{"price": "0.999", "size": "2764.99"}, {"price": "0.997", "size": "1000"}, {"price": "0.994", "size": "83"}, {"price": "0.99", "size": "3730"}, {"price": "0.98", "size": "1800"}, {"price": "0.95", "size": "100"}, {"price": "0.94", "size": "533"}, {"price": "0.9", "size": "660"}, {"price": "0.85", "size": "226.66"}, {"price": "0.8", "size": "160"}, {"price": "0.75", "size": "112"}, {"price": "0.7", "size": "86.66"}, {"price": "0.65", "size": "68.57"}, {"price": "0.6", "size": "50"}, {"price": "0.599", "size": "5"}, {"price": "0.3", "size": "100"}, {"price": "0.09", "size": "20"}, {"price": "0.08", "size": "1020"}, {"price": "0.037", "size": "20"}, {"price": "0.01", "size": "422.35"}, {"price": "0.004", "size": "500"}, {"price": "0.002", "size": "12969.76"}, {"price": "0.001", "size": "152.67"}], "event_type": "book", "last_trade_price": "0.999"}, {"market": "0xb61feb508f17d417b5e376c9f453cd91e2def59d19983cb9137b17d80a8fd08e", "asset_id": "89192077709997340262979320155822048644819015348531830115353386567936251596379", "timestamp": "1769384041452", "hash": "ea3dd5d818791a1b5c88e4e06482b7dc17927095", "bids": [{"price": "0.001", "size": "2764.99"}, {"price": "0.003", "size": "1000"}, {"price": "0.006", "size": "83"}, {"price": "0.01", "size": "3730"}, {"price": "0.02", "size": "1800"}, {"price": "0.05", "size": "100"}, {"price": "0.06", "size": "533"}, {"price": "0.1", "size": "660"}, {"price": "0.15", "size": "226.66"}, {"price": "0.2", "size": "160"}, {"price": "0.25", "size": "112"}, {"price": "0.3", "size": "86.66"}, {"price": "0.35", "size": "68.57"}, {"price": "0.4", "size": "50"}, {"price": "0.401", "size": "5"}, {"price": "0.7", "size": "100"}, {"price": "0.91", "size": "20"}, {"price": "0.92", "size": "1020"}, {"price": "0.963", "size": "20"}, {"price": "0.99", "size": "422.35"}, {"price": "0.996", "size": "500"}, {"price": "0.998", "size": "12969.76"}, {"price": "0.999", "size": "152.67"}], "asks": [], "event_type": "book", "last_trade_price": "0.999"}]}
{"_local_timestamp": "2026-01-25T23:34:21.977167+00:00", "data": {"market": "0xb61feb508f17d417b5e376c9f453cd91e2def59d19983cb9137b17d80a8fd08e", "price_changes": [{"asset_id": "89192077709997340262979320155822048644819015348531830115353386567936251596379", "price": "0.101", "size": "5.93", "side": "BUY", "hash": "6ebed90e88261185512a00315a39cb9e5448dfe4", "best_bid": "0.999", "best_ask": "1"}, {"asset_id": "3140602258461552858087529619184766105142297417833108778732589092725760349811", "price": "0.899", "size": "5.93", "side": "SELL", "hash": "215c8c339fb902e90a5395a69068c61ecb519ba2", "best_bid": "0", "best_ask": "0.001"}], "timestamp": "1769384061906", "event_type": "price_change"}}
{"_local_timestamp": "2026-01-25T23:34:21.977782+00:00", "data": {"market": "0xb61feb508f17d417b5e376c9f453cd91e2def59d19983cb9137b17d80a8fd08e", "price_changes": [{"asset_id": "89192077709997340262979320155822048644819015348531830115353386567936251596379", "price": "0.021", "size": "14.47", "side": "BUY", "hash": "5d60cc679b778bc39254d07b49d09f9f057b53ee", "best_bid": "0.999", "best_ask": "1"}, {"asset_id": "3140602258461552858087529619184766105142297417833108778732589092725760349811", "price": "0.979", "size": "14.47", "side": "SELL", "hash": "f3d13c49a1001db2f362e891938459160970dc45", "best_bid": "0", "best_ask": "0.001"}], "timestamp": "1769384061907", "event_type": "price_change"}}
{"_local_timestamp": "2026-01-25T23:34:21.978123+00:00", "data": {"market": "0xb61feb508f17d417b5e376c9f453cd91e2def59d19983cb9137b17d80a8fd08e", "price_changes": [{"asset_id": "89192077709997340262979320155822048644819015348531830115353386567936251596379", "price": "0.002", "size": "12.51", "side": "BUY", "hash": "44014e70a761ae62801d9c59aca8017b97ddf262", "best_bid": "0.999", "best_ask": "1"}, {"asset_id": "3140602258461552858087529619184766105142297417833108778732589092725760349811", "price": "0.998", "size": "12.51", "side": "SELL", "hash": "419bd0bad37bca99f0510b3a3952045879ecc511", "best_bid": "0", "best_ask": "0.001"}], "timestamp": "1769384061908", "event_type": "price_change"}}
{"_local_timestamp": "2026-01-25T23:34:21.978448+00:00", "data": {"market": "0xb61feb508f17d417b5e376c9f453cd91e2def59d19983cb9137b17d80a8fd08e", "price_changes": [{"asset_id": "89192077709997340262979320155822048644819015348531830115353386567936251596379", "price": "0.007", "size": "9.54", "side": "BUY", "hash": "0e05913315f582ad104ecf153ea2c7949f1753f2", "best_bid": "0.999", "best_ask": "1"}, {"asset_id": "3140602258461552858087529619184766105142297417833108778732589092725760349811", "price": "0.993", "size": "9.54", "side": "SELL", "hash": "ba7e6fd7a26a54c60bf9fb6751bf1e1a831c808b", "best_bid": "0", "best_ask": "0.001"}], "timestamp": "1769384061909", "event_type": "price_change"}}
{"_local_timestamp": "2026-01-25T23:34:21.985144+00:00", "data": {"market": "0xb61feb508f17d417b5e376c9f453cd91e2def59d19983cb9137b17d80a8fd08e", "price_changes": [{"asset_id": "89192077709997340262979320155822048644819015348531830115353386567936251596379", "price": "0.001", "size": "2770.07", "side": "BUY", "hash": "e746c6ab7491e881fe8ce7b638d517e04c0f0130", "best_bid": "0.999", "best_ask": "1"}, {"asset_id": "3140602258461552858087529619184766105142297417833108778732589092725760349811", "price": "0.999", "size": "2770.07", "side": "SELL", "hash": "fcc40f53348940ded99fd13496e78e5d914a2083", "best_bid": "0", "best_ask": "0.001"}], "timestamp": "1769384061909", "event_type": "price_change"}}
