{"_local_timestamp": "2026-01-25T23:41:23.642418+00:00", "data": [{"market": "0x9119b9a91b48b2b342891311c3faed7f70a98f50ab263f67bdd2c57b5bb6b529", "asset_id": "73290163260031476741133226905281184321823063471943431636058905379195296812545", "timestamp": "1769384465000", "hash": "ffc0a4695d4f37d54328bd0c125acc15488ad2ea", "bids": [{"price": "0.001", "size": "6628.32"}, {"price": "0.002", "size": "1255.29"}, {"price": "0.003", "size": "1166"}, {"price": "0.004", "size": "9.06"}, {"price": "0.006", "size": "83"}, {"price": "0.01", "size": "3730"}, {"price": "0.011", "size": "13.28"}, {"price": "0.02", "size": "1800"}, {"price": "0.041", "size": "48"}, {"price": "0.042", "size": "5.02"}, {"price": "0.05", "size": "60"}, {"price": "0.051", "size": "39"}, {"price": "0.06", "size": "500"}, {"price": "0.1", "size": "660"}, {"price": "0.101", "size": "5.85"}, {"price": "0.15", "size": "226.66"}, {"price": "0.192", "size": "104.99"}, {"price": "0.2", "size": "160"}, {"price": "0.25", "size": "112"}, {"price": "0.3", "size": "86.66"}, {"price": "0.301", "size": "6"}, {"price": "0.35", "size": "68.57"}, {"price": "0.4", "size": "50"}, {"price": "0.5", "size": "50"}, {"price": "0.51", "size": "37.59"}, {"price": "0.849", "size": "9"}, {"price": "0.89", "size": "43"}, {"price": "0.934", "size": "100"}, {"price": "0.935", "size": "19.99"}, {"price": "0.95", "size": "1005"}, {"price": "0.951", "size": "250"}, {"price": "0.952", "size": "250"}, {"price": "0.953", "size": "500"}, {"price": "0.963", "size": "44.05"}, {"price": "0.965", "size": "2000"}, {"price": "0.966", "size": "2690"}, {"price": "0.97", "size": "100"}, {"price": "0.98", "size": "100"}, {"price": "0.981", "size": "16.03"}], "asks": [{"price": "0.999", "size": "15323.82"}, {"price": "0.998", "size": "915.96"}, {"price": "0.997", "size": "89.59"}, {"price": "0.994", "size": "330"}, {"price": "0.993", "size": "507.52"}, {"price": "0.992", "size": "205.99"}, {"price": "0.991", "size": "9.83"}, {"price": "0.99", "size": "200"}, {"price": "0.989", "size": "21.23"}, {"price": "0.988", "size": "92.11"}], "event_type": "book", "last_trade_price": "0.012"}, {"market": "0x9119b9a91b48b2b342891311c3faed7f70a98f50ab263f67bdd2c57b5bb6b529", "asset_id": "88830671975919674545746966508399177757565854184622820393530428450519699649464", "timestamp": "1769384465000", "hash": "031b9f9e914c43646f6d1a49bd019b32c10499ee", "bids": [{"price": "0.001", "size": "15323.82"}, {"price": "0.002", "size": "915.96"}, {"price": "0.003", "size": "89.59"}, {"price": "0.006", "size": "330"}, {"price": "0.007", "size": "507.52"}, {"price": "0.008", "size": "205.99"}, {"price": "0.009", "size": "9.83"}, {"price": "0.01", "size": "200"}, {"price": "0.011", "size": "21.23"}, {"price": "0.012", "size": "92.11"}], "asks": [{"price": "0.999", "size": "6628.32"}, {"price": "0.998", "size": "1255.29"}, {"price": "0.997", "size": "1166"}, {"price": "0.996", "size": "9.06"}, {"price": "0.994", "size": "83"}, {"price": "0.99", "size": "3730"}, {"price": "0.989", "size": "13.28"}, {"price": "0.98", "size": "1800"}, {"price": "0.959", "size": "48"}, {"price": "0.958", "size": "5.02"}, {"price": "0.95", "size": "60"}, {"price": "0.949", "size": "39"}, {"price": "0.94", "size": "500"}, {"price": "0.9", "size": "660"}, {"price": "0.899", "size": "5.85"}, {"price": "0.85", "size": "226.66"}, {"price": "0.808", "size": "104.99"}, {"price": "0.8", "size": "160"}, {"price": "0.75", "size": "112"}, {"price": "0.7", "size": "86.66"}, {"price": "0.699", "size": "6"}, {"price": "0.65", "size": "68.57"}, {"price": "0.6", "size": "50"}, {"price": "0.5", "size": "50"}, {"price": "0.49", "size": "37.59"}, {"price": "0.151", "size": "9"}, {"price": "0.11", "size": "43"}, {"price": "0.066", "size": "100"}, {"price": "0.065", "size": "19.99"}, {"price": "0.05", "size": "1005"}, {"price": "0.049", "size": "250"}, {"price": "0.048", "size": "250"}, {"price": "0.047", "size": "500"}, {"price": "0.037", "size": "44.05"}, {"price": "0.035", "size": "2000"}, {"price": "0.034", "size": "2690"}, {"price": "0.03", "size": "100"}, {"price": "0.02", "size": "100"}, {"price": "0.019", "size": "16.03"}], "event_type": "book", "last_trade_price": "0.012"}]}
{"_local_timestamp": "2026-01-25T23:42:59.245974+00:00", "data": {"market": "0x9119b9a91b48b2b342891311c3faed7f70a98f50ab263f67bdd2c57b5bb6b529", "price_changes": [{"asset_id": "88830671975919674545746966508399177757565854184622820393530428450519699649464", "price": "0.003", "size": "81.01", "side": "BUY", "hash": "366b20da7285639b9f80c29f805b32657c0467f3", "best_bid": "0.012", "best_ask": "0.019"}, {"asset_id": "73290163260031476741133226905281184321823063471943431636058905379195296812545", "price": "0.997", "size": "81.01", "side": "SELL", "hash": "da7756d062fc74274af33f5f3a01df11406bab50", "best_bid": "0.981", "best_ask": "0.988"}], "timestamp": "1769384579001", "event_type": "price_change"}}
{"_local_timestamp": "2026-01-25T23:43:17.077876+00:00", "data": {"market": "0x9119b9a91b48b2b342891311c3faed7f70a98f50ab263f67bdd2c57b5bb6b529", "price_changes": [{"asset_id": "73290163260031476741133226905281184321823063471943431636058905379195296812545", "price": "0.042", "size": "0", "side": "BUY", "hash": "0e6ff781b038cdc255dab3ce901aad7b50487243", "best_bid": "0.981", "best_ask": "0.988"}, {"asset_id": "88830671975919674545746966508399177757565854184622820393530428450519699649464", "price": "0.958", "size": "0", "side": "SELL", "hash": "e5dc18e49374c1bf0f396cc54487fd6045867537", "best_bid": "0.012", "best_ask": "0.019"}], "timestamp": "1769384597000", "event_type": "price_change"}}
{"_local_timestamp": "2026-01-25T23:43:24.974084+00:00", "data": {"market": "0x9119b9a91b48b2b342891311c3faed7f70a98f50ab263f67bdd2c57b5bb6b529", "price_changes": [{"asset_id": "88830671975919674545746966508399177757565854184622820393530428450519699649464", "price": "0.011", "size": "8.37", "side": "BUY", "hash": "dce81c727fa98b6907400c4dbdc50d6552ad6870", "best_bid": "0.012", "best_ask": "0.019"}, {"asset_id": "73290163260031476741133226905281184321823063471943431636058905379195296812545", "price": "0.989", "size": "8.37", "side": "SELL", "hash": "0151c1f0a95b1e23628600e8ee531d23658d4f0f", "best_bid": "0.981", "best_ask": "0.988"}], "timestamp": "1769384604902", "event_type": "price_change"}}
{"_local_timestamp": "2026-01-25T23:43:25.263454+00:00", "data": {"market": "0x9119b9a91b48b2b342891311c3faed7f70a98f50ab263f67bdd2c57b5bb6b529", "price_changes": [{"asset_id": "88830671975919674545746966508399177757565854184622820393530428450519699649464", "price": "0.002", "size": "923.99", "side": "BUY", "hash": "c0ccad601a185f842344f2df4f348b79b092f46e", "best_bid": "0.012", "best_ask": "0.019"}, {"asset_id": "73290163260031476741133226905281184321823063471943431636058905379195296812545", "price": "0.998", "size": "923.99", "side": "SELL", "hash": "27fc09bb87b4d9bf869a09ae2395e76f84278019", "best_bid": "0.981", "best_ask": "0.988"}], "timestamp": "1769384605196", "event_type": "price_change"}}
{"_local_timestamp": "2026-01-25T23:43:25.263902+00:00", "data": {"market": "0x9119b9a91b48b2b342891311c3faed7f70a98f50ab263f67bdd2c57b5bb6b529", "price_changes": [{"asset_id": "88830671975919674545746966508399177757565854184622820393530428450519699649464", "price": "0.011", "size": "23.02", "side": "BUY", "hash": "a64f0e50e21ad35226f4ecab6b4815bd96e4f903", "best_bid": "0.012", "best_ask": "0.019"}, {"asset_id": "73290163260031476741133226905281184321823063471943431636058905379195296812545", "price": "0.989", "size": "23.02", "side": "SELL", "hash": "594e8cc204c67ab721129d3486202a3bc8dc4236", "best_bid": "0.981", "best_ask": "0.988"}], "timestamp": "1769384605197", "event_type": "price_change"}}
{"_local_timestamp": "2026-01-25T23:43:26.690663+00:00", "data": {"market": "0x9119b9a91b48b2b342891311c3faed7f70a98f50ab263f67bdd2c57b5bb6b529", "price_changes": [{"asset_id": "88830671975919674545746966508399177757565854184622820393530428450519699649464", "price": "0.002", "size": "915.96", "side": "BUY", "hash": "0fa3faf069a063e24841ded438b90793a90627d2", "best_bid": "0.012", "best_ask": "0.019"}, {"asset_id": "73290163260031476741133226905281184321823063471943431636058905379195296812545", "price": "0.998", "size": "915.96", "side": "SELL", "hash": "18682d95b79c663ea210cbb43886a18f009da585", "best_bid": "0.981", "best_ask": "0.988"}], "timestamp": "1769384606617", "event_type": "price_change"}}
{"_local_timestamp": "2026-01-25T23:43:26.691076+00:00", "data": {"market": "0x9119b9a91b48b2b342891311c3faed7f70a98f50ab263f67bdd2c57b5bb6b529", "price_changes": [{"asset_id": "88830671975919674545746966508399177757565854184622820393530428450519699649464", "price": "0.011", "size": "8.37", "side": "BUY", "hash": "0fa3faf069a063e24841ded438b90793a90627d2", "best_bid": "0.012", "best_ask": "0.019"}, {"asset_id": "73290163260031476741133226905281184321823063471943431636058905379195296812545", "price": "0.989", "size": "8.37", "side": "SELL", "hash": "18682d95b79c663ea210cbb43886a18f009da585", "best_bid": "0.981", "best_ask": "0.988"}], "timestamp": "1769384606617", "event_type": "price_change"}}
{"_local_timestamp": "2026-01-25T23:43:27.036516+00:00", "data": {"market": "0x9119b9a91b48b2b342891311c3faed7f70a98f50ab263f67bdd2c57b5bb6b529", "price_changes": [{"asset_id": "88830671975919674545746966508399177757565854184622820393530428450519699649464", "price": "0.011", "size": "23.02", "side": "BUY", "hash": "29ca38a6808e0910ed024eb8a69b40cba60b6ce9", "best_bid": "0.012", "best_ask": "0.019"}, {"asset_id": "73290163260031476741133226905281184321823063471943431636058905379195296812545", "price": "0.989", "size": "23.02", "side": "SELL", "hash": "342a87badaf1b26578a0a58a3ed6874dc1c799a4", "best_bid": "0.981", "best_ask": "0.988"}], "timestamp": "1769384606927", "event_type": "price_change"}}
{"_local_timestamp": "2026-01-25T23:43:27.036912+00:00", "data": {"market": "0x9119b9a91b48b2b342891311c3faed7f70a98f50ab263f67bdd2c57b5bb6b529", "price_changes": [{"asset_id": "88830671975919674545746966508399177757565854184622820393530428450519699649464", "price": "0.002", "size": "923.99", "side": "BUY", "hash": "b4b3389f6994ab63ac87e18a370c4e83bec1873b", "best_bid": "0.012", "best_ask": "0.019"}, {"asset_id": "73290163260031476741133226905281184321823063471943431636058905379195296812545", "price": "0.998", "size": "923.99", "side": "SELL", "hash": "8eb6a8fc241603d06a1c10abbd708db628fce894", "best_bid": "0.981", "best_ask": "0.988"}], "timestamp": "1769384606927", "event_type": "price_change"}}
{"_local_timestamp": "2026-01-25T23:44:22.437596+00:00", "data": {"market": "0x9119b9a91b48b2b342891311c3faed7f70a98f50ab263f67bdd2c57b5bb6b529", "price_changes": [{"asset_id": "73290163260031476741133226905281184321823063471943431636058905379195296812545", "price": "0.042", "size": "5.02", "side": "BUY", "hash": "c124a4d634647c570e9fdb11e1b6319fcd0413e6", "best_bid": "0.981", "best_ask": "0.988"}, {"asset_id": "88830671975919674545746966508399177757565854184622820393530428450519699649464", "price": "0.958", "size": "5.02", "side": "SELL", "hash": "4c3b01b2d3f2fabbabf405acf264cdf6a0676329", "best_bid": "0.012", "best_ask": "0.019"}], "timestamp": "1769384662349", "event_type": "price_change"}}
{"_local_timestamp": "2026-01-25T23:45:31.845808+00:00", "data": {"market": "0x9119b9a91b48b2b342891311c3faed7f70a98f50ab263f67bdd2c57b5bb6b529", "price_changes": [{"asset_id": "73290163260031476741133226905281184321823063471943431636058905379195296812545", "price": "0.985", "size": "100", "side": "BUY", "hash": "5c10f6b1a3f309c204d5020d5531b96ce5ad174d", "best_bid": "0.985", "best_ask": "0.988"}, {"asset_id": "88830671975919674545746966508399177757565854184622820393530428450519699649464", "price": "0.015", "size": "100", "side": "SELL", "hash": "f3117bd058a0a03e8dade937c394f1aea726ee7f", "best_bid": "0.012", "best_ask": "0.015"}], "timestamp": "1769384731769", "event_type": "price_change"}}
{"_local_timestamp": "2026-01-25T23:45:51.792812+00:00", "data": {"market": "0x9119b9a91b48b2b342891311c3faed7f70a98f50ab263f67bdd2c57b5bb6b529", "price_changes": [{"asset_id": "73290163260031476741133226905281184321823063471943431636058905379195296812545", "price": "0.966", "size": "2490", "side": "BUY", "hash": "adac4661f6b509a24dc9aaf5f032aa8ec026a370", "best_bid": "0.985", "best_ask": "0.988"}, {"asset_id": "88830671975919674545746966508399177757565854184622820393530428450519699649464", "price": "0.034", "size": "2490", "side": "SELL", "hash": "a95f4742152868a1f93f7eaa1b086e6828a81928", "best_bid": "0.012", "best_ask": "0.015"}], "timestamp": "1769384751727", "event_type": "price_change"}}
{"_local_timestamp": "2026-01-25T23:46:34.229009+00:00", "data": {"market": "0x9119b9a91b48b2b342891311c3faed7f70a98f50ab263f67bdd2c57b5bb6b529", "price_changes": [{"asset_id": "73290163260031476741133226905281184321823063471943431636058905379195296812545", "price": "0.101", "size": "0", "side": "BUY", "hash": "0ddb35fcee9100bbfe1a1612056551a4513d0127", "best_bid": "0.985", "best_ask": "0.988"}, {"asset_id": "88830671975919674545746966508399177757565854184622820393530428450519699649464", "price": "0.899", "size": "0", "side": "SELL", "hash": "9c75d56c235eee0ca4d209902d49a51c0b069147", "best_bid": "0.012", "best_ask": "0.015"}], "timestamp": "1769384794000", "event_type": "price_change"}}
{"_local_timestamp": "2026-01-25T23:47:31.236729+00:00", "data": {"market": "0x9119b9a91b48b2b342891311c3faed7f70a98f50ab263f67bdd2c57b5bb6b529", "price_changes": [{"asset_id": "88830671975919674545746966508399177757565854184622820393530428450519699649464", "price": "0.011", "size": "8.37", "side": "BUY", "hash": "7ff759d513e4361557326cf1aebd373360e7b15f", "best_bid": "0.012", "best_ask": "0.015"}, {"asset_id": "73290163260031476741133226905281184321823063471943431636058905379195296812545", "price": "0.989", "size": "8.37", "side": "SELL", "hash": "56a940f5e01a23e9fa099c163383d5372f252590", "best_bid": "0.985", "best_ask": "0.988"}], "timestamp": "1769384850973", "event_type": "price_change"}}
{"_local_timestamp": "2026-01-25T23:47:31.629524+00:00", "data": {"market": "0x9119b9a91b48b2b342891311c3faed7f70a98f50ab263f67bdd2c57b5bb6b529", "price_changes": [{"asset_id": "88830671975919674545746966508399177757565854184622820393530428450519699649464", "price": "0.003", "size": "90.54", "side": "BUY", "hash": "4c41f543ac3dbd13da95eb16e1af5673269f1c1e", "best_bid": "0.012", "best_ask": "0.015"}, {"asset_id": "73290163260031476741133226905281184321823063471943431636058905379195296812545", "price": "0.997", "size": "90.54", "side": "SELL", "hash": "b3211271fd4f3f7cfb0310818ad0f073f3905cb9", "best_bid": "0.985", "best_ask": "0.988"}], "timestamp": "1769384851378", "event_type": "price_change"}}
{"_local_timestamp": "2026-01-25T23:47:31.629992+00:00", "data": {"market": "0x9119b9a91b48b2b342891311c3faed7f70a98f50ab263f67bdd2c57b5bb6b529", "price_changes": [{"asset_id": "88830671975919674545746966508399177757565854184622820393530428450519699649464", "price": "0.009", "size": "19.11", "side": "BUY", "hash": "b29ee989b9789a76829fb9d72b385b3052fdcede", "best_bid": "0.012", "best_ask": "0.015"}, {"asset_id": "73290163260031476741133226905281184321823063471943431636058905379195296812545", "price": "0.991", "size": "19.11", "side": "SELL", "hash": "d160ccffccd604bcf48c8f0e1c2299b866de027d", "best_bid": "0.985", "best_ask": "0.988"}], "timestamp": "1769384851381", "event_type": "price_change"}}
{"_local_timestamp": "2026-01-25T23:47:31.630343+00:00", "data": {"market": "0x9119b9a91b48b2b342891311c3faed7f70a98f50ab263f67bdd2c57b5bb6b529", "price_changes": [{"asset_id": "88830671975919674545746966508399177757565854184622820393530428450519699649464", "price": "0.007", "size": "514.53", "side": "BUY", "hash": "b2c34bf716e52cca3f0b751696b8a70fb88427b5", "best_bid": "0.012", "best_ask": "0.015"}, {"asset_id": "73290163260031476741133226905281184321823063471943431636058905379195296812545", "price": "0.993", "size": "514.53", "side": "SELL", "hash": "647f6f99e38c0be7eda6f3f5702ff5816b66cd3d", "best_bid": "0.985", "best_ask": "0.988"}], "timestamp": "1769384851385", "event_type": "price_change"}}
{"_local_timestamp": "2026-01-25T23:48:12.406450+00:00", "data": {"market": "0x9119b9a91b48b2b342891311c3faed7f70a98f50ab263f67bdd2c57b5bb6b529", "price_changes": [{"asset_id": "73290163260031476741133226905281184321823063471943431636058905379195296812545", "price": "0.101", "size": "5.85", "side": "BUY", "hash": "95e1694c5c34ef5dd84022991b6840851261eba7", "best_bid": "0.985", "best_ask": "0.988"}, {"asset_id": "88830671975919674545746966508399177757565854184622820393530428450519699649464", "price": "0.899", "size": "5.85", "side": "SELL", "hash": "ec26442038464ce99e9b97eaf0d9327c55195089", "best_bid": "0.012", "best_ask": "0.015"}], "timestamp": "1769384892334", "event_type": "price_change"}}
{"_local_timestamp": "2026-01-25T23:48:39.683461+00:00", "data": {"market": "0x9119b9a91b48b2b342891311c3faed7f70a98f50ab263f67bdd2c57b5bb6b529", "price_changes": [{"asset_id": "73290163260031476741133226905281184321823063471943431636058905379195296812545", "price": "0.97", "size": "1100", "side": "BUY", "hash": "3116847157b1a04cc45ae7131c862914cd01b981", "best_bid": "0.985", "best_ask": "0.988"}, {"asset_id": "88830671975919674545746966508399177757565854184622820393530428450519699649464", "price": "0.03", "size": "1100", "side": "SELL", "hash": "35b4b1e9b1fe768f59796306c14422f6cb7bedf5", "best_bid": "0.012", "best_ask": "0.015"}], "timestamp": "1769384919610", "event_type": "price_change"}}
