{"_local_timestamp": "2026-01-25T23:34:17.123192+00:00", "data": [{"market": "0x78ea9642dd928315bd44e95a0f4e6b59fd3d62ea3e3deb743d0555dadb0b8f9a", "asset_id": "57766117073273962228210919062336859892244830926897399205099522330425302600917", "timestamp": "1769384056915", "hash": "b90deadc7c3767993044a203bb5e4a0485af905c", "bids": [{"price": "0.001", "size": "5220.07"}, {"price": "0.002", "size": "5.04"}, {"price": "0.003", "size": "1000"}, {"price": "0.004", "size": "20.44"}, {"price": "0.01", "size": "3841.3"}, {"price": "0.02", "size": "1800"}, {"price": "0.021", "size": "14.46"}, {"price": "0.05", "size": "100"}, {"price": "0.06", "size": "533"}, {"price": "0.1", "size": "360"}, {"price": "0.101", "size": "5.93"}, {"price": "0.15", "size": "226.66"}, {"price": "0.2", "size": "260"}, {"price": "0.232", "size": "5"}, {"price": "0.25", "size": "112"}, {"price": "0.27", "size": "50"}, {"price": "0.3", "size": "86.66"}, {"price": "0.34", "size": "50"}, {"price": "0.35", "size": "68.57"}, {"price": "0.351", "size": "5"}, {"price": "0.4", "size": "50"}, {"price": "0.82", "size": "20"}, {"price": "0.84", "size": "40"}, {"price": "0.85", "size": "20.77"}, {"price": "0.89", "size": "20"}, {"price": "0.9", "size": "83.55"}, {"price": "0.94", "size": "2713.59"}, {"price": "0.946", "size": "470"}, {"price": "0.95", "size": "200"}, {"price": "0.951", "size": "229.37"}, {"price": "0.953", "size": "30"}, {"price": "0.954", "size": "135"}, {"price": "0.955", "size": "30"}], "asks": [{"price": "0.999", "size": "31663.98"}, {"price": "0.998", "size": "8516.87"}, {"price": "0.997", "size": "3343.27"}, {"price": "0.996", "size": "3507.99"}, {"price": "0.995", "size": "10142.39"}, {"price": "0.994", "size": "56799"}, {"price": "0.993", "size": "509.74"}, {"price": "0.992", "size": "200"}, {"price": "0.991", "size": "207.5"}, {"price": "0.99", "size": "1181.52"}, {"price": "0.989", "size": "1841.61"}, {"price": "0.988", "size": "200"}, {"price": "0.987", "size": "5.32"}, {"price": "0.985", "size": "272"}, {"price": "0.984", "size": "6.09"}, {"price": "0.982", "size": "100"}, {"price": "0.981", "size": "6.17"}, {"price": "0.977", "size": "100"}, {"price": "0.976", "size": "6.29"}, {"price": "0.974", "size": "600"}, {"price": "0.973", "size": "100"}, {"price": "0.972", "size": "100"}, {"price": "0.971", "size": "470"}, {"price": "0.97", "size": "105.96"}, {"price": "0.968", "size": "1015.34"}, {"price": "0.967", "size": "267.67"}, {"price": "0.966", "size": "256.96"}, {"price": "0.965", "size": "10"}], "event_type": "book", "last_trade_price": "0.034"}, {"market": "0x78ea9642dd928315bd44e95a0f4e6b59fd3d62ea3e3deb743d0555dadb0b8f9a", "asset_id": "74056503185177077651676674290146084492357535649574987761120880465385176801270", "timestamp": "1769384056915", "hash": "5f67278b20cae97b0f9690318535642139f70d85", "bids": [{"price": "0.001", "size": "31663.98"}, {"price": "0.002", "size": "8516.87"}, {"price": "0.003", "size": "3343.27"}, {"price": "0.004", "size": "3507.99"}, {"price": "0.005", "size": "10142.39"}, {"price": "0.006", "size": "56799"}, {"price": "0.007", "size": "509.74"}, {"price": "0.008", "size": "200"}, {"price": "0.009", "size": "207.5"}, {"price": "0.01", "size": "1181.52"}, {"price": "0.011", "size": "1841.61"}, {"price": "0.012", "size": "200"}, {"price": "0.013", "size": "5.32"}, {"price": "0.015", "size": "272"}, {"price": "0.016", "size": "6.09"}, {"price": "0.018", "size": "100"}, {"price": "0.019", "size": "6.17"}, {"price": "0.023", "size": "100"}, {"price": "0.024", "size": "6.29"}, {"price": "0.026", "size": "600"}, {"price": "0.027", "size": "100"}, {"price": "0.028", "size": "100"}, {"price": "0.029", "size": "470"}, {"price": "0.03", "size": "105.96"}, {"price": "0.032", "size": "1015.34"}, {"price": "0.033", "size": "267.67"}, {"price": "0.034", "size": "256.96"}, {"price": "0.035", "size": "10"}], "asks": [{"price": "0.999", "size": "5220.07"}, {"price": "0.998", "size": "5.04"}, {"price": "0.997", "size": "1000"}, {"price": "0.996", "size": "20.44"}, {"price": "0.99", "size": "3841.3"}, {"price": "0.98", "size": "1800"}, {"price": "0.979", "size": "14.46"}, {"price": "0.95", "size": "100"}, {"price": "0.94", "size": "533"}, {"price": "0.9", "size": "360"}, {"price": "0.899", "size": "5.93"}, {"price": "0.85", "size": "226.66"}, {"price": "0.8", "size": "260"}, {"price": "0.768", "size": "5"}, {"price": "0.75", "size": "112"}, {"price": "0.73", "size": "50"}, {"price": "0.7", "size": "86.66"}, {"price": "0.66", "size": "50"}, {"price": "0.65", "size": "68.57"}, {"price": "0.649", "size": "5"}, {"price": "0.6", "size": "50"}, {"price": "0.18", "size": "20"}, {"price": "0.16", "size": "40"}, {"price": "0.15", "size": "20.77"}, {"price": "0.11", "size": "20"}, {"price": "0.1", "size": "83.55"}, {"price": "0.06", "size": "2713.59"}, {"price": "0.054", "size": "470"}, {"price": "0.05", "size": "200"}, {"price": "0.049", "size": "229.37"}, {"price": "0.047", "size": "30"}, {"price": "0.046", "size": "135"}, {"price": "0.045", "size": "30"}], "event_type": "book", "last_trade_price": "0.034"}]}
{"_local_timestamp": "2026-01-25T23:34:17.416981+00:00", "data": {"market": "0x78ea9642dd928315bd44e95a0f4e6b59fd3d62ea3e3deb743d0555dadb0b8f9a", "price_changes": [{"asset_id": "74056503185177077651676674290146084492357535649574987761120880465385176801270", "price": "0.029", "size": "250", "side": "BUY", "hash": "5fdfcab9ca53f9953ec8a5ca0be5c74ec5a3d995", "best_bid": "0.035", "best_ask": "0.045"}, {"asset_id": "57766117073273962228210919062336859892244830926897399205099522330425302600917", "price": "0.971", "size": "250", "side": "SELL", "hash": "ad845286888126a40ae6b05560992eae5c83c05c", "best_bid": "0.955", "best_ask": "0.965"}], "timestamp": "1769384057347", "event_type": "price_change"}}
{"_local_timestamp": "2026-01-25T23:34:17.418141+00:00", "data": {"market": "0x78ea9642dd928315bd44e95a0f4e6b59fd3d62ea3e3deb743d0555dadb0b8f9a", "price_changes": [{"asset_id": "57766117073273962228210919062336859892244830926897399205099522330425302600917", "price": "0.946", "size": "250", "side": "BUY", "hash": "58dc1c03b60bc0467038d7f2bc64cbd547068fc5", "best_bid": "0.955", "best_ask": "0.965"}, {"asset_id": "74056503185177077651676674290146084492357535649574987761120880465385176801270", "price": "0.054", "size": "250", "side": "SELL", "hash": "7da1921dfe0a05472ff97f88b6f7acd9abd579f3", "best_bid": "0.035", "best_ask": "0.045"}], "timestamp": "1769384057347", "event_type": "price_change"}}
{"_local_timestamp": "2026-01-25T23:34:17.965305+00:00", "data": {"market": "0x78ea9642dd928315bd44e95a0f4e6b59fd3d62ea3e3deb743d0555dadb0b8f9a", "price_changes": [{"asset_id": "74056503185177077651676674290146084492357535649574987761120880465385176801270", "price": "0.046", "size": "16", "side": "SELL", "hash": "44e0e87ed1c0cd12f5a24cd0558388e9fc87e2e6", "best_bid": "0.035", "best_ask": "0.045"}, {"asset_id": "57766117073273962228210919062336859892244830926897399205099522330425302600917", "price": "0.954", "size": "16", "side": "BUY", "hash": "aa799bb0bebae7dc4b778dbb5160553df6c2f78c", "best_bid": "0.955", "best_ask": "0.965"}], "timestamp": "1769384057893", "event_type": "price_change"}}
{"_local_timestamp": "2026-01-25T23:34:17.998052+00:00", "data": {"market": "0x78ea9642dd928315bd44e95a0f4e6b59fd3d62ea3e3deb743d0555dadb0b8f9a", "price_changes": [{"asset_id": "74056503185177077651676674290146084492357535649574987761120880465385176801270", "price": "0.045", "size": "142", "side": "SELL", "hash": "951ff4d5740c57fa7322d78e911a12666d9cda3b", "best_bid": "0.035", "best_ask": "0.045"}, {"asset_id": "57766117073273962228210919062336859892244830926897399205099522330425302600917", "price": "0.955", "size": "142", "side": "BUY", "hash": "79ee53e5df7b053a491d360b005063fd6d82732b", "best_bid": "0.955", "best_ask": "0.965"}], "timestamp": "1769384057918", "event_type": "price_change"}}
{"_local_timestamp": "2026-01-25T23:34:18.117252+00:00", "data": {"market": "0x78ea9642dd928315bd44e95a0f4e6b59fd3d62ea3e3deb743d0555dadb0b8f9a", "price_changes": [{"asset_id": "74056503185177077651676674290146084492357535649574987761120880465385176801270", "price": "0.049", "size": "31.73", "side": "SELL", "hash": "604a56f5ac64c0c42ed8a39b7e73e26bd5841571", "best_bid": "0.035", "best_ask": "0.045"}, {"asset_id": "57766117073273962228210919062336859892244830926897399205099522330425302600917", "price": "0.951", "size": "31.73", "side": "BUY", "hash": "7848d947a9dfd446e9d72b02822607aee2ebdb23", "best_bid": "0.955", "best_ask": "0.965"}], "timestamp": "1769384058047", "event_type": "price_change"}}
{"_local_timestamp": "2026-01-25T23:34:18.269699+00:00", "data": {"market": "0x78ea9642dd928315bd44e95a0f4e6b59fd3d62ea3e3deb743d0555dadb0b8f9a", "price_changes": [{"asset_id": "74056503185177077651676674290146084492357535649574987761120880465385176801270", "price": "0.047", "size": "0", "side": "SELL", "hash": "a55ac1b6df8f79b294232c50413dc7cd72d1d15c", "best_bid": "0.035", "best_ask": "0.045"}, {"asset_id": "57766117073273962228210919062336859892244830926897399205099522330425302600917", "price": "0.953", "size": "0", "side": "BUY", "hash": "4b6928545c366f6c312e7a06f0e04baffd2927af", "best_bid": "0.955", "best_ask": "0.965"}], "timestamp": "1769384058189", "event_type": "price_change"}}
{"_local_timestamp": "2026-01-25T23:34:18.312544+00:00", "data": {"market": "0x78ea9642dd928315bd44e95a0f4e6b59fd3d62ea3e3deb743d0555dadb0b8f9a", "price_changes": [{"asset_id": "74056503185177077651676674290146084492357535649574987761120880465385176801270", "price": "0.045", "size": "172", "side": "SELL", "hash": "af125c4b677583fc9afd1361fac9525167cf0076", "best_bid": "0.035", "best_ask": "0.045"}, {"asset_id": "57766117073273962228210919062336859892244830926897399205099522330425302600917", "price": "0.955", "size": "172", "side": "BUY", "hash": "4cd525c91d2daecfb6021d3b8ee2e1ec21b35f12", "best_bid": "0.955", "best_ask": "0.965"}], "timestamp": "1769384058245", "event_type": "price_change"}}
{"_local_timestamp": "2026-01-25T23:34:18.611689+00:00", "data": {"market": "0x78ea9642dd928315bd44e95a0f4e6b59fd3d62ea3e3deb743d0555dadb0b8f9a", "price_changes": [{"asset_id": "57766117073273962228210919062336859892244830926897399205099522330425302600917", "price": "0.954", "size": "0", "side": "BUY", "hash": "35391459b50e157679a5608569f0302a357fa7b9", "best_bid": "0.955", "best_ask": "0.965"}, {"asset_id": "74056503185177077651676674290146084492357535649574987761120880465385176801270", "price": "0.046", "size": "0", "side": "SELL", "hash": "ee1ab4dda40f48b2bc5be85cf092fbff4468e71f", "best_bid": "0.035", "best_ask": "0.045"}], "timestamp": "1769384058540", "event_type": "price_change"}}
{"_local_timestamp": "2026-01-25T23:34:18.746462+00:00", "data": {"market": "0x78ea9642dd928315bd44e95a0f4e6b59fd3d62ea3e3deb743d0555dadb0b8f9a", "price_changes": [{"asset_id": "57766117073273962228210919062336859892244830926897399205099522330425302600917", "price": "0.946", "size": "0", "side": "BUY", "hash": "fa99fb6d696c31f9941ca0408b2d0acc3e2426ee", "best_bid": "0.955", "best_ask": "0.965"}, {"asset_id": "74056503185177077651676674290146084492357535649574987761120880465385176801270", "price": "0.054", "size": "0", "side": "SELL", "hash": "c572951c0d19efa79bf83d34781ad3c7c572d385", "best_bid": "0.035", "best_ask": "0.045"}], "timestamp": "1769384058670", "event_type": "price_change"}}
{"_local_timestamp": "2026-01-25T23:34:18.746951+00:00", "data": {"market": "0x78ea9642dd928315bd44e95a0f4e6b59fd3d62ea3e3deb743d0555dadb0b8f9a", "price_changes": [{"asset_id": "74056503185177077651676674290146084492357535649574987761120880465385176801270", "price": "0.029", "size": "0", "side": "BUY", "hash": "27f666d15295fc09b88cd5ff793c6708a9059dec", "best_bid": "0.035", "best_ask": "0.045"}, {"asset_id": "57766117073273962228210919062336859892244830926897399205099522330425302600917", "price": "0.971", "size": "0", "side": "SELL", "hash": "5b44d676f684d7066b7e20bfd16db342b4098397", "best_bid": "0.955", "best_ask": "0.965"}], "timestamp": "1769384058671", "event_type": "price_change"}}
{"_local_timestamp": "2026-01-25T23:34:18.925231+00:00", "data": {"market": "0x78ea9642dd928315bd44e95a0f4e6b59fd3d62ea3e3deb743d0555dadb0b8f9a", "price_changes": [{"asset_id": "74056503185177077651676674290146084492357535649574987761120880465385176801270", "price": "0.044", "size": "201.97", "side": "SELL", "hash": "89160ebb304304518cd5996e0660b5f57c1e584e", "best_bid": "0.035", "best_ask": "0.044"}, {"asset_id": "57766117073273962228210919062336859892244830926897399205099522330425302600917", "price": "0.956", "size": "201.97", "side": "BUY", "hash": "3bbb691b252b5685261307a7154f6a80a7b4f7f0", "best_bid": "0.956", "best_ask": "0.965"}], "timestamp": "1769384058856", "event_type": "price_change"}}
{"_local_timestamp": "2026-01-25T23:34:18.975670+00:00", "data": {"market": "0x78ea9642dd928315bd44e95a0f4e6b59fd3d62ea3e3deb743d0555dadb0b8f9a", "price_changes": [{"asset_id": "57766117073273962228210919062336859892244830926897399205099522330425302600917", "price": "0.943", "size": "200", "side": "BUY", "hash": "ade1f4f4d39157719e0290ea90c8700925b52db0", "best_bid": "0.956", "best_ask": "0.965"}, {"asset_id": "74056503185177077651676674290146084492357535649574987761120880465385176801270", "price": "0.057", "size": "200", "side": "SELL", "hash": "e0612bf13e1bca612a92c9c06ae49c9085f01b5c", "best_bid": "0.035", "best_ask": "0.044"}], "timestamp": "1769384058912", "event_type": "price_change"}}
{"_local_timestamp": "2026-01-25T23:34:18.976542+00:00", "data": {"market": "0x78ea9642dd928315bd44e95a0f4e6b59fd3d62ea3e3deb743d0555dadb0b8f9a", "price_changes": [{"asset_id": "74056503185177077651676674290146084492357535649574987761120880465385176801270", "price": "0.029", "size": "200", "side": "BUY", "hash": "560f7548a5364f71875e12334222490cd998c4b7", "best_bid": "0.035", "best_ask": "0.044"}, {"asset_id": "57766117073273962228210919062336859892244830926897399205099522330425302600917", "price": "0.971", "size": "200", "side": "SELL", "hash": "97413af2b6c8ee03080d9733e560facfaf5f1d2b", "best_bid": "0.956", "best_ask": "0.965"}], "timestamp": "1769384058913", "event_type": "price_change"}}
{"_local_timestamp": "2026-01-25T23:34:19.471537+00:00", "data": {"market": "0x78ea9642dd928315bd44e95a0f4e6b59fd3d62ea3e3deb743d0555dadb0b8f9a", "price_changes": [{"asset_id": "74056503185177077651676674290146084492357535649574987761120880465385176801270", "price": "0.045", "size": "60", "side": "SELL", "hash": "bfec2de611a744025a33f1e2c64c11ec0b8a4918", "best_bid": "0.035", "best_ask": "0.044"}, {"asset_id": "57766117073273962228210919062336859892244830926897399205099522330425302600917", "price": "0.955", "size": "60", "side": "BUY", "hash": "2de57b0162ae4e33fcf96651c9d0a77fe7c78a7f", "best_bid": "0.956", "best_ask": "0.965"}], "timestamp": "1769384059394", "event_type": "price_change"}}
{"_local_timestamp": "2026-01-25T23:34:19.492304+00:00", "data": {"market": "0x78ea9642dd928315bd44e95a0f4e6b59fd3d62ea3e3deb743d0555dadb0b8f9a", "price_changes": [{"asset_id": "74056503185177077651676674290146084492357535649574987761120880465385176801270", "price": "0.049", "size": "145.73", "side": "SELL", "hash": "94e158f8d66d4dcafae449f41b226b1475a78baf", "best_bid": "0.035", "best_ask": "0.044"}, {"asset_id": "57766117073273962228210919062336859892244830926897399205099522330425302600917", "price": "0.951", "size": "145.73", "side": "BUY", "hash": "76d934a82af7f3c95ae51007548a908fa6519d9a", "best_bid": "0.956", "best_ask": "0.965"}], "timestamp": "1769384059421", "event_type": "price_change"}}
{"_local_timestamp": "2026-01-25T23:34:19.697131+00:00", "data": {"market": "0x78ea9642dd928315bd44e95a0f4e6b59fd3d62ea3e3deb743d0555dadb0b8f9a", "price_changes": [{"asset_id": "74056503185177077651676674290146084492357535649574987761120880465385176801270", "price": "0.045", "size": "30", "side": "SELL", "hash": "7b778b5fa05a029e986736c94a37e707bce8d2c4", "best_bid": "0.035", "best_ask": "0.044"}, {"asset_id": "57766117073273962228210919062336859892244830926897399205099522330425302600917", "price": "0.955", "size": "30", "side": "BUY", "hash": "25ce7fb5767a211363d316dc2862c4eb05be08dd", "best_bid": "0.956", "best_ask": "0.965"}], "timestamp": "1769384059628", "event_type": "price_change"}}
{"_local_timestamp": "2026-01-25T23:34:19.728941+00:00", "data": {"market": "0x78ea9642dd928315bd44e95a0f4e6b59fd3d62ea3e3deb743d0555dadb0b8f9a", "price_changes": [{"asset_id": "74056503185177077651676674290146084492357535649574987761120880465385176801270", "price": "0.043", "size": "30", "side": "SELL", "hash": "f418b81fd087368c386ef1eb8636e6b4f8e4fc1e", "best_bid": "0.035", "best_ask": "0.043"}, {"asset_id": "57766117073273962228210919062336859892244830926897399205099522330425302600917", "price": "0.957", "size": "30", "side": "BUY", "hash": "7e302167e0e42212393ca6f3974915f330c7ab90", "best_bid": "0.957", "best_ask": "0.965"}], "timestamp": "1769384059659", "event_type": "price_change"}}
{"_local_timestamp": "2026-01-25T23:34:19.773277+00:00", "data": {"market": "0x78ea9642dd928315bd44e95a0f4e6b59fd3d62ea3e3deb743d0555dadb0b8f9a", "price_changes": [{"asset_id": "74056503185177077651676674290146084492357535649574987761120880465385176801270", "price": "0.034", "size": "0", "side": "BUY", "hash": "4684ec0b70575a4f40b1f4556d52d5e916ad926c", "best_bid": "0.035", "best_ask": "0.043"}, {"asset_id": "57766117073273962228210919062336859892244830926897399205099522330425302600917", "price": "0.966", "size": "0", "side": "SELL", "hash": "fa70826c6c7680624f53bf57ed4aab8ac2a6b550", "best_bid": "0.957", "best_ask": "0.965"}], "timestamp": "1769384059693", "event_type": "price_change"}}
{"_local_timestamp": "2026-01-25T23:34:20.581900+00:00", "data": {"market": "0x78ea9642dd928315bd44e95a0f4e6b59fd3d62ea3e3deb743d0555dadb0b8f9a", "price_changes": [{"asset_id": "57766117073273962228210919062336859892244830926897399205099522330425302600917", "price": "0.955", "size": "0", "side": "BUY", "hash": "43a0dcc11258b6fd8632e8d70a4478e5266d6fa7", "best_bid": "0.957", "best_ask": "0.965"}, {"asset_id": "74056503185177077651676674290146084492357535649574987761120880465385176801270", "price": "0.045", "size": "0", "side": "SELL", "hash": "a03bd2242ddc606787d1011a81ce950b1ad5f712", "best_bid": "0.035", "best_ask": "0.043"}], "timestamp": "1769384060511", "event_type": "price_change"}}
{"_local_timestamp": "2026-01-25T23:34:20.607736+00:00", "data": {"market": "0x78ea9642dd928315bd44e95a0f4e6b59fd3d62ea3e3deb743d0555dadb0b8f9a", "price_changes": [{"asset_id": "74056503185177077651676674290146084492357535649574987761120880465385176801270", "price": "0.049", "size": "31.73", "side": "SELL", "hash": "7416f0daf80e94e2f61bdb8c4d2e9d6ad188f448", "best_bid": "0.035", "best_ask": "0.043"}, {"asset_id": "57766117073273962228210919062336859892244830926897399205099522330425302600917", "price": "0.951", "size": "31.73", "side": "BUY", "hash": "4fb3a31a98126200e97e3344f5eb3f8ebca8c2ea", "best_bid": "0.957", "best_ask": "0.965"}], "timestamp": "1769384060540", "event_type": "price_change"}}
{"_local_timestamp": "2026-01-25T23:34:20.877721+00:00", "data": {"market": "0x78ea9642dd928315bd44e95a0f4e6b59fd3d62ea3e3deb743d0555dadb0b8f9a", "price_changes": [{"asset_id": "57766117073273962228210919062336859892244830926897399205099522330425302600917", "price": "0.967", "size": "293.07", "side": "SELL", "hash": "f1d7ed04d877a0071f397409192ba08ff75aaa79", "best_bid": "0.957", "best_ask": "0.965"}, {"asset_id": "74056503185177077651676674290146084492357535649574987761120880465385176801270", "price": "0.033", "size": "293.07", "side": "BUY", "hash": "b35acbf67ba2fb4c6681d7cf01d62c37526d9886", "best_bid": "0.035", "best_ask": "0.043"}], "timestamp": "1769384060809", "event_type": "price_change"}}
{"_local_timestamp": "2026-01-25T23:34:20.938362+00:00", "data": {"market": "0x78ea9642dd928315bd44e95a0f4e6b59fd3d62ea3e3deb743d0555dadb0b8f9a", "price_changes": [{"asset_id": "74056503185177077651676674290146084492357535649574987761120880465385176801270", "price": "0.028", "size": "310", "side": "BUY", "hash": "50fc15a7dc80cde9c02a3b5e15e993335d3bd618", "best_bid": "0.035", "best_ask": "0.043"}, {"asset_id": "57766117073273962228210919062336859892244830926897399205099522330425302600917", "price": "0.972", "size": "310", "side": "SELL", "hash": "00fcb30ee5fa3a8a4642c76f70856922e9bae288", "best_bid": "0.957", "best_ask": "0.965"}], "timestamp": "1769384060864", "event_type": "price_change"}}
{"_local_timestamp": "2026-01-25T23:34:20.940697+00:00", "data": {"market": "0x78ea9642dd928315bd44e95a0f4e6b59fd3d62ea3e3deb743d0555dadb0b8f9a", "price_changes": [{"asset_id": "57766117073273962228210919062336859892244830926897399205099522330425302600917", "price": "0.95", "size": "430", "side": "BUY", "hash": "9ebc8580c2561de8c9968b3bc89b72efa55601af", "best_bid": "0.957", "best_ask": "0.965"}, {"asset_id": "74056503185177077651676674290146084492357535649574987761120880465385176801270", "price": "0.05", "size": "430", "side": "SELL", "hash": "6246243ee45e4bd9a287aba6e78fd386f3b90f67", "best_bid": "0.035", "best_ask": "0.043"}], "timestamp": "1769384060865", "event_type": "price_change"}}
{"_local_timestamp": "2026-01-25T23:34:21.321544+00:00", "data": {"market": "0x78ea9642dd928315bd44e95a0f4e6b59fd3d62ea3e3deb743d0555dadb0b8f9a", "price_changes": [{"asset_id": "57766117073273962228210919062336859892244830926897399205099522330425302600917", "price": "0.943", "size": "0", "side": "BUY", "hash": "ddcb1b2d958229c88aca42ecacc290b37a004ff9", "best_bid": "0.957", "best_ask": "0.965"}, {"asset_id": "74056503185177077651676674290146084492357535649574987761120880465385176801270", "price": "0.057", "size": "0", "side": "SELL", "hash": "fef2ce3594cdd4c59b76c4751c76c4e60f6d4c3e", "best_bid": "0.035", "best_ask": "0.043"}], "timestamp": "1769384061253", "event_type": "price_change"}}
{"_local_timestamp": "2026-01-25T23:34:21.323421+00:00", "data": {"market": "0x78ea9642dd928315bd44e95a0f4e6b59fd3d62ea3e3deb743d0555dadb0b8f9a", "price_changes": [{"asset_id": "74056503185177077651676674290146084492357535649574987761120880465385176801270", "price": "0.029", "size": "0", "side": "BUY", "hash": "827b3f5965aeb6d56c3511ba63082d243ccba8a3", "best_bid": "0.035", "best_ask": "0.043"}, {"asset_id": "57766117073273962228210919062336859892244830926897399205099522330425302600917", "price": "0.971", "size": "0", "side": "SELL", "hash": "4e96c97f13b7cabec4642df15090efab23040e2f", "best_bid": "0.957", "best_ask": "0.965"}], "timestamp": "1769384061253", "event_type": "price_change"}}
{"_local_timestamp": "2026-01-25T23:34:34.967621+00:00", "data": {"market": "0x78ea9642dd928315bd44e95a0f4e6b59fd3d62ea3e3deb743d0555dadb0b8f9a", "price_changes": [{"asset_id": "57766117073273962228210919062336859892244830926897399205099522330425302600917", "price": "0.965", "size": "135", "side": "SELL", "hash": "87017c847d7190634b743ca90e7f8f9d4c7f4364", "best_bid": "0.957", "best_ask": "0.965"}, {"asset_id": "74056503185177077651676674290146084492357535649574987761120880465385176801270", "price": "0.035", "size": "135", "side": "BUY", "hash": "54577bd047aac66a7ffd2168ef1a2f903f6b0bee", "best_bid": "0.035", "best_ask": "0.043"}], "timestamp": "1769384074894", "event_type": "price_change"}}
{"_local_timestamp": "2026-01-25T23:34:34.970853+00:00", "data": {"market": "0x78ea9642dd928315bd44e95a0f4e6b59fd3d62ea3e3deb743d0555dadb0b8f9a", "price_changes": [{"asset_id": "74056503185177077651676674290146084492357535649574987761120880465385176801270", "price": "0.049", "size": "156.73", "side": "SELL", "hash": "bae5eb4cd30c320c7e7975e32819caacfbd19e98", "best_bid": "0.035", "best_ask": "0.043"}, {"asset_id": "57766117073273962228210919062336859892244830926897399205099522330425302600917", "price": "0.951", "size": "156.73", "side": "BUY", "hash": "5508d3f62e167c3501f3d8254c9ba9c881f89ec7", "best_bid": "0.957", "best_ask": "0.965"}], "timestamp": "1769384074898", "event_type": "price_change"}}
{"_local_timestamp": "2026-01-25T23:34:35.573267+00:00", "data": {"market": "0x78ea9642dd928315bd44e95a0f4e6b59fd3d62ea3e3deb743d0555dadb0b8f9a", "price_changes": [{"asset_id": "74056503185177077651676674290146084492357535649574987761120880465385176801270", "price": "0.028", "size": "100", "side": "BUY", "hash": "2cf0c63bc8b5287a0b25727ed4404ab7a6a3778d", "best_bid": "0.035", "best_ask": "0.043"}, {"asset_id": "57766117073273962228210919062336859892244830926897399205099522330425302600917", "price": "0.972", "size": "100", "side": "SELL", "hash": "71b1a588708fa2ea40c6a1148f479c026c0135f4", "best_bid": "0.957", "best_ask": "0.965"}], "timestamp": "1769384075493", "event_type": "price_change"}}
{"_local_timestamp": "2026-01-25T23:34:35.573768+00:00", "data": {"market": "0x78ea9642dd928315bd44e95a0f4e6b59fd3d62ea3e3deb743d0555dadb0b8f9a", "price_changes": [{"asset_id": "57766117073273962228210919062336859892244830926897399205099522330425302600917", "price": "0.95", "size": "200", "side": "BUY", "hash": "d070a6483a08d433892a232767b84c436cec72e1", "best_bid": "0.957", "best_ask": "0.965"}, {"asset_id": "74056503185177077651676674290146084492357535649574987761120880465385176801270", "price": "0.05", "size": "200", "side": "SELL", "hash": "cbbbdf999b6bd55eae6a243dc83c79e1e55afdec", "best_bid": "0.035", "best_ask": "0.043"}], "timestamp": "1769384075493", "event_type": "price_change"}}
{"_local_timestamp": "2026-01-25T23:34:35.730809+00:00", "data": {"market": "0x78ea9642dd928315bd44e95a0f4e6b59fd3d62ea3e3deb743d0555dadb0b8f9a", "price_changes": [{"asset_id": "57766117073273962228210919062336859892244830926897399205099522330425302600917", "price": "0.949", "size": "200", "side": "BUY", "hash": "bc2510558644d669bb9c56be58783d691dec46dd", "best_bid": "0.957", "best_ask": "0.965"}, {"asset_id": "74056503185177077651676674290146084492357535649574987761120880465385176801270", "price": "0.051", "size": "200", "side": "SELL", "hash": "ada7c144bf7a0974722548ea67c1ffd5b239df8c", "best_bid": "0.035", "best_ask": "0.043"}], "timestamp": "1769384075663", "event_type": "price_change"}}
{"_local_timestamp": "2026-01-25T23:34:35.731276+00:00", "data": {"market": "0x78ea9642dd928315bd44e95a0f4e6b59fd3d62ea3e3deb743d0555dadb0b8f9a", "price_changes": [{"asset_id": "74056503185177077651676674290146084492357535649574987761120880465385176801270", "price": "0.028", "size": "300", "side": "BUY", "hash": "46b3d38a9bd0bf8f9371bfc5f8409fd3813019b4", "best_bid": "0.035", "best_ask": "0.043"}, {"asset_id": "57766117073273962228210919062336859892244830926897399205099522330425302600917", "price": "0.972", "size": "300", "side": "SELL", "hash": "fddd263475941c0c81b286864bd93c5f6cf95696", "best_bid": "0.957", "best_ask": "0.965"}], "timestamp": "1769384075664", "event_type": "price_change"}}
{"_local_timestamp": "2026-01-25T23:34:36.460737+00:00", "data": {"market": "0x78ea9642dd928315bd44e95a0f4e6b59fd3d62ea3e3deb743d0555dadb0b8f9a", "price_changes": [{"asset_id": "74056503185177077651676674290146084492357535649574987761120880465385176801270", "price": "0.049", "size": "31.73", "side": "SELL", "hash": "bc0a01252f5cd380c442261c03e8399fd9c43470", "best_bid": "0.035", "best_ask": "0.043"}, {"asset_id": "57766117073273962228210919062336859892244830926897399205099522330425302600917", "price": "0.951", "size": "31.73", "side": "BUY", "hash": "c3f3298770ebb3a8df092b68c395b18d20cacaa4", "best_bid": "0.957", "best_ask": "0.965"}], "timestamp": "1769384076394", "event_type": "price_change"}}
{"_local_timestamp": "2026-01-25T23:34:36.461711+00:00", "data": {"market": "0x78ea9642dd928315bd44e95a0f4e6b59fd3d62ea3e3deb743d0555dadb0b8f9a", "price_changes": [{"asset_id": "57766117073273962228210919062336859892244830926897399205099522330425302600917", "price": "0.965", "size": "10", "side": "SELL", "hash": "7d37c3f9da25ac2ae30ceaaac8cbe68e20e8c6a1", "best_bid": "0.957", "best_ask": "0.965"}, {"asset_id": "74056503185177077651676674290146084492357535649574987761120880465385176801270", "price": "0.035", "size": "10", "side": "BUY", "hash": "4b1e7fb1f911cd8208bd2627cd6534dd25a7a42a", "best_bid": "0.035", "best_ask": "0.043"}], "timestamp": "1769384076394", "event_type": "price_change"}}
{"_local_timestamp": "2026-01-25T23:34:36.486695+00:00", "data": {"market": "0x78ea9642dd928315bd44e95a0f4e6b59fd3d62ea3e3deb743d0555dadb0b8f9a", "price_changes": [{"asset_id": "57766117073273962228210919062336859892244830926897399205099522330425302600917", "price": "0.965", "size": "131", "side": "SELL", "hash": "7c44a213067f851de6ddbd5b84bac0b2f4ca3adb", "best_bid": "0.957", "best_ask": "0.965"}, {"asset_id": "74056503185177077651676674290146084492357535649574987761120880465385176801270", "price": "0.035", "size": "131", "side": "BUY", "hash": "f8bc5f4a4df23366f2df59896f1c3c82d2b5cf79", "best_bid": "0.035", "best_ask": "0.043"}], "timestamp": "1769384076421", "event_type": "price_change"}}
{"_local_timestamp": "2026-01-25T23:34:36.497042+00:00", "data": {"market": "0x78ea9642dd928315bd44e95a0f4e6b59fd3d62ea3e3deb743d0555dadb0b8f9a", "price_changes": [{"asset_id": "74056503185177077651676674290146084492357535649574987761120880465385176801270", "price": "0.049", "size": "152.73", "side": "SELL", "hash": "182fcb70df8b0b0713d2b1be0bb718edcca5e397", "best_bid": "0.035", "best_ask": "0.043"}, {"asset_id": "57766117073273962228210919062336859892244830926897399205099522330425302600917", "price": "0.951", "size": "152.73", "side": "BUY", "hash": "89849b41adbb3e5c8e614fbba7b0f0ce75887dc5", "best_bid": "0.957", "best_ask": "0.965"}], "timestamp": "1769384076426", "event_type": "price_change"}}
{"_local_timestamp": "2026-01-25T23:34:36.636882+00:00", "data": {"market": "0x78ea9642dd928315bd44e95a0f4e6b59fd3d62ea3e3deb743d0555dadb0b8f9a", "price_changes": [{"asset_id": "57766117073273962228210919062336859892244830926897399205099522330425302600917", "price": "0.957", "size": "60", "side": "BUY", "hash": "c8200ef25865a1b10bf6423d70649cc00243f4bd", "best_bid": "0.957", "best_ask": "0.965"}, {"asset_id": "74056503185177077651676674290146084492357535649574987761120880465385176801270", "price": "0.043", "size": "60", "side": "SELL", "hash": "17067e5b0c6ff8e718327709d0756b7c66d629d3", "best_bid": "0.035", "best_ask": "0.043"}], "timestamp": "1769384076572", "event_type": "price_change"}}
{"_local_timestamp": "2026-01-25T23:34:37.553687+00:00", "data": {"market": "0x78ea9642dd928315bd44e95a0f4e6b59fd3d62ea3e3deb743d0555dadb0b8f9a", "price_changes": [{"asset_id": "57766117073273962228210919062336859892244830926897399205099522330425302600917", "price": "0.967", "size": "267.67", "side": "SELL", "hash": "3f0bbc8c0b6be5d09ac63e7f5d48e6ed56aac7e5", "best_bid": "0.957", "best_ask": "0.965"}, {"asset_id": "74056503185177077651676674290146084492357535649574987761120880465385176801270", "price": "0.033", "size": "267.67", "side": "BUY", "hash": "1ff043e00f14983982b687b6ced8e83f983b9c8f", "best_bid": "0.035", "best_ask": "0.043"}], "timestamp": "1769384077490", "event_type": "price_change"}}
{"_local_timestamp": "2026-01-25T23:34:38.139044+00:00", "data": {"market": "0x78ea9642dd928315bd44e95a0f4e6b59fd3d62ea3e3deb743d0555dadb0b8f9a", "price_changes": [{"asset_id": "74056503185177077651676674290146084492357535649574987761120880465385176801270", "price": "0.028", "size": "100", "side": "BUY", "hash": "2e41f8658528cffee7df6e441b72b7c05a29b5bf", "best_bid": "0.035", "best_ask": "0.043"}, {"asset_id": "57766117073273962228210919062336859892244830926897399205099522330425302600917", "price": "0.972", "size": "100", "side": "SELL", "hash": "cbe55bea91634d173160d335b170e8cee50c22cf", "best_bid": "0.957", "best_ask": "0.965"}], "timestamp": "1769384078067", "event_type": "price_change"}}
{"_local_timestamp": "2026-01-25T23:34:38.139716+00:00", "data": {"market": "0x78ea9642dd928315bd44e95a0f4e6b59fd3d62ea3e3deb743d0555dadb0b8f9a", "price_changes": [{"asset_id": "57766117073273962228210919062336859892244830926897399205099522330425302600917", "price": "0.949", "size": "0", "side": "BUY", "hash": "298ea6ecc35466b533b333b1b6955bc76d4a2eb8", "best_bid": "0.957", "best_ask": "0.965"}, {"asset_id": "74056503185177077651676674290146084492357535649574987761120880465385176801270", "price": "0.051", "size": "0", "side": "SELL", "hash": "daa7e6ac46c1a266d46f948841b95a48cb95b795", "best_bid": "0.035", "best_ask": "0.043"}], "timestamp": "1769384078068", "event_type": "price_change"}}
{"_local_timestamp": "2026-01-25T23:34:38.162653+00:00", "data": {"market": "0x78ea9642dd928315bd44e95a0f4e6b59fd3d62ea3e3deb743d0555dadb0b8f9a", "price_changes": [{"asset_id": "74056503185177077651676674290146084492357535649574987761120880465385176801270", "price": "0.049", "size": "31.73", "side": "SELL", "hash": "4ab551826b8067a10ce20ac29631920dd9ed5691", "best_bid": "0.035", "best_ask": "0.043"}, {"asset_id": "57766117073273962228210919062336859892244830926897399205099522330425302600917", "price": "0.951", "size": "31.73", "side": "BUY", "hash": "3d69a7f37c05a2f18b9556d40ac4f2ef44ffac13", "best_bid": "0.957", "best_ask": "0.965"}], "timestamp": "1769384078092", "event_type": "price_change"}}
{"_local_timestamp": "2026-01-25T23:34:38.164727+00:00", "data": {"market": "0x78ea9642dd928315bd44e95a0f4e6b59fd3d62ea3e3deb743d0555dadb0b8f9a", "price_changes": [{"asset_id": "57766117073273962228210919062336859892244830926897399205099522330425302600917", "price": "0.965", "size": "10", "side": "SELL", "hash": "fb5f653ebdec5adb81fe83d92d9598d11fc86d1e", "best_bid": "0.957", "best_ask": "0.965"}, {"asset_id": "74056503185177077651676674290146084492357535649574987761120880465385176801270", "price": "0.035", "size": "10", "side": "BUY", "hash": "fa4bce037b310692c938edf5170f057b3549a2ee", "best_bid": "0.035", "best_ask": "0.043"}], "timestamp": "1769384078093", "event_type": "price_change"}}
{"_local_timestamp": "2026-01-25T23:34:38.187159+00:00", "data": {"market": "0x78ea9642dd928315bd44e95a0f4e6b59fd3d62ea3e3deb743d0555dadb0b8f9a", "price_changes": [{"asset_id": "74056503185177077651676674290146084492357535649574987761120880465385176801270", "price": "0.049", "size": "153.73", "side": "SELL", "hash": "29508850f6de5e4f609d05299b06c89335972c82", "best_bid": "0.035", "best_ask": "0.043"}, {"asset_id": "57766117073273962228210919062336859892244830926897399205099522330425302600917", "price": "0.951", "size": "153.73", "side": "BUY", "hash": "d89bb8af0655e778d6f63f17b4e21c172ceb6027", "best_bid": "0.957", "best_ask": "0.965"}], "timestamp": "1769384078121", "event_type": "price_change"}}
{"_local_timestamp": "2026-01-25T23:34:38.187662+00:00", "data": {"market": "0x78ea9642dd928315bd44e95a0f4e6b59fd3d62ea3e3deb743d0555dadb0b8f9a", "price_changes": [{"asset_id": "57766117073273962228210919062336859892244830926897399205099522330425302600917", "price": "0.965", "size": "132", "side": "SELL", "hash": "e5fe7505529ecb1a57db5aae8df4d2ea3f9469b9", "best_bid": "0.957", "best_ask": "0.965"}, {"asset_id": "74056503185177077651676674290146084492357535649574987761120880465385176801270", "price": "0.035", "size": "132", "side": "BUY", "hash": "b0f6624b9205d5a919eddd6c23e3b5957ae836ed", "best_bid": "0.035", "best_ask": "0.043"}], "timestamp": "1769384078122", "event_type": "price_change"}}
{"_local_timestamp": "2026-01-25T23:34:38.307770+00:00", "data": {"market": "0x78ea9642dd928315bd44e95a0f4e6b59fd3d62ea3e3deb743d0555dadb0b8f9a", "price_changes": [{"asset_id": "57766117073273962228210919062336859892244830926897399205099522330425302600917", "price": "0.95", "size": "450", "side": "BUY", "hash": "96753511eaa62ddfc124f8f3d7d0943fe16804c6", "best_bid": "0.957", "best_ask": "0.965"}, {"asset_id": "74056503185177077651676674290146084492357535649574987761120880465385176801270", "price": "0.05", "size": "450", "side": "SELL", "hash": "411ab2fc612453d1ef3d74dc18bf2335c86f4919", "best_bid": "0.035", "best_ask": "0.043"}], "timestamp": "1769384078242", "event_type": "price_change"}}
{"_local_timestamp": "2026-01-25T23:34:38.308284+00:00", "data": {"market": "0x78ea9642dd928315bd44e95a0f4e6b59fd3d62ea3e3deb743d0555dadb0b8f9a", "price_changes": [{"asset_id": "74056503185177077651676674290146084492357535649574987761120880465385176801270", "price": "0.028", "size": "330", "side": "BUY", "hash": "8043cb4a570dc38d5305677cc9fddaa0c95186be", "best_bid": "0.035", "best_ask": "0.043"}, {"asset_id": "57766117073273962228210919062336859892244830926897399205099522330425302600917", "price": "0.972", "size": "330", "side": "SELL", "hash": "ba646d3be5ff2a0e6d00c1800a54802dff5a470b", "best_bid": "0.957", "best_ask": "0.965"}], "timestamp": "1769384078243", "event_type": "price_change"}}
{"_local_timestamp": "2026-01-25T23:34:39.299667+00:00", "data": {"market": "0x78ea9642dd928315bd44e95a0f4e6b59fd3d62ea3e3deb743d0555dadb0b8f9a", "price_changes": [{"asset_id": "57766117073273962228210919062336859892244830926897399205099522330425302600917", "price": "0.957", "size": "30", "side": "BUY", "hash": "a8526da884068e3038ed9ab28e775af0ee285ddb", "best_bid": "0.957", "best_ask": "0.965"}, {"asset_id": "74056503185177077651676674290146084492357535649574987761120880465385176801270", "price": "0.043", "size": "30", "side": "SELL", "hash": "6513735c7439d0116c6e78fe995121591635d418", "best_bid": "0.035", "best_ask": "0.043"}], "timestamp": "1769384079184", "event_type": "price_change"}}
{"_local_timestamp": "2026-01-25T23:34:39.396724+00:00", "data": {"market": "0x78ea9642dd928315bd44e95a0f4e6b59fd3d62ea3e3deb743d0555dadb0b8f9a", "price_changes": [{"asset_id": "74056503185177077651676674290146084492357535649574987761120880465385176801270", "price": "0.049", "size": "31.73", "side": "SELL", "hash": "373973ab72d9e42e4d647fa24822feba97f9444b", "best_bid": "0.035", "best_ask": "0.043"}, {"asset_id": "57766117073273962228210919062336859892244830926897399205099522330425302600917", "price": "0.951", "size": "31.73", "side": "BUY", "hash": "17f4aff7beab4006e3bcbd311d091038b53106d7", "best_bid": "0.957", "best_ask": "0.965"}], "timestamp": "1769384079257", "event_type": "price_change"}}
{"_local_timestamp": "2026-01-25T23:34:39.397448+00:00", "data": {"market": "0x78ea9642dd928315bd44e95a0f4e6b59fd3d62ea3e3deb743d0555dadb0b8f9a", "price_changes": [{"asset_id": "57766117073273962228210919062336859892244830926897399205099522330425302600917", "price": "0.965", "size": "10", "side": "SELL", "hash": "57787821e2e077d9601d79d948c591d1a1c853e1", "best_bid": "0.957", "best_ask": "0.965"}, {"asset_id": "74056503185177077651676674290146084492357535649574987761120880465385176801270", "price": "0.035", "size": "10", "side": "BUY", "hash": "dfd5506604030ae75a8a71e1360a2d3fe2bb2db9", "best_bid": "0.035", "best_ask": "0.043"}], "timestamp": "1769384079257", "event_type": "price_change"}}
{"_local_timestamp": "2026-01-25T23:34:39.409553+00:00", "data": {"market": "0x78ea9642dd928315bd44e95a0f4e6b59fd3d62ea3e3deb743d0555dadb0b8f9a", "price_changes": [{"asset_id": "74056503185177077651676674290146084492357535649574987761120880465385176801270", "price": "0.049", "size": "157.73", "side": "SELL", "hash": "ff7a1c019a724cfa2e58cb3f0925af84812a34e5", "best_bid": "0.035", "best_ask": "0.043"}, {"asset_id": "57766117073273962228210919062336859892244830926897399205099522330425302600917", "price": "0.951", "size": "157.73", "side": "BUY", "hash": "0a12fc02b7ecd8a7ac1548d564138917731f3952", "best_bid": "0.957", "best_ask": "0.965"}], "timestamp": "1769384079286", "event_type": "price_change"}}
{"_local_timestamp": "2026-01-25T23:34:39.412258+00:00", "data": {"market": "0x78ea9642dd928315bd44e95a0f4e6b59fd3d62ea3e3deb743d0555dadb0b8f9a", "price_changes": [{"asset_id": "57766117073273962228210919062336859892244830926897399205099522330425302600917", "price": "0.965", "size": "136", "side": "SELL", "hash": "3f8fff1f39c9e014eeb171d46b7f83c20aa89c5f", "best_bid": "0.957", "best_ask": "0.965"}, {"asset_id": "74056503185177077651676674290146084492357535649574987761120880465385176801270", "price": "0.035", "size": "136", "side": "BUY", "hash": "d64829635c58fd4b739080b5650522df090a33a6", "best_bid": "0.035", "best_ask": "0.043"}], "timestamp": "1769384079287", "event_type": "price_change"}}
{"_local_timestamp": "2026-01-25T23:34:39.613139+00:00", "data": {"market": "0x78ea9642dd928315bd44e95a0f4e6b59fd3d62ea3e3deb743d0555dadb0b8f9a", "price_changes": [{"asset_id": "57766117073273962228210919062336859892244830926897399205099522330425302600917", "price": "0.95", "size": "690", "side": "BUY", "hash": "c0def0a15d270c99c021abc16e5ff20de660f79b", "best_bid": "0.957", "best_ask": "0.965"}, {"asset_id": "74056503185177077651676674290146084492357535649574987761120880465385176801270", "price": "0.05", "size": "690", "side": "SELL", "hash": "4ec5590ed2a58ca3b5ecfe67a239788b9c6c5d3d", "best_bid": "0.035", "best_ask": "0.043"}], "timestamp": "1769384079546", "event_type": "price_change"}}
{"_local_timestamp": "2026-01-25T23:34:39.613614+00:00", "data": {"market": "0x78ea9642dd928315bd44e95a0f4e6b59fd3d62ea3e3deb743d0555dadb0b8f9a", "price_changes": [{"asset_id": "74056503185177077651676674290146084492357535649574987761120880465385176801270", "price": "0.028", "size": "550", "side": "BUY", "hash": "55654de0c3d40fcf62faf48e1ee3b0ad807d367d", "best_bid": "0.035", "best_ask": "0.043"}, {"asset_id": "57766117073273962228210919062336859892244830926897399205099522330425302600917", "price": "0.972", "size": "550", "side": "SELL", "hash": "73884c7768d5a0dd04654772c240d44a155317d3", "best_bid": "0.957", "best_ask": "0.965"}], "timestamp": "1769384079548", "event_type": "price_change"}}
{"_local_timestamp": "2026-01-25T23:34:40.211908+00:00", "data": {"market": "0x78ea9642dd928315bd44e95a0f4e6b59fd3d62ea3e3deb743d0555dadb0b8f9a", "price_changes": [{"asset_id": "57766117073273962228210919062336859892244830926897399205099522330425302600917", "price": "0.95", "size": "440", "side": "BUY", "hash": "9a61b4e03669cd23fedf742224508a37b0142199", "best_bid": "0.957", "best_ask": "0.965"}, {"asset_id": "74056503185177077651676674290146084492357535649574987761120880465385176801270", "price": "0.05", "size": "440", "side": "SELL", "hash": "28adab342b6e8eea0b531248dd261a9cfd456b12", "best_bid": "0.035", "best_ask": "0.043"}], "timestamp": "1769384080035", "event_type": "price_change"}}
{"_local_timestamp": "2026-01-25T23:34:40.212628+00:00", "data": {"market": "0x78ea9642dd928315bd44e95a0f4e6b59fd3d62ea3e3deb743d0555dadb0b8f9a", "price_changes": [{"asset_id": "74056503185177077651676674290146084492357535649574987761120880465385176801270", "price": "0.028", "size": "320", "side": "BUY", "hash": "3264e88c72185b306e75fef600f2de1411aa26f2", "best_bid": "0.035", "best_ask": "0.043"}, {"asset_id": "57766117073273962228210919062336859892244830926897399205099522330425302600917", "price": "0.972", "size": "320", "side": "SELL", "hash": "d46bb1d2182421f8f8da7c96513d91915027682c", "best_bid": "0.957", "best_ask": "0.965"}], "timestamp": "1769384080036", "event_type": "price_change"}}
{"_local_timestamp": "2026-01-25T23:34:40.590421+00:00", "data": {"market": "0x78ea9642dd928315bd44e95a0f4e6b59fd3d62ea3e3deb743d0555dadb0b8f9a", "price_changes": [{"asset_id": "74056503185177077651676674290146084492357535649574987761120880465385176801270", "price": "0.049", "size": "31.73", "side": "SELL", "hash": "d50c0b826b41cb9e7419c5e66f5fffe00fa8ce19", "best_bid": "0.035", "best_ask": "0.043"}, {"asset_id": "57766117073273962228210919062336859892244830926897399205099522330425302600917", "price": "0.951", "size": "31.73", "side": "BUY", "hash": "5466c431da0f2bbd2df19087d068c5dac20ac887", "best_bid": "0.957", "best_ask": "0.965"}], "timestamp": "1769384080396", "event_type": "price_change"}}
{"_local_timestamp": "2026-01-25T23:34:40.591000+00:00", "data": {"market": "0x78ea9642dd928315bd44e95a0f4e6b59fd3d62ea3e3deb743d0555dadb0b8f9a", "price_changes": [{"asset_id": "57766117073273962228210919062336859892244830926897399205099522330425302600917", "price": "0.965", "size": "10", "side": "SELL", "hash": "40dd5c8e8c0eb16b56b2f2d5b3cf819cbfec8731", "best_bid": "0.957", "best_ask": "0.965"}, {"asset_id": "74056503185177077651676674290146084492357535649574987761120880465385176801270", "price": "0.035", "size": "10", "side": "BUY", "hash": "6888b9aa25d5c60819ea2027703f4f20ba55c5e5", "best_bid": "0.035", "best_ask": "0.043"}], "timestamp": "1769384080397", "event_type": "price_change"}}
{"_local_timestamp": "2026-01-25T23:34:40.609913+00:00", "data": {"market": "0x78ea9642dd928315bd44e95a0f4e6b59fd3d62ea3e3deb743d0555dadb0b8f9a", "price_changes": [{"asset_id": "74056503185177077651676674290146084492357535649574987761120880465385176801270", "price": "0.049", "size": "156.73", "side": "SELL", "hash": "f3b4f97858f235945af8a19a8daa82e7a1decc42", "best_bid": "0.035", "best_ask": "0.043"}, {"asset_id": "57766117073273962228210919062336859892244830926897399205099522330425302600917", "price": "0.951", "size": "156.73", "side": "BUY", "hash": "d2ffde6f3094a62968fbaa6ff31dbfe756315f60", "best_bid": "0.957", "best_ask": "0.965"}], "timestamp": "1769384080426", "event_type": "price_change"}}
{"_local_timestamp": "2026-01-25T23:34:40.614696+00:00", "data": {"market": "0x78ea9642dd928315bd44e95a0f4e6b59fd3d62ea3e3deb743d0555dadb0b8f9a", "price_changes": [{"asset_id": "57766117073273962228210919062336859892244830926897399205099522330425302600917", "price": "0.965", "size": "135", "side": "SELL", "hash": "41155f826e194352c22e9e0eea60dc140321adf9", "best_bid": "0.957", "best_ask": "0.965"}, {"asset_id": "74056503185177077651676674290146084492357535649574987761120880465385176801270", "price": "0.035", "size": "135", "side": "BUY", "hash": "74d40bccb5fac26da915513101faf6b6d5d6381b", "best_bid": "0.035", "best_ask": "0.043"}], "timestamp": "1769384080428", "event_type": "price_change"}}
{"_local_timestamp": "2026-01-25T23:35:09.291284+00:00", "data": {"market": "0x78ea9642dd928315bd44e95a0f4e6b59fd3d62ea3e3deb743d0555dadb0b8f9a", "price_changes": [{"asset_id": "57766117073273962228210919062336859892244830926897399205099522330425302600917", "price": "0.232", "size": "0", "side": "BUY", "hash": "4c099a1b9fb638cc7ee711bb522f30ec71ddfc0e", "best_bid": "0.957", "best_ask": "0.965"}, {"asset_id": "74056503185177077651676674290146084492357535649574987761120880465385176801270", "price": "0.768", "size": "0", "side": "SELL", "hash": "d78f24bc9e3be8a08367082fe9333319738897c6", "best_bid": "0.035", "best_ask": "0.043"}], "timestamp": "1769384109224", "event_type": "price_change"}}
{"_local_timestamp": "2026-01-25T23:35:09.292141+00:00", "data": {"market": "0x78ea9642dd928315bd44e95a0f4e6b59fd3d62ea3e3deb743d0555dadb0b8f9a", "price_changes": [{"asset_id": "74056503185177077651676674290146084492357535649574987761120880465385176801270", "price": "0.03", "size": "100", "side": "BUY", "hash": "cb9ea6ede0e9a5ecd0aed1510f993229e0600327", "best_bid": "0.035", "best_ask": "0.043"}, {"asset_id": "57766117073273962228210919062336859892244830926897399205099522330425302600917", "price": "0.97", "size": "100", "side": "SELL", "hash": "1f9805af59d6e9d25b85e8ae9a34764c3d1b748a", "best_bid": "0.957", "best_ask": "0.965"}], "timestamp": "1769384109224", "event_type": "price_change"}}
{"_local_timestamp": "2026-01-25T23:35:09.464340+00:00", "data": {"market": "0x78ea9642dd928315bd44e95a0f4e6b59fd3d62ea3e3deb743d0555dadb0b8f9a", "price_changes": [{"asset_id": "57766117073273962228210919062336859892244830926897399205099522330425302600917", "price": "0.232", "size": "5", "side": "BUY", "hash": "99ce70dcd4c66ce100ac970e267c23059d9eff5c", "best_bid": "0.957", "best_ask": "0.965"}, {"asset_id": "74056503185177077651676674290146084492357535649574987761120880465385176801270", "price": "0.768", "size": "5", "side": "SELL", "hash": "60c5eefb330ba20749ed289d9b94b8b0346675a0", "best_bid": "0.035", "best_ask": "0.043"}], "timestamp": "1769384109399", "event_type": "price_change"}}
{"_local_timestamp": "2026-01-25T23:35:10.444470+00:00", "data": {"market": "0x78ea9642dd928315bd44e95a0f4e6b59fd3d62ea3e3deb743d0555dadb0b8f9a", "price_changes": [{"asset_id": "74056503185177077651676674290146084492357535649574987761120880465385176801270", "price": "0.029", "size": "6.16", "side": "BUY", "hash": "d253e0f3e18d9b81403501d0dd995b85cd0dff44", "best_bid": "0.035", "best_ask": "0.043"}, {"asset_id": "57766117073273962228210919062336859892244830926897399205099522330425302600917", "price": "0.971", "size": "6.16", "side": "SELL", "hash": "62b5898430a818feac03830fa23e74dbf7dcc932", "best_bid": "0.957", "best_ask": "0.965"}], "timestamp": "1769384110378", "event_type": "price_change"}}
{"_local_timestamp": "2026-01-25T23:35:10.473162+00:00", "data": {"market": "0x78ea9642dd928315bd44e95a0f4e6b59fd3d62ea3e3deb743d0555dadb0b8f9a", "price_changes": [{"asset_id": "74056503185177077651676674290146084492357535649574987761120880465385176801270", "price": "0.049", "size": "31.73", "side": "SELL", "hash": "415b6ecf97ef3c795cf59e6fd899fea925d7a28b", "best_bid": "0.035", "best_ask": "0.043"}, {"asset_id": "57766117073273962228210919062336859892244830926897399205099522330425302600917", "price": "0.951", "size": "31.73", "side": "BUY", "hash": "308b35ff1a7a0e58e19d8711ce5934b8da279b94", "best_bid": "0.957", "best_ask": "0.965"}], "timestamp": "1769384110402", "event_type": "price_change"}}
{"_local_timestamp": "2026-01-25T23:35:10.474083+00:00", "data": {"market": "0x78ea9642dd928315bd44e95a0f4e6b59fd3d62ea3e3deb743d0555dadb0b8f9a", "price_changes": [{"asset_id": "57766117073273962228210919062336859892244830926897399205099522330425302600917", "price": "0.965", "size": "10", "side": "SELL", "hash": "ba008ad9ef20bd36618d5def91336b94f2fa310a", "best_bid": "0.957", "best_ask": "0.965"}, {"asset_id": "74056503185177077651676674290146084492357535649574987761120880465385176801270", "price": "0.035", "size": "10", "side": "BUY", "hash": "69523031e3ecb6a767682527160bf8bf10362051", "best_bid": "0.035", "best_ask": "0.043"}], "timestamp": "1769384110403", "event_type": "price_change"}}
{"_local_timestamp": "2026-01-25T23:35:10.496582+00:00", "data": {"market": "0x78ea9642dd928315bd44e95a0f4e6b59fd3d62ea3e3deb743d0555dadb0b8f9a", "price_changes": [{"asset_id": "57766117073273962228210919062336859892244830926897399205099522330425302600917", "price": "0.965", "size": "127", "side": "SELL", "hash": "502613c7c8fe7a31dfee33f9867ef0e3e5a597bc", "best_bid": "0.957", "best_ask": "0.965"}, {"asset_id": "74056503185177077651676674290146084492357535649574987761120880465385176801270", "price": "0.035", "size": "127", "side": "BUY", "hash": "8dc180bb20f1c697e3a9c775710127f69de9f7b5", "best_bid": "0.035", "best_ask": "0.043"}], "timestamp": "1769384110430", "event_type": "price_change"}}
{"_local_timestamp": "2026-01-25T23:35:10.497568+00:00", "data": {"market": "0x78ea9642dd928315bd44e95a0f4e6b59fd3d62ea3e3deb743d0555dadb0b8f9a", "price_changes": [{"asset_id": "74056503185177077651676674290146084492357535649574987761120880465385176801270", "price": "0.049", "size": "148.73", "side": "SELL", "hash": "384c0b7fe5261b25fb649e5d69c70f34375dc6a6", "best_bid": "0.035", "best_ask": "0.043"}, {"asset_id": "57766117073273962228210919062336859892244830926897399205099522330425302600917", "price": "0.951", "size": "148.73", "side": "BUY", "hash": "245401d5c8d6e397c770bab0bdb7c77a6f288596", "best_bid": "0.957", "best_ask": "0.965"}], "timestamp": "1769384110431", "event_type": "price_change"}}
{"_local_timestamp": "2026-01-25T23:35:11.014379+00:00", "data": {"market": "0x78ea9642dd928315bd44e95a0f4e6b59fd3d62ea3e3deb743d0555dadb0b8f9a", "price_changes": [{"asset_id": "57766117073273962228210919062336859892244830926897399205099522330425302600917", "price": "0.95", "size": "200", "side": "BUY", "hash": "3c5f06ed8202dc81e3cb771cb2ffc44902885811", "best_bid": "0.957", "best_ask": "0.965"}, {"asset_id": "74056503185177077651676674290146084492357535649574987761120880465385176801270", "price": "0.05", "size": "200", "side": "SELL", "hash": "75e4621fc7b8061a04ab0c15b33a463eecb3485c", "best_bid": "0.035", "best_ask": "0.043"}], "timestamp": "1769384110911", "event_type": "price_change"}}
{"_local_timestamp": "2026-01-25T23:35:11.025502+00:00", "data": {"market": "0x78ea9642dd928315bd44e95a0f4e6b59fd3d62ea3e3deb743d0555dadb0b8f9a", "price_changes": [{"asset_id": "74056503185177077651676674290146084492357535649574987761120880465385176801270", "price": "0.028", "size": "100", "side": "BUY", "hash": "8227ee2d5bd70ee6274f5927d579daa10bc5af80", "best_bid": "0.035", "best_ask": "0.043"}, {"asset_id": "57766117073273962228210919062336859892244830926897399205099522330425302600917", "price": "0.972", "size": "100", "side": "SELL", "hash": "4316119ef9bb2a25f90ec933f68f7ccc1a181ab2", "best_bid": "0.957", "best_ask": "0.965"}], "timestamp": "1769384110912", "event_type": "price_change"}}
{"_local_timestamp": "2026-01-25T23:35:12.035952+00:00", "data": {"market": "0x78ea9642dd928315bd44e95a0f4e6b59fd3d62ea3e3deb743d0555dadb0b8f9a", "price_changes": [{"asset_id": "57766117073273962228210919062336859892244830926897399205099522330425302600917", "price": "0.965", "size": "10", "side": "SELL", "hash": "e9f690d860b002212d7c97c4c290d98df37aadd5", "best_bid": "0.957", "best_ask": "0.965"}, {"asset_id": "74056503185177077651676674290146084492357535649574987761120880465385176801270", "price": "0.035", "size": "10", "side": "BUY", "hash": "560ea2dd980b2b1456e9e21ba61d4d5621c52cec", "best_bid": "0.035", "best_ask": "0.043"}], "timestamp": "1769384111936", "event_type": "price_change"}}
{"_local_timestamp": "2026-01-25T23:35:12.040291+00:00", "data": {"market": "0x78ea9642dd928315bd44e95a0f4e6b59fd3d62ea3e3deb743d0555dadb0b8f9a", "price_changes": [{"asset_id": "74056503185177077651676674290146084492357535649574987761120880465385176801270", "price": "0.049", "size": "31.73", "side": "SELL", "hash": "5d1463b9d0f6b7ca9c684ca85a61dd348eb468ef", "best_bid": "0.035", "best_ask": "0.043"}, {"asset_id": "57766117073273962228210919062336859892244830926897399205099522330425302600917", "price": "0.951", "size": "31.73", "side": "BUY", "hash": "065a7f8e5f217b810af934a1ab7b6a0d12c4ef83", "best_bid": "0.957", "best_ask": "0.965"}], "timestamp": "1769384111937", "event_type": "price_change"}}
{"_local_timestamp": "2026-01-25T23:35:12.040899+00:00", "data": {"market": "0x78ea9642dd928315bd44e95a0f4e6b59fd3d62ea3e3deb743d0555dadb0b8f9a", "price_changes": [{"asset_id": "57766117073273962228210919062336859892244830926897399205099522330425302600917", "price": "0.965", "size": "120", "side": "SELL", "hash": "42e10913ccaf636cf4f6a419a5c78fd4db215818", "best_bid": "0.957", "best_ask": "0.965"}, {"asset_id": "74056503185177077651676674290146084492357535649574987761120880465385176801270", "price": "0.035", "size": "120", "side": "BUY", "hash": "67f043474d3ffa61454a319a0f353e37bcb09bb0", "best_bid": "0.035", "best_ask": "0.043"}], "timestamp": "1769384111965", "event_type": "price_change"}}
{"_local_timestamp": "2026-01-25T23:35:12.041403+00:00", "data": {"market": "0x78ea9642dd928315bd44e95a0f4e6b59fd3d62ea3e3deb743d0555dadb0b8f9a", "price_changes": [{"asset_id": "74056503185177077651676674290146084492357535649574987761120880465385176801270", "price": "0.049", "size": "141.73", "side": "SELL", "hash": "7eefdb17f15ee987e90540f026c37b8c3b9a8fed", "best_bid": "0.035", "best_ask": "0.043"}, {"asset_id": "57766117073273962228210919062336859892244830926897399205099522330425302600917", "price": "0.951", "size": "141.73", "side": "BUY", "hash": "52809c7f9b5104c79fb682020aa5a5fb0fef4df6", "best_bid": "0.957", "best_ask": "0.965"}], "timestamp": "1769384111966", "event_type": "price_change"}}
{"_local_timestamp": "2026-01-25T23:35:12.474233+00:00", "data": {"market": "0x78ea9642dd928315bd44e95a0f4e6b59fd3d62ea3e3deb743d0555dadb0b8f9a", "price_changes": [{"asset_id": "57766117073273962228210919062336859892244830926897399205099522330425302600917", "price": "0.95", "size": "430", "side": "BUY", "hash": "f82be69c970f21ed2b8f33566803e5ffab33532a", "best_bid": "0.957", "best_ask": "0.965"}, {"asset_id": "74056503185177077651676674290146084492357535649574987761120880465385176801270", "price": "0.05", "size": "430", "side": "SELL", "hash": "04911915e1276c8afd85c1aed602d5aee32999fd", "best_bid": "0.035", "best_ask": "0.043"}], "timestamp": "1769384112410", "event_type": "price_change"}}
{"_local_timestamp": "2026-01-25T23:35:12.474813+00:00", "data": {"market": "0x78ea9642dd928315bd44e95a0f4e6b59fd3d62ea3e3deb743d0555dadb0b8f9a", "price_changes": [{"asset_id": "74056503185177077651676674290146084492357535649574987761120880465385176801270", "price": "0.028", "size": "310", "side": "BUY", "hash": "187a886e5d51de5a16e4f82e0bec9c4dd5823936", "best_bid": "0.035", "best_ask": "0.043"}, {"asset_id": "57766117073273962228210919062336859892244830926897399205099522330425302600917", "price": "0.972", "size": "310", "side": "SELL", "hash": "949e2e99132610743625700c1e2765cd35ce942d", "best_bid": "0.957", "best_ask": "0.965"}], "timestamp": "1769384112411", "event_type": "price_change"}}
{"_local_timestamp": "2026-01-25T23:35:12.844099+00:00", "data": {"market": "0x78ea9642dd928315bd44e95a0f4e6b59fd3d62ea3e3deb743d0555dadb0b8f9a", "price_changes": [{"asset_id": "57766117073273962228210919062336859892244830926897399205099522330425302600917", "price": "0.232", "size": "0", "side": "BUY", "hash": "bfb34713bcc8e1fec5a683a61cbe9fc8144eaaed", "best_bid": "0.957", "best_ask": "0.965"}, {"asset_id": "74056503185177077651676674290146084492357535649574987761120880465385176801270", "price": "0.768", "size": "0", "side": "SELL", "hash": "8bea42c4da3d0ebfc1f17d9046b552ca75c927ce", "best_bid": "0.035", "best_ask": "0.043"}], "timestamp": "1769384112738", "event_type": "price_change"}}
{"_local_timestamp": "2026-01-25T23:35:13.293588+00:00", "data": {"market": "0x78ea9642dd928315bd44e95a0f4e6b59fd3d62ea3e3deb743d0555dadb0b8f9a", "price_changes": [{"asset_id": "57766117073273962228210919062336859892244830926897399205099522330425302600917", "price": "0.232", "size": "5", "side": "BUY", "hash": "14e01d6693e9282ac5eaffe99eb52085f6b7bda4", "best_bid": "0.957", "best_ask": "0.965"}, {"asset_id": "74056503185177077651676674290146084492357535649574987761120880465385176801270", "price": "0.768", "size": "5", "side": "SELL", "hash": "d607fdb3117bd5a9fca94b1f447b52a54adaf698", "best_bid": "0.035", "best_ask": "0.043"}], "timestamp": "1769384113210", "event_type": "price_change"}}
{"_local_timestamp": "2026-01-25T23:35:13.432518+00:00", "data": {"market": "0x78ea9642dd928315bd44e95a0f4e6b59fd3d62ea3e3deb743d0555dadb0b8f9a", "price_changes": [{"asset_id": "74056503185177077651676674290146084492357535649574987761120880465385176801270", "price": "0.049", "size": "31.73", "side": "SELL", "hash": "e73758d76352690e2c39756ea9689dc9debcf762", "best_bid": "0.035", "best_ask": "0.043"}, {"asset_id": "57766117073273962228210919062336859892244830926897399205099522330425302600917", "price": "0.951", "size": "31.73", "side": "BUY", "hash": "d38b540b7ce2026faa7335a66b9d855ea4b5d64e", "best_bid": "0.957", "best_ask": "0.965"}], "timestamp": "1769384113258", "event_type": "price_change"}}
{"_local_timestamp": "2026-01-25T23:35:13.433090+00:00", "data": {"market": "0x78ea9642dd928315bd44e95a0f4e6b59fd3d62ea3e3deb743d0555dadb0b8f9a", "price_changes": [{"asset_id": "57766117073273962228210919062336859892244830926897399205099522330425302600917", "price": "0.965", "size": "10", "side": "SELL", "hash": "2536ed1c206a55c11dd61e99e71e15abe1a85084", "best_bid": "0.957", "best_ask": "0.965"}, {"asset_id": "74056503185177077651676674290146084492357535649574987761120880465385176801270", "price": "0.035", "size": "10", "side": "BUY", "hash": "82203fda67c9595a437abd2c3a439821a82be1f4", "best_bid": "0.035", "best_ask": "0.043"}], "timestamp": "1769384113259", "event_type": "price_change"}}
{"_local_timestamp": "2026-01-25T23:35:13.461640+00:00", "data": {"market": "0x78ea9642dd928315bd44e95a0f4e6b59fd3d62ea3e3deb743d0555dadb0b8f9a", "price_changes": [{"asset_id": "74056503185177077651676674290146084492357535649574987761120880465385176801270", "price": "0.049", "size": "148.73", "side": "SELL", "hash": "54b6df3080b429d0a03240e119429620eea972d7", "best_bid": "0.035", "best_ask": "0.043"}, {"asset_id": "57766117073273962228210919062336859892244830926897399205099522330425302600917", "price": "0.951", "size": "148.73", "side": "BUY", "hash": "4abded6dbfce16d9f34d1b0141e07dad10bc3723", "best_bid": "0.957", "best_ask": "0.965"}], "timestamp": "1769384113288", "event_type": "price_change"}}
{"_local_timestamp": "2026-01-25T23:35:13.462316+00:00", "data": {"market": "0x78ea9642dd928315bd44e95a0f4e6b59fd3d62ea3e3deb743d0555dadb0b8f9a", "price_changes": [{"asset_id": "57766117073273962228210919062336859892244830926897399205099522330425302600917", "price": "0.965", "size": "127", "side": "SELL", "hash": "c270deaf3c4954f2a740f1ae0d16e8aaa425928b", "best_bid": "0.957", "best_ask": "0.965"}, {"asset_id": "74056503185177077651676674290146084492357535649574987761120880465385176801270", "price": "0.035", "size": "127", "side": "BUY", "hash": "c28a288efa8a4d5bb9951fcd06c84f237b40c416", "best_bid": "0.035", "best_ask": "0.043"}], "timestamp": "1769384113293", "event_type": "price_change"}}
{"_local_timestamp": "2026-01-25T23:35:14.195424+00:00", "data": {"market": "0x78ea9642dd928315bd44e95a0f4e6b59fd3d62ea3e3deb743d0555dadb0b8f9a", "price_changes": [{"asset_id": "74056503185177077651676674290146084492357535649574987761120880465385176801270", "price": "0.028", "size": "100", "side": "BUY", "hash": "64205e6d6fbff169686ed89ba300d9e5a6657088", "best_bid": "0.035", "best_ask": "0.043"}, {"asset_id": "57766117073273962228210919062336859892244830926897399205099522330425302600917", "price": "0.972", "size": "100", "side": "SELL", "hash": "4bd1fdcf3e40fe47ce50da2ef24f2ae259da11f1", "best_bid": "0.957", "best_ask": "0.965"}], "timestamp": "1769384114130", "event_type": "price_change"}}
{"_local_timestamp": "2026-01-25T23:35:14.197558+00:00", "data": {"market": "0x78ea9642dd928315bd44e95a0f4e6b59fd3d62ea3e3deb743d0555dadb0b8f9a", "price_changes": [{"asset_id": "57766117073273962228210919062336859892244830926897399205099522330425302600917", "price": "0.95", "size": "200", "side": "BUY", "hash": "bb4731ef47597a6b4e3914a66566591895cba665", "best_bid": "0.957", "best_ask": "0.965"}, {"asset_id": "74056503185177077651676674290146084492357535649574987761120880465385176801270", "price": "0.05", "size": "200", "side": "SELL", "hash": "e53c4ada9b0a94afcca6cb42512340b1d6f56a74", "best_bid": "0.035", "best_ask": "0.043"}], "timestamp": "1769384114131", "event_type": "price_change"}}
{"_local_timestamp": "2026-01-25T23:35:14.463011+00:00", "data": {"market": "0x78ea9642dd928315bd44e95a0f4e6b59fd3d62ea3e3deb743d0555dadb0b8f9a", "price_changes": [{"asset_id": "74056503185177077651676674290146084492357535649574987761120880465385176801270", "price": "0.049", "size": "31.73", "side": "SELL", "hash": "be500d2bdc095d218e4ec7b247923539c81b7650", "best_bid": "0.035", "best_ask": "0.043"}, {"asset_id": "57766117073273962228210919062336859892244830926897399205099522330425302600917", "price": "0.951", "size": "31.73", "side": "BUY", "hash": "1137502ada56ecd412e1c80214d2e782ada87bb3", "best_bid": "0.957", "best_ask": "0.965"}], "timestamp": "1769384114393", "event_type": "price_change"}}
{"_local_timestamp": "2026-01-25T23:35:14.463703+00:00", "data": {"market": "0x78ea9642dd928315bd44e95a0f4e6b59fd3d62ea3e3deb743d0555dadb0b8f9a", "price_changes": [{"asset_id": "57766117073273962228210919062336859892244830926897399205099522330425302600917", "price": "0.965", "size": "10", "side": "SELL", "hash": "31867f29458ff56dbf9116fe0d834a0c21129676", "best_bid": "0.957", "best_ask": "0.965"}, {"asset_id": "74056503185177077651676674290146084492357535649574987761120880465385176801270", "price": "0.035", "size": "10", "side": "BUY", "hash": "9b9e46438e9dfd6262214b219758179655d374fe", "best_bid": "0.035", "best_ask": "0.043"}], "timestamp": "1769384114394", "event_type": "price_change"}}
{"_local_timestamp": "2026-01-25T23:35:14.487897+00:00", "data": {"market": "0x78ea9642dd928315bd44e95a0f4e6b59fd3d62ea3e3deb743d0555dadb0b8f9a", "price_changes": [{"asset_id": "57766117073273962228210919062336859892244830926897399205099522330425302600917", "price": "0.965", "size": "124", "side": "SELL", "hash": "c51397620ef1798542e7802b93fac1fac5f5cd1f", "best_bid": "0.957", "best_ask": "0.965"}, {"asset_id": "74056503185177077651676674290146084492357535649574987761120880465385176801270", "price": "0.035", "size": "124", "side": "BUY", "hash": "5706bc6cc1fe898c44119766563e93d0108f4b2d", "best_bid": "0.035", "best_ask": "0.043"}], "timestamp": "1769384114420", "event_type": "price_change"}}
{"_local_timestamp": "2026-01-25T23:35:14.488533+00:00", "data": {"market": "0x78ea9642dd928315bd44e95a0f4e6b59fd3d62ea3e3deb743d0555dadb0b8f9a", "price_changes": [{"asset_id": "74056503185177077651676674290146084492357535649574987761120880465385176801270", "price": "0.049", "size": "145.73", "side": "SELL", "hash": "76fdefd2319f973f02742e055d70942fca92a9da", "best_bid": "0.035", "best_ask": "0.043"}, {"asset_id": "57766117073273962228210919062336859892244830926897399205099522330425302600917", "price": "0.951", "size": "145.73", "side": "BUY", "hash": "8ec3470791cecab690fde195c8a2b36e949e40dc", "best_bid": "0.957", "best_ask": "0.965"}], "timestamp": "1769384114423", "event_type": "price_change"}}
{"_local_timestamp": "2026-01-25T23:35:15.045059+00:00", "data": {"market": "0x78ea9642dd928315bd44e95a0f4e6b59fd3d62ea3e3deb743d0555dadb0b8f9a", "price_changes": [{"asset_id": "74056503185177077651676674290146084492357535649574987761120880465385176801270", "price": "0.028", "size": "300", "side": "BUY", "hash": "fa1855cddcf089cc35ca05e5640c47d4f869064b", "best_bid": "0.035", "best_ask": "0.043"}, {"asset_id": "57766117073273962228210919062336859892244830926897399205099522330425302600917", "price": "0.972", "size": "300", "side": "SELL", "hash": "ad34530d9049094bc41e0791ea1369747c4746a2", "best_bid": "0.957", "best_ask": "0.965"}], "timestamp": "1769384114983", "event_type": "price_change"}}
{"_local_timestamp": "2026-01-25T23:35:15.050972+00:00", "data": {"market": "0x78ea9642dd928315bd44e95a0f4e6b59fd3d62ea3e3deb743d0555dadb0b8f9a", "price_changes": [{"asset_id": "57766117073273962228210919062336859892244830926897399205099522330425302600917", "price": "0.949", "size": "200", "side": "BUY", "hash": "a63bf4d0034eb0da47dc2beb714c3005671439d6", "best_bid": "0.957", "best_ask": "0.965"}, {"asset_id": "74056503185177077651676674290146084492357535649574987761120880465385176801270", "price": "0.051", "size": "200", "side": "SELL", "hash": "ef4dc29c94e7ced2c2321aa68076e946eb365a01", "best_bid": "0.035", "best_ask": "0.043"}], "timestamp": "1769384114984", "event_type": "price_change"}}
{"_local_timestamp": "2026-01-25T23:35:15.067145+00:00", "data": {"market": "0x78ea9642dd928315bd44e95a0f4e6b59fd3d62ea3e3deb743d0555dadb0b8f9a", "price_changes": [{"asset_id": "57766117073273962228210919062336859892244830926897399205099522330425302600917", "price": "0.232", "size": "0", "side": "BUY", "hash": "0184bf2d3aa4a00cebad729ccae10f25c3aa84b6", "best_bid": "0.957", "best_ask": "0.965"}, {"asset_id": "74056503185177077651676674290146084492357535649574987761120880465385176801270", "price": "0.768", "size": "0", "side": "SELL", "hash": "3def6096dbeaad3982cd0d5e530bd29bb6a1c352", "best_bid": "0.035", "best_ask": "0.043"}], "timestamp": "1769384114996", "event_type": "price_change"}}
{"_local_timestamp": "2026-01-25T23:35:15.095840+00:00", "data": {"market": "0x78ea9642dd928315bd44e95a0f4e6b59fd3d62ea3e3deb743d0555dadb0b8f9a", "price_changes": [{"asset_id": "57766117073273962228210919062336859892244830926897399205099522330425302600917", "price": "0.967", "size": "293.07", "side": "SELL", "hash": "dfdb42f6a001524a0c9b51b3b7a6b48f12a6f167", "best_bid": "0.957", "best_ask": "0.965"}, {"asset_id": "74056503185177077651676674290146084492357535649574987761120880465385176801270", "price": "0.033", "size": "293.07", "side": "BUY", "hash": "35893036b5a20bbc60f5e1efd7c16700fd3ba329", "best_bid": "0.035", "best_ask": "0.043"}], "timestamp": "1769384115028", "event_type": "price_change"}}
{"_local_timestamp": "2026-01-25T23:35:15.134664+00:00", "data": {"market": "0x78ea9642dd928315bd44e95a0f4e6b59fd3d62ea3e3deb743d0555dadb0b8f9a", "price_changes": [{"asset_id": "57766117073273962228210919062336859892244830926897399205099522330425302600917", "price": "0.957", "size": "60", "side": "BUY", "hash": "8ed247ca904c43c8ee6d714bdfe864286e167a0d", "best_bid": "0.957", "best_ask": "0.965"}, {"asset_id": "74056503185177077651676674290146084492357535649574987761120880465385176801270", "price": "0.043", "size": "60", "side": "SELL", "hash": "f69ca5e589c7f3a69f806e1740ba3d6e318594ec", "best_bid": "0.035", "best_ask": "0.043"}], "timestamp": "1769384115066", "event_type": "price_change"}}
{"_local_timestamp": "2026-01-25T23:35:15.261138+00:00", "data": {"market": "0x78ea9642dd928315bd44e95a0f4e6b59fd3d62ea3e3deb743d0555dadb0b8f9a", "price_changes": [{"asset_id": "57766117073273962228210919062336859892244830926897399205099522330425302600917", "price": "0.232", "size": "5", "side": "BUY", "hash": "860022b0ed2b04c8c5fc8dfa0f7336a47b7630f5", "best_bid": "0.957", "best_ask": "0.965"}, {"asset_id": "74056503185177077651676674290146084492357535649574987761120880465385176801270", "price": "0.768", "size": "5", "side": "SELL", "hash": "260f9f4699377b49822b8ab812c30da09ca6d16b", "best_bid": "0.035", "best_ask": "0.043"}], "timestamp": "1769384115197", "event_type": "price_change"}}
{"_local_timestamp": "2026-01-25T23:35:17.470851+00:00", "data": {"market": "0x78ea9642dd928315bd44e95a0f4e6b59fd3d62ea3e3deb743d0555dadb0b8f9a", "price_changes": [{"asset_id": "57766117073273962228210919062336859892244830926897399205099522330425302600917", "price": "0.967", "size": "267.67", "side": "SELL", "hash": "61ea18006e70bf363f762dc4343fcd9fab06f221", "best_bid": "0.957", "best_ask": "0.965"}, {"asset_id": "74056503185177077651676674290146084492357535649574987761120880465385176801270", "price": "0.033", "size": "267.67", "side": "BUY", "hash": "f294dd3ed0c382081167fb5083059344e4d41fb6", "best_bid": "0.035", "best_ask": "0.043"}], "timestamp": "1769384117407", "event_type": "price_change"}}
{"_local_timestamp": "2026-01-25T23:35:17.497603+00:00", "data": {"market": "0x78ea9642dd928315bd44e95a0f4e6b59fd3d62ea3e3deb743d0555dadb0b8f9a", "price_changes": [{"asset_id": "74056503185177077651676674290146084492357535649574987761120880465385176801270", "price": "0.049", "size": "31.73", "side": "SELL", "hash": "614cd85d01080308699ecead182cb4f3d1ea2076", "best_bid": "0.035", "best_ask": "0.043"}, {"asset_id": "57766117073273962228210919062336859892244830926897399205099522330425302600917", "price": "0.951", "size": "31.73", "side": "BUY", "hash": "cdfa6c963f1368fb5c236e9ef52c9e30b18e664d", "best_bid": "0.957", "best_ask": "0.965"}], "timestamp": "1769384117432", "event_type": "price_change"}}
{"_local_timestamp": "2026-01-25T23:35:17.498255+00:00", "data": {"market": "0x78ea9642dd928315bd44e95a0f4e6b59fd3d62ea3e3deb743d0555dadb0b8f9a", "price_changes": [{"asset_id": "57766117073273962228210919062336859892244830926897399205099522330425302600917", "price": "0.965", "size": "10", "side": "SELL", "hash": "4c57443e03856e4b6a2ae85d8b4cf74b209d64d2", "best_bid": "0.957", "best_ask": "0.965"}, {"asset_id": "74056503185177077651676674290146084492357535649574987761120880465385176801270", "price": "0.035", "size": "10", "side": "BUY", "hash": "c53d39a06dcd5cba25fb70c9688cfe693659200f", "best_bid": "0.035", "best_ask": "0.043"}], "timestamp": "1769384117432", "event_type": "price_change"}}
{"_local_timestamp": "2026-01-25T23:35:17.523620+00:00", "data": {"market": "0x78ea9642dd928315bd44e95a0f4e6b59fd3d62ea3e3deb743d0555dadb0b8f9a", "price_changes": [{"asset_id": "57766117073273962228210919062336859892244830926897399205099522330425302600917", "price": "0.966", "size": "113", "side": "SELL", "hash": "74a96cc6f6205333c90b38b8d23e7c82cc01ed1b", "best_bid": "0.957", "best_ask": "0.965"}, {"asset_id": "74056503185177077651676674290146084492357535649574987761120880465385176801270", "price": "0.034", "size": "113", "side": "BUY", "hash": "2af711123ab3ae9d1f39f32866d32d7afbc7a629", "best_bid": "0.035", "best_ask": "0.043"}], "timestamp": "1769384117458", "event_type": "price_change"}}
{"_local_timestamp": "2026-01-25T23:35:17.525515+00:00", "data": {"market": "0x78ea9642dd928315bd44e95a0f4e6b59fd3d62ea3e3deb743d0555dadb0b8f9a", "price_changes": [{"asset_id": "74056503185177077651676674290146084492357535649574987761120880465385176801270", "price": "0.049", "size": "144.73", "side": "SELL", "hash": "84d044a70e43f3debb1ad9ca8324698fdc20ad99", "best_bid": "0.035", "best_ask": "0.043"}, {"asset_id": "57766117073273962228210919062336859892244830926897399205099522330425302600917", "price": "0.951", "size": "144.73", "side": "BUY", "hash": "953c81654ef94fc375d6f6c74ddd77021b5daa16", "best_bid": "0.957", "best_ask": "0.965"}], "timestamp": "1769384117460", "event_type": "price_change"}}
{"_local_timestamp": "2026-01-25T23:35:17.753119+00:00", "data": {"market": "0x78ea9642dd928315bd44e95a0f4e6b59fd3d62ea3e3deb743d0555dadb0b8f9a", "price_changes": [{"asset_id": "57766117073273962228210919062336859892244830926897399205099522330425302600917", "price": "0.95", "size": "450", "side": "BUY", "hash": "c1cc06231684e176e1c9bed2458dc9036d759b96", "best_bid": "0.957", "best_ask": "0.965"}, {"asset_id": "74056503185177077651676674290146084492357535649574987761120880465385176801270", "price": "0.05", "size": "450", "side": "SELL", "hash": "83c5ff0afbf83eea9a65f25c7ee7afa29a0f50ec", "best_bid": "0.035", "best_ask": "0.043"}], "timestamp": "1769384117684", "event_type": "price_change"}}
{"_local_timestamp": "2026-01-25T23:35:17.753928+00:00", "data": {"market": "0x78ea9642dd928315bd44e95a0f4e6b59fd3d62ea3e3deb743d0555dadb0b8f9a", "price_changes": [{"asset_id": "74056503185177077651676674290146084492357535649574987761120880465385176801270", "price": "0.028", "size": "530", "side": "BUY", "hash": "779f1e25025b1393922ba3cd41ba20c0f7d6903d", "best_bid": "0.035", "best_ask": "0.043"}, {"asset_id": "57766117073273962228210919062336859892244830926897399205099522330425302600917", "price": "0.972", "size": "530", "side": "SELL", "hash": "38c1c58386509eb224819d6904d155a26aa414f7", "best_bid": "0.957", "best_ask": "0.965"}], "timestamp": "1769384117685", "event_type": "price_change"}}
{"_local_timestamp": "2026-01-25T23:35:17.754433+00:00", "data": {"market": "0x78ea9642dd928315bd44e95a0f4e6b59fd3d62ea3e3deb743d0555dadb0b8f9a", "price_changes": [{"asset_id": "57766117073273962228210919062336859892244830926897399205099522330425302600917", "price": "0.232", "size": "0", "side": "BUY", "hash": "0559068ec36fc1ae5357ee932fb6eb06dd7f8e51", "best_bid": "0.957", "best_ask": "0.965"}, {"asset_id": "74056503185177077651676674290146084492357535649574987761120880465385176801270", "price": "0.768", "size": "0", "side": "SELL", "hash": "2932d54ed0430f67dc4decd859bc13e044b9b850", "best_bid": "0.035", "best_ask": "0.043"}], "timestamp": "1769384117689", "event_type": "price_change"}}
{"_local_timestamp": "2026-01-25T23:35:18.151205+00:00", "data": {"market": "0x78ea9642dd928315bd44e95a0f4e6b59fd3d62ea3e3deb743d0555dadb0b8f9a", "price_changes": [{"asset_id": "57766117073273962228210919062336859892244830926897399205099522330425302600917", "price": "0.232", "size": "5", "side": "BUY", "hash": "98c3496da0fd397e4d9713869401af0b1b971d60", "best_bid": "0.957", "best_ask": "0.965"}, {"asset_id": "74056503185177077651676674290146084492357535649574987761120880465385176801270", "price": "0.768", "size": "5", "side": "SELL", "hash": "1ff211eaa0ced28faf732ba8b7015437f481fdd5", "best_bid": "0.035", "best_ask": "0.043"}], "timestamp": "1769384118083", "event_type": "price_change"}}
{"_local_timestamp": "2026-01-25T23:35:18.154311+00:00", "data": {"market": "0x78ea9642dd928315bd44e95a0f4e6b59fd3d62ea3e3deb743d0555dadb0b8f9a", "price_changes": [{"asset_id": "57766117073273962228210919062336859892244830926897399205099522330425302600917", "price": "0.949", "size": "0", "side": "BUY", "hash": "92f310be2f7373749163e236eccbe78257c1992b", "best_bid": "0.957", "best_ask": "0.965"}, {"asset_id": "74056503185177077651676674290146084492357535649574987761120880465385176801270", "price": "0.051", "size": "0", "side": "SELL", "hash": "6d41b00302e2c57e345f6b528121ec88f007eb30", "best_bid": "0.035", "best_ask": "0.043"}], "timestamp": "1769384118087", "event_type": "price_change"}}
{"_local_timestamp": "2026-01-25T23:35:18.154865+00:00", "data": {"market": "0x78ea9642dd928315bd44e95a0f4e6b59fd3d62ea3e3deb743d0555dadb0b8f9a", "price_changes": [{"asset_id": "74056503185177077651676674290146084492357535649574987761120880465385176801270", "price": "0.028", "size": "330", "side": "BUY", "hash": "afe6d99f6fa9f869d03503e69d003844521dfb93", "best_bid": "0.035", "best_ask": "0.043"}, {"asset_id": "57766117073273962228210919062336859892244830926897399205099522330425302600917", "price": "0.972", "size": "330", "side": "SELL", "hash": "edc87b8a1704404d96e8d0659a544bfe25cf026a", "best_bid": "0.957", "best_ask": "0.965"}], "timestamp": "1769384118088", "event_type": "price_change"}}
{"_local_timestamp": "2026-01-25T23:35:18.236530+00:00", "data": {"market": "0x78ea9642dd928315bd44e95a0f4e6b59fd3d62ea3e3deb743d0555dadb0b8f9a", "price_changes": [{"asset_id": "74056503185177077651676674290146084492357535649574987761120880465385176801270", "price": "0.044", "size": "0", "side": "SELL", "hash": "07c70bdc43549a33c960b227f9c85a47c50c1a40", "best_bid": "0.035", "best_ask": "0.043"}, {"asset_id": "57766117073273962228210919062336859892244830926897399205099522330425302600917", "price": "0.956", "size": "0", "side": "BUY", "hash": "6f6e74ee2de6c189470e907d442443d493a16f03", "best_bid": "0.957", "best_ask": "0.965"}], "timestamp": "1769384118163", "event_type": "price_change"}}
{"_local_timestamp": "2026-01-25T23:35:18.971181+00:00", "data": {"market": "0x78ea9642dd928315bd44e95a0f4e6b59fd3d62ea3e3deb743d0555dadb0b8f9a", "price_changes": [{"asset_id": "74056503185177077651676674290146084492357535649574987761120880465385176801270", "price": "0.049", "size": "31.73", "side": "SELL", "hash": "dd94e43264edfaf6e000068cc42ded2d8b3c5a72", "best_bid": "0.035", "best_ask": "0.043"}, {"asset_id": "57766117073273962228210919062336859892244830926897399205099522330425302600917", "price": "0.951", "size": "31.73", "side": "BUY", "hash": "761f9188198e60a7d155a136a3e3a2c4c0b08c00", "best_bid": "0.957", "best_ask": "0.965"}], "timestamp": "1769384118896", "event_type": "price_change"}}
{"_local_timestamp": "2026-01-25T23:35:18.988321+00:00", "data": {"market": "0x78ea9642dd928315bd44e95a0f4e6b59fd3d62ea3e3deb743d0555dadb0b8f9a", "price_changes": [{"asset_id": "74056503185177077651676674290146084492357535649574987761120880465385176801270", "price": "0.049", "size": "147.73", "side": "SELL", "hash": "0842da74e5e498957fdc3f283ca681a2bde33a2a", "best_bid": "0.035", "best_ask": "0.043"}, {"asset_id": "57766117073273962228210919062336859892244830926897399205099522330425302600917", "price": "0.951", "size": "147.73", "side": "BUY", "hash": "8b324397f7c3cae68b72bf6298c1f216e19908c3", "best_bid": "0.957", "best_ask": "0.965"}], "timestamp": "1769384118923", "event_type": "price_change"}}
{"_local_timestamp": "2026-01-25T23:35:19.168344+00:00", "data": {"market": "0x78ea9642dd928315bd44e95a0f4e6b59fd3d62ea3e3deb743d0555dadb0b8f9a", "price_changes": [{"asset_id": "74056503185177077651676674290146084492357535649574987761120880465385176801270", "price": "0.048", "size": "201.97", "side": "SELL", "hash": "bf33bc1ea40498b544f41b46383c9b9f47c54244", "best_bid": "0.035", "best_ask": "0.043"}, {"asset_id": "57766117073273962228210919062336859892244830926897399205099522330425302600917", "price": "0.952", "size": "201.97", "side": "BUY", "hash": "3d1052dfc49ee229a2ad177038967f6c950453de", "best_bid": "0.957", "best_ask": "0.965"}], "timestamp": "1769384119090", "event_type": "price_change"}}
{"_local_timestamp": "2026-01-25T23:35:19.175194+00:00", "data": {"market": "0x78ea9642dd928315bd44e95a0f4e6b59fd3d62ea3e3deb743d0555dadb0b8f9a", "price_changes": [{"asset_id": "74056503185177077651676674290146084492357535649574987761120880465385176801270", "price": "0.043", "size": "30", "side": "SELL", "hash": "eefaeba557080d53250a20a08c7f6fc4abea1584", "best_bid": "0.035", "best_ask": "0.043"}, {"asset_id": "57766117073273962228210919062336859892244830926897399205099522330425302600917", "price": "0.957", "size": "30", "side": "BUY", "hash": "f8c450626d821bc811f8095ccc65de6f7077a66d", "best_bid": "0.957", "best_ask": "0.965"}], "timestamp": "1769384119098", "event_type": "price_change"}}
{"_local_timestamp": "2026-01-25T23:35:19.216236+00:00", "data": {"market": "0x78ea9642dd928315bd44e95a0f4e6b59fd3d62ea3e3deb743d0555dadb0b8f9a", "price_changes": [{"asset_id": "74056503185177077651676674290146084492357535649574987761120880465385176801270", "price": "0.048", "size": "231.97", "side": "SELL", "hash": "700543f882b716e39de1fece42269b4b8bede932", "best_bid": "0.035", "best_ask": "0.043"}, {"asset_id": "57766117073273962228210919062336859892244830926897399205099522330425302600917", "price": "0.952", "size": "231.97", "side": "BUY", "hash": "574423c73f8df6b702643e1df5b5bc51a2566b1b", "best_bid": "0.957", "best_ask": "0.965"}], "timestamp": "1769384119147", "event_type": "price_change"}}
{"_local_timestamp": "2026-01-25T23:35:19.447553+00:00", "data": {"market": "0x78ea9642dd928315bd44e95a0f4e6b59fd3d62ea3e3deb743d0555dadb0b8f9a", "price_changes": [{"asset_id": "74056503185177077651676674290146084492357535649574987761120880465385176801270", "price": "0.028", "size": "100", "side": "BUY", "hash": "a51bae498a8f998ef5337ac07ee8d13f0a56b137", "best_bid": "0.035", "best_ask": "0.043"}, {"asset_id": "57766117073273962228210919062336859892244830926897399205099522330425302600917", "price": "0.972", "size": "100", "side": "SELL", "hash": "3928fac4c0acb289193526fca7dd1c27e86bb9c1", "best_bid": "0.957", "best_ask": "0.965"}], "timestamp": "1769384119381", "event_type": "price_change"}}
{"_local_timestamp": "2026-01-25T23:35:19.448263+00:00", "data": {"market": "0x78ea9642dd928315bd44e95a0f4e6b59fd3d62ea3e3deb743d0555dadb0b8f9a", "price_changes": [{"asset_id": "57766117073273962228210919062336859892244830926897399205099522330425302600917", "price": "0.95", "size": "200", "side": "BUY", "hash": "62d7b5cf780742eba76accb50758ff04d77429f5", "best_bid": "0.957", "best_ask": "0.965"}, {"asset_id": "74056503185177077651676674290146084492357535649574987761120880465385176801270", "price": "0.05", "size": "200", "side": "SELL", "hash": "2e968ee5e870fbb0655b3fdeb1bf034638471982", "best_bid": "0.035", "best_ask": "0.043"}], "timestamp": "1769384119381", "event_type": "price_change"}}
{"_local_timestamp": "2026-01-25T23:35:19.666022+00:00", "data": {"market": "0x78ea9642dd928315bd44e95a0f4e6b59fd3d62ea3e3deb743d0555dadb0b8f9a", "price_changes": [{"asset_id": "74056503185177077651676674290146084492357535649574987761120880465385176801270", "price": "0.029", "size": "206.16", "side": "BUY", "hash": "0977aefc146b0c701f510249b631f036db51eca5", "best_bid": "0.035", "best_ask": "0.043"}, {"asset_id": "57766117073273962228210919062336859892244830926897399205099522330425302600917", "price": "0.971", "size": "206.16", "side": "SELL", "hash": "e655aeac93e81ceb411ae27ed8eb5acfe861be4d", "best_bid": "0.957", "best_ask": "0.965"}], "timestamp": "1769384119587", "event_type": "price_change"}}
{"_local_timestamp": "2026-01-25T23:35:19.666776+00:00", "data": {"market": "0x78ea9642dd928315bd44e95a0f4e6b59fd3d62ea3e3deb743d0555dadb0b8f9a", "price_changes": [{"asset_id": "57766117073273962228210919062336859892244830926897399205099522330425302600917", "price": "0.941", "size": "250", "side": "BUY", "hash": "523641f6ee6688248ef8365cf7a2b83cc612c231", "best_bid": "0.957", "best_ask": "0.965"}, {"asset_id": "74056503185177077651676674290146084492357535649574987761120880465385176801270", "price": "0.059", "size": "250", "side": "SELL", "hash": "7f1fa6300ba69a76ab7b036760e47e6d6be93282", "best_bid": "0.035", "best_ask": "0.043"}], "timestamp": "1769384119588", "event_type": "price_change"}}
{"_local_timestamp": "2026-01-25T23:35:19.781120+00:00", "data": {"market": "0x78ea9642dd928315bd44e95a0f4e6b59fd3d62ea3e3deb743d0555dadb0b8f9a", "price_changes": [{"asset_id": "57766117073273962228210919062336859892244830926897399205099522330425302600917", "price": "0.957", "size": "0", "side": "BUY", "hash": "6e76d59ecb639ece32f1eb4a026db67ae5640cc4", "best_bid": "0.952", "best_ask": "0.965"}, {"asset_id": "74056503185177077651676674290146084492357535649574987761120880465385176801270", "price": "0.043", "size": "0", "side": "SELL", "hash": "5eb510605fd8c6b3e2e4093b7e443d291cfed8c8", "best_bid": "0.035", "best_ask": "0.048"}], "timestamp": "1769384119716", "event_type": "price_change"}}
{"_local_timestamp": "2026-01-25T23:35:20.186133+00:00", "data": {"market": "0x78ea9642dd928315bd44e95a0f4e6b59fd3d62ea3e3deb743d0555dadb0b8f9a", "price_changes": [{"asset_id": "57766117073273962228210919062336859892244830926897399205099522330425302600917", "price": "0.232", "size": "0", "side": "BUY", "hash": "aed30838ad48cbab7944a57cb7c434d521895db0", "best_bid": "0.952", "best_ask": "0.965"}, {"asset_id": "74056503185177077651676674290146084492357535649574987761120880465385176801270", "price": "0.768", "size": "0", "side": "SELL", "hash": "405721ba547a62bc26020f62024ead925812fb77", "best_bid": "0.035", "best_ask": "0.048"}], "timestamp": "1769384120116", "event_type": "price_change"}}
{"_local_timestamp": "2026-01-25T23:35:20.208219+00:00", "data": {"market": "0x78ea9642dd928315bd44e95a0f4e6b59fd3d62ea3e3deb743d0555dadb0b8f9a", "price_changes": [{"asset_id": "74056503185177077651676674290146084492357535649574987761120880465385176801270", "price": "0.049", "size": "31.73", "side": "SELL", "hash": "5f7fc000984b3676f2a69a95cf846ec20cb64c08", "best_bid": "0.035", "best_ask": "0.048"}, {"asset_id": "57766117073273962228210919062336859892244830926897399205099522330425302600917", "price": "0.951", "size": "31.73", "side": "BUY", "hash": "9c967cdc129e6a1a587c3d27d327d5b8d32e81aa", "best_bid": "0.952", "best_ask": "0.965"}], "timestamp": "1769384120141", "event_type": "price_change"}}
{"_local_timestamp": "2026-01-25T23:35:20.234106+00:00", "data": {"market": "0x78ea9642dd928315bd44e95a0f4e6b59fd3d62ea3e3deb743d0555dadb0b8f9a", "price_changes": [{"asset_id": "74056503185177077651676674290146084492357535649574987761120880465385176801270", "price": "0.047", "size": "118", "side": "SELL", "hash": "7bd0f0734d84d5516ac86dd61a136456a585fb92", "best_bid": "0.035", "best_ask": "0.047"}, {"asset_id": "57766117073273962228210919062336859892244830926897399205099522330425302600917", "price": "0.953", "size": "118", "side": "BUY", "hash": "be44099e24a4104d9958a08a215fa6ac7c52c731", "best_bid": "0.953", "best_ask": "0.965"}], "timestamp": "1769384120168", "event_type": "price_change"}}
{"_local_timestamp": "2026-01-25T23:35:20.648079+00:00", "data": {"market": "0x78ea9642dd928315bd44e95a0f4e6b59fd3d62ea3e3deb743d0555dadb0b8f9a", "price_changes": [{"asset_id": "57766117073273962228210919062336859892244830926897399205099522330425302600917", "price": "0.232", "size": "5", "side": "BUY", "hash": "37275112f41c6914fa3f138db077fa6691d64dde", "best_bid": "0.953", "best_ask": "0.965"}, {"asset_id": "74056503185177077651676674290146084492357535649574987761120880465385176801270", "price": "0.768", "size": "5", "side": "SELL", "hash": "acaa96823b9716a3e508a0d4e53916b9b9f59d4b", "best_bid": "0.035", "best_ask": "0.047"}], "timestamp": "1769384120578", "event_type": "price_change"}}
{"_local_timestamp": "2026-01-25T23:35:20.925318+00:00", "data": {"market": "0x78ea9642dd928315bd44e95a0f4e6b59fd3d62ea3e3deb743d0555dadb0b8f9a", "price_changes": [{"asset_id": "74056503185177077651676674290146084492357535649574987761120880465385176801270", "price": "0.029", "size": "200", "side": "BUY", "hash": "f7ad643916f8cd5a3fe754ecd70fc2b8c21d4756", "best_bid": "0.035", "best_ask": "0.047"}, {"asset_id": "57766117073273962228210919062336859892244830926897399205099522330425302600917", "price": "0.971", "size": "200", "side": "SELL", "hash": "cf3820f82da7b761f5302262aeaa72b870845ab5", "best_bid": "0.953", "best_ask": "0.965"}], "timestamp": "1769384120861", "event_type": "price_change"}}
{"_local_timestamp": "2026-01-25T23:35:20.944082+00:00", "data": {"market": "0x78ea9642dd928315bd44e95a0f4e6b59fd3d62ea3e3deb743d0555dadb0b8f9a", "price_changes": [{"asset_id": "57766117073273962228210919062336859892244830926897399205099522330425302600917", "price": "0.948", "size": "230", "side": "BUY", "hash": "c843190def2ea89fbc519b19dd7f33e681040713", "best_bid": "0.953", "best_ask": "0.965"}, {"asset_id": "74056503185177077651676674290146084492357535649574987761120880465385176801270", "price": "0.052", "size": "230", "side": "SELL", "hash": "38942f77a9462c57b4a74e6757d8084c446d973d", "best_bid": "0.035", "best_ask": "0.047"}], "timestamp": "1769384120868", "event_type": "price_change"}}
{"_local_timestamp": "2026-01-25T23:35:20.944736+00:00", "data": {"market": "0x78ea9642dd928315bd44e95a0f4e6b59fd3d62ea3e3deb743d0555dadb0b8f9a", "price_changes": [{"asset_id": "74056503185177077651676674290146084492357535649574987761120880465385176801270", "price": "0.029", "size": "430", "side": "BUY", "hash": "903373f694bbd5b98fb39b37fc8868d008593aa4", "best_bid": "0.035", "best_ask": "0.047"}, {"asset_id": "57766117073273962228210919062336859892244830926897399205099522330425302600917", "price": "0.971", "size": "430", "side": "SELL", "hash": "215ec3b829a07a11c7b3d5b237ad0556be945bc8", "best_bid": "0.953", "best_ask": "0.965"}], "timestamp": "1769384120869", "event_type": "price_change"}}
{"_local_timestamp": "2026-01-25T23:35:21.255432+00:00", "data": {"market": "0x78ea9642dd928315bd44e95a0f4e6b59fd3d62ea3e3deb743d0555dadb0b8f9a", "price_changes": [{"asset_id": "74056503185177077651676674290146084492357535649574987761120880465385176801270", "price": "0.048", "size": "201.97", "side": "SELL", "hash": "f6dc9f5e637152256f6008cf11b511e6c1fc9f15", "best_bid": "0.035", "best_ask": "0.047"}, {"asset_id": "57766117073273962228210919062336859892244830926897399205099522330425302600917", "price": "0.952", "size": "201.97", "side": "BUY", "hash": "67e268b20821340e5dafa5d9c3f2f6deac4e9adc", "best_bid": "0.953", "best_ask": "0.965"}], "timestamp": "1769384121187", "event_type": "price_change"}}
{"_local_timestamp": "2026-01-25T23:35:21.287798+00:00", "data": {"market": "0x78ea9642dd928315bd44e95a0f4e6b59fd3d62ea3e3deb743d0555dadb0b8f9a", "price_changes": [{"asset_id": "74056503185177077651676674290146084492357535649574987761120880465385176801270", "price": "0.047", "size": "0", "side": "SELL", "hash": "041079c0c6e37286fbf67d32e16cfa470cd6f7bf", "best_bid": "0.035", "best_ask": "0.048"}, {"asset_id": "57766117073273962228210919062336859892244830926897399205099522330425302600917", "price": "0.953", "size": "0", "side": "BUY", "hash": "eacc860e74d193a5e311f2bf56e19b67698d7873", "best_bid": "0.952", "best_ask": "0.965"}], "timestamp": "1769384121215", "event_type": "price_change"}}
{"_local_timestamp": "2026-01-25T23:35:21.311879+00:00", "data": {"market": "0x78ea9642dd928315bd44e95a0f4e6b59fd3d62ea3e3deb743d0555dadb0b8f9a", "price_changes": [{"asset_id": "74056503185177077651676674290146084492357535649574987761120880465385176801270", "price": "0.046", "size": "30", "side": "SELL", "hash": "ca8cf37a1aecd37bdb330762ee5756d22cde17e6", "best_bid": "0.035", "best_ask": "0.046"}, {"asset_id": "57766117073273962228210919062336859892244830926897399205099522330425302600917", "price": "0.954", "size": "30", "side": "BUY", "hash": "df5fab31d16f1baddc4ba130e5b6450f8c9814db", "best_bid": "0.954", "best_ask": "0.965"}], "timestamp": "1769384121241", "event_type": "price_change"}}
{"_local_timestamp": "2026-01-25T23:35:21.312637+00:00", "data": {"market": "0x78ea9642dd928315bd44e95a0f4e6b59fd3d62ea3e3deb743d0555dadb0b8f9a", "price_changes": [{"asset_id": "74056503185177077651676674290146084492357535649574987761120880465385176801270", "price": "0.047", "size": "125", "side": "SELL", "hash": "d60780f8f2749fea5aeae8096685ce94cc9521cd", "best_bid": "0.035", "best_ask": "0.046"}, {"asset_id": "57766117073273962228210919062336859892244830926897399205099522330425302600917", "price": "0.953", "size": "125", "side": "BUY", "hash": "a286cf3f8e5db3b6f3c718851192fe34b2db1755", "best_bid": "0.954", "best_ask": "0.965"}], "timestamp": "1769384121243", "event_type": "price_change"}}
{"_local_timestamp": "2026-01-25T23:35:21.398335+00:00", "data": {"market": "0x78ea9642dd928315bd44e95a0f4e6b59fd3d62ea3e3deb743d0555dadb0b8f9a", "price_changes": [{"asset_id": "57766117073273962228210919062336859892244830926897399205099522330425302600917", "price": "0.941", "size": "0", "side": "BUY", "hash": "bb5244ff6b576cd30bc5d0af32a9e673fa79cb73", "best_bid": "0.954", "best_ask": "0.965"}, {"asset_id": "74056503185177077651676674290146084492357535649574987761120880465385176801270", "price": "0.059", "size": "0", "side": "SELL", "hash": "665f0e22e72d3ea61eb49cdad2de7286022fb2e6", "best_bid": "0.035", "best_ask": "0.046"}], "timestamp": "1769384121331", "event_type": "price_change"}}
{"_local_timestamp": "2026-01-25T23:35:21.399050+00:00", "data": {"market": "0x78ea9642dd928315bd44e95a0f4e6b59fd3d62ea3e3deb743d0555dadb0b8f9a", "price_changes": [{"asset_id": "74056503185177077651676674290146084492357535649574987761120880465385176801270", "price": "0.029", "size": "230", "side": "BUY", "hash": "9343d18c06b3456f807f83b9beac02fa1011e11d", "best_bid": "0.035", "best_ask": "0.046"}, {"asset_id": "57766117073273962228210919062336859892244830926897399205099522330425302600917", "price": "0.971", "size": "230", "side": "SELL", "hash": "aff490e067c92b2c36bcb5a60472c1163a3c322a", "best_bid": "0.954", "best_ask": "0.965"}], "timestamp": "1769384121331", "event_type": "price_change"}}
{"_local_timestamp": "2026-01-25T23:35:21.778781+00:00", "data": {"market": "0x78ea9642dd928315bd44e95a0f4e6b59fd3d62ea3e3deb743d0555dadb0b8f9a", "price_changes": [{"asset_id": "74056503185177077651676674290146084492357535649574987761120880465385176801270", "price": "0.03", "size": "105.96", "side": "BUY", "hash": "fa5a304761b0eb750e0de58c21fea313025e30d4", "best_bid": "0.035", "best_ask": "0.046"}, {"asset_id": "57766117073273962228210919062336859892244830926897399205099522330425302600917", "price": "0.97", "size": "105.96", "side": "SELL", "hash": "28b53e8bcfcb35922032ae2ff590ed20a2ee3352", "best_bid": "0.954", "best_ask": "0.965"}], "timestamp": "1769384121713", "event_type": "price_change"}}
{"_local_timestamp": "2026-01-25T23:35:22.201434+00:00", "data": {"market": "0x78ea9642dd928315bd44e95a0f4e6b59fd3d62ea3e3deb743d0555dadb0b8f9a", "price_changes": [{"asset_id": "57766117073273962228210919062336859892244830926897399205099522330425302600917", "price": "0.953", "size": "155", "side": "BUY", "hash": "21a56fcde941977ca36423038723d3b051bef770", "best_bid": "0.954", "best_ask": "0.965"}, {"asset_id": "74056503185177077651676674290146084492357535649574987761120880465385176801270", "price": "0.047", "size": "155", "side": "SELL", "hash": "e78be9b1a4f92a21ddb4a890dc1fcb0360de98bb", "best_bid": "0.035", "best_ask": "0.046"}], "timestamp": "1769384122137", "event_type": "price_change"}}
{"_local_timestamp": "2026-01-25T23:35:22.209068+00:00", "data": {"market": "0x78ea9642dd928315bd44e95a0f4e6b59fd3d62ea3e3deb743d0555dadb0b8f9a", "price_changes": [{"asset_id": "74056503185177077651676674290146084492357535649574987761120880465385176801270", "price": "0.029", "size": "470", "side": "BUY", "hash": "2a09e4bcd6c723fd50eab1c9f5e9da199d1bee66", "best_bid": "0.035", "best_ask": "0.046"}, {"asset_id": "57766117073273962228210919062336859892244830926897399205099522330425302600917", "price": "0.971", "size": "470", "side": "SELL", "hash": "a2683e4ec270cbaa7027ae9ea183f7b20b4d6b94", "best_bid": "0.954", "best_ask": "0.965"}], "timestamp": "1769384122147", "event_type": "price_change"}}
{"_local_timestamp": "2026-01-25T23:35:22.213507+00:00", "data": {"market": "0x78ea9642dd928315bd44e95a0f4e6b59fd3d62ea3e3deb743d0555dadb0b8f9a", "price_changes": [{"asset_id": "57766117073273962228210919062336859892244830926897399205099522330425302600917", "price": "0.948", "size": "470", "side": "BUY", "hash": "282bbc3358d3484896abaa6624c1134a044edd03", "best_bid": "0.954", "best_ask": "0.965"}, {"asset_id": "74056503185177077651676674290146084492357535649574987761120880465385176801270", "price": "0.052", "size": "470", "side": "SELL", "hash": "1dc76ba677877948e010ce1988ad61131fae9236", "best_bid": "0.035", "best_ask": "0.046"}], "timestamp": "1769384122148", "event_type": "price_change"}}
{"_local_timestamp": "2026-01-25T23:35:22.457296+00:00", "data": {"market": "0x78ea9642dd928315bd44e95a0f4e6b59fd3d62ea3e3deb743d0555dadb0b8f9a", "price_changes": [{"asset_id": "74056503185177077651676674290146084492357535649574987761120880465385176801270", "price": "0.047", "size": "30", "side": "SELL", "hash": "6ec890476e14ed1cd4c7d96a2ff780713e456abf", "best_bid": "0.035", "best_ask": "0.046"}, {"asset_id": "57766117073273962228210919062336859892244830926897399205099522330425302600917", "price": "0.953", "size": "30", "side": "BUY", "hash": "7c16d30e460c18fcb98e5250e91e54e5607326fb", "best_bid": "0.954", "best_ask": "0.965"}], "timestamp": "1769384122392", "event_type": "price_change"}}
{"_local_timestamp": "2026-01-25T23:35:22.481622+00:00", "data": {"market": "0x78ea9642dd928315bd44e95a0f4e6b59fd3d62ea3e3deb743d0555dadb0b8f9a", "price_changes": [{"asset_id": "74056503185177077651676674290146084492357535649574987761120880465385176801270", "price": "0.046", "size": "149", "side": "SELL", "hash": "4a619aa28cc19f66a5544967e0e4e7653b3d7b16", "best_bid": "0.035", "best_ask": "0.046"}, {"asset_id": "57766117073273962228210919062336859892244830926897399205099522330425302600917", "price": "0.954", "size": "149", "side": "BUY", "hash": "042b8615b6782a8021f402a35dd7bfa171282d43", "best_bid": "0.954", "best_ask": "0.965"}], "timestamp": "1769384122419", "event_type": "price_change"}}
{"_local_timestamp": "2026-01-25T23:35:22.670133+00:00", "data": {"market": "0x78ea9642dd928315bd44e95a0f4e6b59fd3d62ea3e3deb743d0555dadb0b8f9a", "price_changes": [{"asset_id": "74056503185177077651676674290146084492357535649574987761120880465385176801270", "price": "0.029", "size": "240", "side": "BUY", "hash": "5971eec38b3c0cb7ac6ca27820895548e4e78d67", "best_bid": "0.035", "best_ask": "0.046"}, {"asset_id": "57766117073273962228210919062336859892244830926897399205099522330425302600917", "price": "0.971", "size": "240", "side": "SELL", "hash": "5627282244838c6f53e3bec428c99495299b0ed1", "best_bid": "0.954", "best_ask": "0.965"}], "timestamp": "1769384122605", "event_type": "price_change"}}
{"_local_timestamp": "2026-01-25T23:35:22.670825+00:00", "data": {"market": "0x78ea9642dd928315bd44e95a0f4e6b59fd3d62ea3e3deb743d0555dadb0b8f9a", "price_changes": [{"asset_id": "57766117073273962228210919062336859892244830926897399205099522330425302600917", "price": "0.948", "size": "240", "side": "BUY", "hash": "d08b57ebd501c4d7152b71493500c3cc430eadce", "best_bid": "0.954", "best_ask": "0.965"}, {"asset_id": "74056503185177077651676674290146084492357535649574987761120880465385176801270", "price": "0.052", "size": "240", "side": "SELL", "hash": "cb5404d80a4fac912afe1e8892de8fe1bf217eff", "best_bid": "0.035", "best_ask": "0.046"}], "timestamp": "1769384122606", "event_type": "price_change"}}
