{"_local_timestamp": "2026-01-25T23:40:30.492845+00:00", "data": [{"market": "0x9e0e621f21099a443d0deebbb624c8cf2e40ff0ebb51d67576e4fe7070974f3d", "asset_id": "35052799380906612241653419359721988743807116588205346860506039024527003073301", "timestamp": "1769384410291", "hash": "cd21cfcd1ddef480177bb122f519d78c5237d3ca", "bids": [{"price": "0.01", "size": "80.82"}, {"price": "0.02", "size": "13.99"}, {"price": "0.03", "size": "66.66"}, {"price": "0.04", "size": "6.3"}, {"price": "0.05", "size": "59"}, {"price": "0.06", "size": "88.7"}], "asks": [{"price": "0.99", "size": "20.55"}, {"price": "0.98", "size": "5.2"}, {"price": "0.97", "size": "60"}, {"price": "0.96", "size": "47.17"}, {"price": "0.95", "size": "20"}, {"price": "0.9", "size": "500"}, {"price": "0.89", "size": "5.03"}, {"price": "0.84", "size": "500"}, {"price": "0.8", "size": "600"}, {"price": "0.76", "size": "300"}, {"price": "0.75", "size": "157"}, {"price": "0.72", "size": "14.97"}, {"price": "0.66", "size": "100"}, {"price": "0.64", "size": "248.28"}, {"price": "0.54", "size": "72.45"}, {"price": "0.44", "size": "14.97"}], "event_type": "book", "last_trade_price": ""}, {"market": "0x13462a968f98418aa0e0756aac71ac28ddbd73d301088b6e98bef03e7be156a0", "asset_id": "16511925153783363465430676782517668246616933187864098849250851770880443678446", "timestamp": "1769376834708", "hash": "d2ca85ba07f78b3394e466cc21905f865da4135b", "bids": [{"price": "0.01", "size": "67"}, {"price": "0.02", "size": "22"}, {"price": "0.03", "size": "11"}, {"price": "0.04", "size": "8.24"}, {"price": "0.1", "size": "44.01"}, {"price": "0.19", "size": "50"}], "asks": [{"price": "0.99", "size": "72.09"}, {"price": "0.98", "size": "8.28"}, {"price": "0.97", "size": "26"}, {"price": "0.96", "size": "19.5"}, {"price": "0.85", "size": "100"}, {"price": "0.84", "size": "66.66"}, {"price": "0.72", "size": "300"}, {"price": "0.69", "size": "100"}, {"price": "0.68", "size": "66.66"}], "event_type": "book", "last_trade_price": "0.320"}, {"market": "0x9e0e621f21099a443d0deebbb624c8cf2e40ff0ebb51d67576e4fe7070974f3d", "asset_id": "84348038402659639941836209260221772039942739491890721010819630693075602597129", "timestamp": "1769384410291", "hash": "fb1cb4423bf263e72d8aa724138bb5ed9f31be2c", "bids": [{"price": "0.01", "size": "20.55"}, {"price": "0.02", "size": "5.2"}, {"price": "0.03", "size": "60"}, {"price": "0.04", "size": "47.17"}, {"price": "0.05", "size": "20"}, {"price": "0.1", "size": "500"}, {"price": "0.11", "size": "5.03"}, {"price": "0.16", "size": "500"}, {"price": "0.2", "size": "600"}, {"price": "0.24", "size": "300"}, {"price": "0.25", "size": "157"}, {"price": "0.28", "size": "14.97"}, {"price": "0.34", "size": "100"}, {"price": "0.36", "size": "248.28"}, {"price": "0.46", "size": "72.45"}, {"price": "0.56", "size": "14.97"}], "asks": [{"price": "0.99", "size": "80.82"}, {"price": "0.98", "size": "13.99"}, {"price": "0.97", "size": "66.66"}, {"price": "0.96", "size": "6.3"}, {"price": "0.95", "size": "59"}, {"price": "0.94", "size": "88.7"}], "event_type": "book", "last_trade_price": ""}, {"market": "0xa47c3241c8f51d4f02d8c6dea507d8ceee4be1adc425cecc933564c762ee24ad", "asset_id": "57643262113111545914519767810548917432471568830122790555997986340150867482629", "timestamp": "1769384259716", "hash": "ca61eb66fcdea087fce6b7c75af44c68adc3d191", "bids": [{"price": "0.001", "size": "7105.09"}, {"price": "0.002", "size": "12.53"}, {"price": "0.003", "size": "1166"}, {"price": "0.006", "size": "83"}, {"price": "0.007", "size": "53.03"}, {"price": "0.05", "size": "270"}, {"price": "0.051", "size": "39"}, {"price": "0.1", "size": "360"}, {"price": "0.101", "size": "5.92"}, {"price": "0.15", "size": "226.66"}, {"price": "0.2", "size": "160"}, {"price": "0.201", "size": "6908"}, {"price": "0.24", "size": "116.66"}, {"price": "0.241", "size": "58"}, {"price": "0.242", "size": "8"}, {"price": "0.29", "size": "89.65"}, {"price": "0.34", "size": "70.58"}, {"price": "0.39", "size": "51.28"}, {"price": "0.7", "size": "72.66"}, {"price": "0.704", "size": "10"}, {"price": "0.8", "size": "72.66"}, {"price": "0.829", "size": "222"}, {"price": "0.836", "size": "2222"}, {"price": "0.837", "size": "375.47"}, {"price": "0.887", "size": "66.66"}, {"price": "0.91", "size": "6.77"}, {"price": "0.936", "size": "94"}, {"price": "0.937", "size": "119.76"}], "asks": [{"price": "0.999", "size": "15127.65"}, {"price": "0.998", "size": "689.15"}, {"price": "0.997", "size": "351.14"}, {"price": "0.996", "size": "21.15"}, {"price": "0.995", "size": "2500"}, {"price": "0.994", "size": "42.61"}, {"price": "0.99", "size": "2449.26"}, {"price": "0.989", "size": "8.25"}, {"price": "0.988", "size": "134"}, {"price": "0.987", "size": "26.33"}, {"price": "0.98", "size": "398.77"}, {"price": "0.979", "size": "5.92"}, {"price": "0.977", "size": "25"}, {"price": "0.976", "size": "380.05"}], "event_type": "book", "last_trade_price": "0.025"}, {"market": "0x13462a968f98418aa0e0756aac71ac28ddbd73d301088b6e98bef03e7be156a0", "asset_id": "96669384785344022999746535186164617570448188614376639390183139999426885984131", "timestamp": "1769376834708", "hash": "30c13f46b0888cc986b478c4875b0aac201b17cd", "bids": [{"price": "0.01", "size": "72.09"}, {"price": "0.02", "size": "8.28"}, {"price": "0.03", "size": "26"}, {"price": "0.04", "size": "19.5"}, {"price": "0.15", "size": "100"}, {"price": "0.16", "size": "66.66"}, {"price": "0.28", "size": "300"}, {"price": "0.31", "size": "100"}, {"price": "0.32", "size": "66.66"}], "asks": [{"price": "0.99", "size": "67"}, {"price": "0.98", "size": "22"}, {"price": "0.97", "size": "11"}, {"price": "0.96", "size": "8.24"}, {"price": "0.9", "size": "44.01"}, {"price": "0.81", "size": "50"}], "event_type": "book", "last_trade_price": "0.320"}, {"market": "0xa47c3241c8f51d4f02d8c6dea507d8ceee4be1adc425cecc933564c762ee24ad", "asset_id": "36685313325836492969220221488073883383556836789057849866984039832816676096694", "timestamp": "1769384259716", "hash": "cf4c86ac280fd4ba74ab09819a85156dedb6b220", "bids": [{"price": "0.001", "size": "15127.65"}, {"price": "0.002", "size": "689.15"}, {"price": "0.003", "size": "351.14"}, {"price": "0.004", "size": "21.15"}, {"price": "0.005", "size": "2500"}, {"price": "0.006", "size": "42.61"}, {"price": "0.01", "size": "2449.26"}, {"price": "0.011", "size": "8.25"}, {"price": "0.012", "size": "134"}, {"price": "0.013", "size": "26.33"}, {"price": "0.02", "size": "398.77"}, {"price": "0.021", "size": "5.92"}, {"price": "0.023", "size": "25"}, {"price": "0.024", "size": "380.05"}], "asks": [{"price": "0.999", "size": "7105.09"}, {"price": "0.998", "size": "12.53"}, {"price": "0.997", "size": "1166"}, {"price": "0.994", "size": "83"}, {"price": "0.993", "size": "53.03"}, {"price": "0.95", "size": "270"}, {"price": "0.949", "size": "39"}, {"price": "0.9", "size": "360"}, {"price": "0.899", "size": "5.92"}, {"price": "0.85", "size": "226.66"}, {"price": "0.8", "size": "160"}, {"price": "0.799", "size": "6908"}, {"price": "0.76", "size": "116.66"}, {"price": "0.759", "size": "58"}, {"price": "0.758", "size": "8"}, {"price": "0.71", "size": "89.65"}, {"price": "0.66", "size": "70.58"}, {"price": "0.61", "size": "51.28"}, {"price": "0.3", "size": "72.66"}, {"price": "0.296", "size": "10"}, {"price": "0.2", "size": "72.66"}, {"price": "0.171", "size": "222"}, {"price": "0.164", "size": "2222"}, {"price": "0.163", "size": "375.47"}, {"price": "0.113", "size": "66.66"}, {"price": "0.09", "size": "6.77"}, {"price": "0.064", "size": "94"}, {"price": "0.063", "size": "119.76"}], "event_type": "book", "last_trade_price": "0.025"}]}
{"_local_timestamp": "2026-01-25T23:41:07.178288+00:00", "data": {"market": "0xa47c3241c8f51d4f02d8c6dea507d8ceee4be1adc425cecc933564c762ee24ad", "price_changes": [{"asset_id": "36685313325836492969220221488073883383556836789057849866984039832816676096694", "price": "0.006", "size": "22.57", "side": "BUY", "hash": "374cf9fda4d8bac8e4d46ff31f97f8cf2c7bfb40", "best_bid": "0.024", "best_ask": "0.063"}, {"asset_id": "57643262113111545914519767810548917432471568830122790555997986340150867482629", "price": "0.994", "size": "22.57", "side": "SELL", "hash": "05e3ef4bebeabf0a2ee20140c11294138160566f", "best_bid": "0.937", "best_ask": "0.976"}], "timestamp": "1769384467108", "event_type": "price_change"}}
{"_local_timestamp": "2026-01-25T23:41:07.366541+00:00", "data": {"market": "0xa47c3241c8f51d4f02d8c6dea507d8ceee4be1adc425cecc933564c762ee24ad", "price_changes": [{"asset_id": "36685313325836492969220221488073883383556836789057849866984039832816676096694", "price": "0.006", "size": "42.61", "side": "BUY", "hash": "828f39295873ba827f59bfc996ab8202531f15f5", "best_bid": "0.024", "best_ask": "0.063"}, {"asset_id": "57643262113111545914519767810548917432471568830122790555997986340150867482629", "price": "0.994", "size": "42.61", "side": "SELL", "hash": "4adfc96bfc7fd61bc9265aff2bcdd9f81f486936", "best_bid": "0.937", "best_ask": "0.976"}], "timestamp": "1769384467289", "event_type": "price_change"}}
{"_local_timestamp": "2026-01-25T23:42:11.276440+00:00", "data": {"market": "0x9e0e621f21099a443d0deebbb624c8cf2e40ff0ebb51d67576e4fe7070974f3d", "price_changes": [{"asset_id": "84348038402659639941836209260221772039942739491890721010819630693075602597129", "price": "0.56", "size": "0", "side": "BUY", "hash": "be98403a2d2afc2df0f6c4a04f3e438c4a1e1ef4", "best_bid": "0.46", "best_ask": "0.94"}, {"asset_id": "35052799380906612241653419359721988743807116588205346860506039024527003073301", "price": "0.44", "size": "0", "side": "SELL", "hash": "8397efca2046337923bf1b0d1bf6b237f2b3dbe0", "best_bid": "0.06", "best_ask": "0.54"}], "timestamp": "1769384531201", "event_type": "price_change"}}
{"_local_timestamp": "2026-01-25T23:42:11.279423+00:00", "data": {"market": "0x9e0e621f21099a443d0deebbb624c8cf2e40ff0ebb51d67576e4fe7070974f3d", "price_changes": [{"asset_id": "84348038402659639941836209260221772039942739491890721010819630693075602597129", "price": "0.28", "size": "0", "side": "BUY", "hash": "be98403a2d2afc2df0f6c4a04f3e438c4a1e1ef4", "best_bid": "0.46", "best_ask": "0.94"}, {"asset_id": "35052799380906612241653419359721988743807116588205346860506039024527003073301", "price": "0.72", "size": "0", "side": "SELL", "hash": "8397efca2046337923bf1b0d1bf6b237f2b3dbe0", "best_bid": "0.06", "best_ask": "0.54"}], "timestamp": "1769384531201", "event_type": "price_change"}}
{"_local_timestamp": "2026-01-25T23:42:11.790729+00:00", "data": {"market": "0x9e0e621f21099a443d0deebbb624c8cf2e40ff0ebb51d67576e4fe7070974f3d", "price_changes": [{"asset_id": "84348038402659639941836209260221772039942739491890721010819630693075602597129", "price": "0.46", "size": "87.42", "side": "BUY", "hash": "135de927676010f76723f76deb7511c97d79a1c8", "best_bid": "0.46", "best_ask": "0.94"}, {"asset_id": "35052799380906612241653419359721988743807116588205346860506039024527003073301", "price": "0.54", "size": "87.42", "side": "SELL", "hash": "018c5c95d441243220d6e46919135db8ebd9a86a", "best_bid": "0.06", "best_ask": "0.54"}], "timestamp": "1769384531714", "event_type": "price_change"}}
{"_local_timestamp": "2026-01-25T23:42:11.800190+00:00", "data": {"market": "0x9e0e621f21099a443d0deebbb624c8cf2e40ff0ebb51d67576e4fe7070974f3d", "price_changes": [{"asset_id": "84348038402659639941836209260221772039942739491890721010819630693075602597129", "price": "0.24", "size": "314.97", "side": "BUY", "hash": "137c4af3e11eaa0675d53f9ad50d398c981415ed", "best_bid": "0.46", "best_ask": "0.94"}, {"asset_id": "35052799380906612241653419359721988743807116588205346860506039024527003073301", "price": "0.76", "size": "314.97", "side": "SELL", "hash": "c03629df490c5ceded355e6e740bb82d57c1c67d", "best_bid": "0.06", "best_ask": "0.54"}], "timestamp": "1769384531716", "event_type": "price_change"}}
{"_local_timestamp": "2026-01-25T23:43:33.495830+00:00", "data": {"market": "0xa47c3241c8f51d4f02d8c6dea507d8ceee4be1adc425cecc933564c762ee24ad", "price_changes": [{"asset_id": "57643262113111545914519767810548917432471568830122790555997986340150867482629", "price": "0.201", "size": "0", "side": "BUY", "hash": "36cfac1b4425cd6cd7c5796442ad57325f9611f1", "best_bid": "0.937", "best_ask": "0.976"}, {"asset_id": "36685313325836492969220221488073883383556836789057849866984039832816676096694", "price": "0.799", "size": "0", "side": "SELL", "hash": "2dc1504abeba8366fddd3f5311d2d45d2fc5efea", "best_bid": "0.024", "best_ask": "0.063"}], "timestamp": "1769384613372", "event_type": "price_change"}}
{"_local_timestamp": "2026-01-25T23:43:33.666788+00:00", "data": {"market": "0xa47c3241c8f51d4f02d8c6dea507d8ceee4be1adc425cecc933564c762ee24ad", "price_changes": [{"asset_id": "57643262113111545914519767810548917432471568830122790555997986340150867482629", "price": "0.201", "size": "6876", "side": "BUY", "hash": "b0b51d0b996916d38ebb7aab57f0928b46a7f9a6", "best_bid": "0.937", "best_ask": "0.976"}, {"asset_id": "36685313325836492969220221488073883383556836789057849866984039832816676096694", "price": "0.799", "size": "6876", "side": "SELL", "hash": "d4c6995e99a965e0981ce5ca65c92bb429498ad9", "best_bid": "0.024", "best_ask": "0.063"}], "timestamp": "1769384613543", "event_type": "price_change"}}
{"_local_timestamp": "2026-01-25T23:44:33.306912+00:00", "data": {"market": "0xa47c3241c8f51d4f02d8c6dea507d8ceee4be1adc425cecc933564c762ee24ad", "price_changes": [{"asset_id": "36685313325836492969220221488073883383556836789057849866984039832816676096694", "price": "0.006", "size": "22.57", "side": "BUY", "hash": "cfa2a456b997c978b975641e6147fc036c34b94a", "best_bid": "0.024", "best_ask": "0.063"}, {"asset_id": "57643262113111545914519767810548917432471568830122790555997986340150867482629", "price": "0.994", "size": "22.57", "side": "SELL", "hash": "d0562077965fc4de66bc7089e4ae9ceb887f85b3", "best_bid": "0.937", "best_ask": "0.976"}], "timestamp": "1769384673014", "event_type": "price_change"}}
{"_local_timestamp": "2026-01-25T23:44:33.657270+00:00", "data": {"market": "0xa47c3241c8f51d4f02d8c6dea507d8ceee4be1adc425cecc933564c762ee24ad", "price_changes": [{"asset_id": "36685313325836492969220221488073883383556836789057849866984039832816676096694", "price": "0.006", "size": "42.61", "side": "BUY", "hash": "9b50c3c66df7771cc5d11c30a32ab6b5e959222d", "best_bid": "0.024", "best_ask": "0.063"}, {"asset_id": "57643262113111545914519767810548917432471568830122790555997986340150867482629", "price": "0.994", "size": "42.61", "side": "SELL", "hash": "b3773680e7f28ed8a935b802ad69ea8c2988dbca", "best_bid": "0.937", "best_ask": "0.976"}], "timestamp": "1769384673374", "event_type": "price_change"}}
