{"_local_timestamp": "2026-01-25T23:33:18.707886+00:00", "data": [{"market": "0xbfe2252feb42b566915b9ad599ded119a0dcefd318734a8a691fe2add291edc6", "asset_id": "28031168267272318411821639097601043629445982703591607398815071893809982883679", "timestamp": "1769383979482", "hash": "fce7a892dc1b3627a6942f46cd3ef041817ba701", "bids": [{"price": "0.001", "size": "3890.08"}, {"price": "0.002", "size": "1255.05"}, {"price": "0.003", "size": "1166"}, {"price": "0.004", "size": "8.65"}, {"price": "0.006", "size": "83"}, {"price": "0.01", "size": "7500"}, {"price": "0.011", "size": "8.4"}, {"price": "0.02", "size": "1000"}, {"price": "0.03", "size": "5466"}, {"price": "0.031", "size": "7.34"}, {"price": "0.05", "size": "30"}, {"price": "0.051", "size": "39"}, {"price": "0.09", "size": "1100"}, {"price": "0.091", "size": "6.92"}, {"price": "0.14", "size": "892.85"}, {"price": "0.19", "size": "418.42"}, {"price": "0.191", "size": "150"}, {"price": "0.24", "size": "116.66"}, {"price": "0.241", "size": "300"}, {"price": "0.29", "size": "189.65"}, {"price": "0.33", "size": "72.72"}, {"price": "0.38", "size": "552.63"}, {"price": "0.381", "size": "4379"}, {"price": "0.382", "size": "5"}, {"price": "0.393", "size": "23"}, {"price": "0.73", "size": "502.5"}, {"price": "0.78", "size": "502.51"}, {"price": "0.781", "size": "37.36"}, {"price": "0.83", "size": "300.43"}, {"price": "0.88", "size": "200"}, {"price": "0.89", "size": "200"}, {"price": "0.915", "size": "120"}, {"price": "0.916", "size": "300"}, {"price": "0.918", "size": "210.32"}, {"price": "0.919", "size": "50"}, {"price": "0.925", "size": "333"}, {"price": "0.926", "size": "56.77"}, {"price": "0.931", "size": "273.19"}, {"price": "0.933", "size": "152.85"}, {"price": "0.934", "size": "113.98"}], "asks": [{"price": "0.999", "size": "9564.99"}, {"price": "0.998", "size": "98.38"}, {"price": "0.99", "size": "1250"}, {"price": "0.989", "size": "637"}, {"price": "0.988", "size": "6.71"}, {"price": "0.985", "size": "333.33"}, {"price": "0.984", "size": "9.35"}, {"price": "0.98", "size": "100"}, {"price": "0.979", "size": "35768.23"}, {"price": "0.978", "size": "2101"}, {"price": "0.977", "size": "478.39"}, {"price": "0.976", "size": "244.99"}, {"price": "0.97", "size": "650"}, {"price": "0.969", "size": "162"}, {"price": "0.968", "size": "5.89"}, {"price": "0.965", "size": "142.85"}, {"price": "0.964", "size": "421"}, {"price": "0.963", "size": "136"}, {"price": "0.96", "size": "50"}, {"price": "0.959", "size": "100"}, {"price": "0.958", "size": "206.27"}, {"price": "0.957", "size": "122.6"}, {"price": "0.956", "size": "102.85"}, {"price": "0.95", "size": "50"}, {"price": "0.945", "size": "453"}, {"price": "0.944", "size": "83.29"}], "event_type": "book", "last_trade_price": "0.067"}, {"market": "0xbfe2252feb42b566915b9ad599ded119a0dcefd318734a8a691fe2add291edc6", "asset_id": "12144309745317498327988492133766790349325209540672841316531075369095028735050", "timestamp": "1769383979482", "hash": "3a2cbb56657fe4d7c6df43a0c2105658564ed5f7", "bids": [{"price": "0.001", "size": "9564.99"}, {"price": "0.002", "size": "98.38"}, {"price": "0.01", "size": "1250"}, {"price": "0.011", "size": "637"}, {"price": "0.012", "size": "6.71"}, {"price": "0.015", "size": "333.33"}, {"price": "0.016", "size": "9.35"}, {"price": "0.02", "size": "100"}, {"price": "0.021", "size": "35768.23"}, {"price": "0.022", "size": "2101"}, {"price": "0.023", "size": "478.39"}, {"price": "0.024", "size": "244.99"}, {"price": "0.03", "size": "650"}, {"price": "0.031", "size": "162"}, {"price": "0.032", "size": "5.89"}, {"price": "0.035", "size": "142.85"}, {"price": "0.036", "size": "421"}, {"price": "0.037", "size": "136"}, {"price": "0.04", "size": "50"}, {"price": "0.041", "size": "100"}, {"price": "0.042", "size": "206.27"}, {"price": "0.043", "size": "122.6"}, {"price": "0.044", "size": "102.85"}, {"price": "0.05", "size": "50"}, {"price": "0.055", "size": "453"}, {"price": "0.056", "size": "83.29"}], "asks": [{"price": "0.999", "size": "3890.08"}, {"price": "0.998", "size": "1255.05"}, {"price": "0.997", "size": "1166"}, {"price": "0.996", "size": "8.65"}, {"price": "0.994", "size": "83"}, {"price": "0.99", "size": "7500"}, {"price": "0.989", "size": "8.4"}, {"price": "0.98", "size": "1000"}, {"price": "0.97", "size": "5466"}, {"price": "0.969", "size": "7.34"}, {"price": "0.95", "size": "30"}, {"price": "0.949", "size": "39"}, {"price": "0.91", "size": "1100"}, {"price": "0.909", "size": "6.92"}, {"price": "0.86", "size": "892.85"}, {"price": "0.81", "size": "418.42"}, {"price": "0.809", "size": "150"}, {"price": "0.76", "size": "116.66"}, {"price": "0.759", "size": "300"}, {"price": "0.71", "size": "189.65"}, {"price": "0.67", "size": "72.72"}, {"price": "0.62", "size": "552.63"}, {"price": "0.619", "size": "4379"}, {"price": "0.618", "size": "5"}, {"price": "0.607", "size": "23"}, {"price": "0.27", "size": "502.5"}, {"price": "0.22", "size": "502.51"}, {"price": "0.219", "size": "37.36"}, {"price": "0.17", "size": "300.43"}, {"price": "0.12", "size": "200"}, {"price": "0.11", "size": "200"}, {"price": "0.085", "size": "120"}, {"price": "0.084", "size": "300"}, {"price": "0.082", "size": "210.32"}, {"price": "0.081", "size": "50"}, {"price": "0.075", "size": "333"}, {"price": "0.074", "size": "56.77"}, {"price": "0.069", "size": "273.19"}, {"price": "0.067", "size": "152.85"}, {"price": "0.066", "size": "113.98"}], "event_type": "book", "last_trade_price": "0.067"}]}
{"_local_timestamp": "2026-01-25T23:33:23.896902+00:00", "data": {"market": "0xbfe2252feb42b566915b9ad599ded119a0dcefd318734a8a691fe2add291edc6", "price_changes": [{"asset_id": "28031168267272318411821639097601043629445982703591607398815071893809982883679", "price": "0.191", "size": "0", "side": "BUY", "hash": "71c45325b431b9215c51e55a3b51afe060d9b770", "best_bid": "0.934", "best_ask": "0.944"}, {"asset_id": "12144309745317498327988492133766790349325209540672841316531075369095028735050", "price": "0.809", "size": "0", "side": "SELL", "hash": "abef21bea6caccb9dbfd991dd1d4dd8e88fc7a8a", "best_bid": "0.056", "best_ask": "0.066"}], "timestamp": "1769384003785", "event_type": "price_change"}}
{"_local_timestamp": "2026-01-25T23:33:24.385135+00:00", "data": {"market": "0xbfe2252feb42b566915b9ad599ded119a0dcefd318734a8a691fe2add291edc6", "price_changes": [{"asset_id": "28031168267272318411821639097601043629445982703591607398815071893809982883679", "price": "0.19", "size": "568.42", "side": "BUY", "hash": "c2e4b4234294de041576b95066c8e8169fb75d8f", "best_bid": "0.934", "best_ask": "0.944"}, {"asset_id": "12144309745317498327988492133766790349325209540672841316531075369095028735050", "price": "0.81", "size": "568.42", "side": "SELL", "hash": "59095294591a8e588ba91a23e5cc14f4711ced3e", "best_bid": "0.056", "best_ask": "0.066"}], "timestamp": "1769384004280", "event_type": "price_change"}}
{"_local_timestamp": "2026-01-25T23:33:38.496512+00:00", "data": {"market": "0xbfe2252feb42b566915b9ad599ded119a0dcefd318734a8a691fe2add291edc6", "price_changes": [{"asset_id": "28031168267272318411821639097601043629445982703591607398815071893809982883679", "price": "0.242", "size": "1734", "side": "BUY", "hash": "d6c1f3bdf00091bea4b4ea56e4e1e6236d917b25", "best_bid": "0.934", "best_ask": "0.944"}, {"asset_id": "12144309745317498327988492133766790349325209540672841316531075369095028735050", "price": "0.758", "size": "1734", "side": "SELL", "hash": "c7a43f2b9277398d0ec0486590601b9c72e8e1ce", "best_bid": "0.056", "best_ask": "0.066"}], "timestamp": "1769384018416", "event_type": "price_change"}}
{"_local_timestamp": "2026-01-25T23:33:40.214177+00:00", "data": {"market": "0xbfe2252feb42b566915b9ad599ded119a0dcefd318734a8a691fe2add291edc6", "price_changes": [{"asset_id": "28031168267272318411821639097601043629445982703591607398815071893809982883679", "price": "0.19", "size": "468.42", "side": "BUY", "hash": "c4b6843746040072314ff369161867fbcc1cff54", "best_bid": "0.934", "best_ask": "0.944"}, {"asset_id": "12144309745317498327988492133766790349325209540672841316531075369095028735050", "price": "0.81", "size": "468.42", "side": "SELL", "hash": "1cd60c72cf048bb57ed70041eda44e182a69f966", "best_bid": "0.056", "best_ask": "0.066"}], "timestamp": "1769384020089", "event_type": "price_change"}}
{"_local_timestamp": "2026-01-25T23:33:40.742284+00:00", "data": {"market": "0xbfe2252feb42b566915b9ad599ded119a0dcefd318734a8a691fe2add291edc6", "price_changes": [{"asset_id": "28031168267272318411821639097601043629445982703591607398815071893809982883679", "price": "0.191", "size": "100", "side": "BUY", "hash": "ad34a48cccac28d036c8e25f165cda952262d664", "best_bid": "0.934", "best_ask": "0.944"}, {"asset_id": "12144309745317498327988492133766790349325209540672841316531075369095028735050", "price": "0.809", "size": "100", "side": "SELL", "hash": "9d9cf2cfbdb361c84b6fcd520661ef33db27b19f", "best_bid": "0.056", "best_ask": "0.066"}], "timestamp": "1769384020546", "event_type": "price_change"}}
{"_local_timestamp": "2026-01-25T23:34:00.124275+00:00", "data": {"market": "0xbfe2252feb42b566915b9ad599ded119a0dcefd318734a8a691fe2add291edc6", "price_changes": [{"asset_id": "12144309745317498327988492133766790349325209540672841316531075369095028735050", "price": "0.056", "size": "33.29", "side": "BUY", "hash": "9b4f62c213df09983b9377a0b944e0ffee24b577", "best_bid": "0.056", "best_ask": "0.066"}, {"asset_id": "28031168267272318411821639097601043629445982703591607398815071893809982883679", "price": "0.944", "size": "33.29", "side": "SELL", "hash": "4cbab62748a8acd05beef728dd5976771ba8bd5a", "best_bid": "0.934", "best_ask": "0.944"}], "timestamp": "1769384040001", "event_type": "price_change"}}
{"_local_timestamp": "2026-01-25T23:34:00.223705+00:00", "data": {"market": "0xbfe2252feb42b566915b9ad599ded119a0dcefd318734a8a691fe2add291edc6", "price_changes": [{"asset_id": "28031168267272318411821639097601043629445982703591607398815071893809982883679", "price": "0.933", "size": "102.85", "side": "BUY", "hash": "0931fa8e91ac7ab25b3426b16ac41aa665f4df2f", "best_bid": "0.934", "best_ask": "0.944"}, {"asset_id": "12144309745317498327988492133766790349325209540672841316531075369095028735050", "price": "0.067", "size": "102.85", "side": "SELL", "hash": "fc6a818e6c9d67b988b07f5e2a20c306e69878fa", "best_bid": "0.056", "best_ask": "0.066"}], "timestamp": "1769384040156", "event_type": "price_change"}}
{"_local_timestamp": "2026-01-25T23:34:00.224330+00:00", "data": {"market": "0xbfe2252feb42b566915b9ad599ded119a0dcefd318734a8a691fe2add291edc6", "price_changes": [{"asset_id": "12144309745317498327988492133766790349325209540672841316531075369095028735050", "price": "0.055", "size": "403", "side": "BUY", "hash": "563da2db9413cb6d6acf3d92f4975a0eaf5a6842", "best_bid": "0.056", "best_ask": "0.066"}, {"asset_id": "28031168267272318411821639097601043629445982703591607398815071893809982883679", "price": "0.945", "size": "403", "side": "SELL", "hash": "5cbb87061ce68d55ad17eb0e152192891c2a2428", "best_bid": "0.934", "best_ask": "0.944"}], "timestamp": "1769384040157", "event_type": "price_change"}}
{"_local_timestamp": "2026-01-25T23:34:00.384192+00:00", "data": {"market": "0xbfe2252feb42b566915b9ad599ded119a0dcefd318734a8a691fe2add291edc6", "price_changes": [{"asset_id": "12144309745317498327988492133766790349325209540672841316531075369095028735050", "price": "0.05", "size": "100", "side": "BUY", "hash": "5e09cfb146576855bdb8def0ec6704e7a79fd1e4", "best_bid": "0.056", "best_ask": "0.066"}, {"asset_id": "28031168267272318411821639097601043629445982703591607398815071893809982883679", "price": "0.95", "size": "100", "side": "SELL", "hash": "475c7e5958344e409e5a09d81c0ab911e443cef3", "best_bid": "0.934", "best_ask": "0.944"}], "timestamp": "1769384040313", "event_type": "price_change"}}
{"_local_timestamp": "2026-01-25T23:34:00.384629+00:00", "data": {"market": "0xbfe2252feb42b566915b9ad599ded119a0dcefd318734a8a691fe2add291edc6", "price_changes": [{"asset_id": "28031168267272318411821639097601043629445982703591607398815071893809982883679", "price": "0.933", "size": "152.85", "side": "BUY", "hash": "97a0ef7f2ee4ad0833ca61b8a3c551823fee5d7c", "best_bid": "0.934", "best_ask": "0.944"}, {"asset_id": "12144309745317498327988492133766790349325209540672841316531075369095028735050", "price": "0.067", "size": "152.85", "side": "SELL", "hash": "f6b46b92b86fc2149407bba1c0653b19e939b396", "best_bid": "0.056", "best_ask": "0.066"}], "timestamp": "1769384040314", "event_type": "price_change"}}
{"_local_timestamp": "2026-01-25T23:34:09.356974+00:00", "data": {"market": "0xbfe2252feb42b566915b9ad599ded119a0dcefd318734a8a691fe2add291edc6", "price_changes": [{"asset_id": "12144309745317498327988492133766790349325209540672841316531075369095028735050", "price": "0.056", "size": "83.29", "side": "BUY", "hash": "599fe2381e8aa815183a48f4bf5aa7f43e1a9586", "best_bid": "0.056", "best_ask": "0.066"}, {"asset_id": "28031168267272318411821639097601043629445982703591607398815071893809982883679", "price": "0.944", "size": "83.29", "side": "SELL", "hash": "ed962d2ce87ae10bb067738c788c4562afec261c", "best_bid": "0.934", "best_ask": "0.944"}], "timestamp": "1769384049289", "event_type": "price_change"}}
{"_local_timestamp": "2026-01-25T23:34:09.473609+00:00", "data": {"market": "0xbfe2252feb42b566915b9ad599ded119a0dcefd318734a8a691fe2add291edc6", "price_changes": [{"asset_id": "28031168267272318411821639097601043629445982703591607398815071893809982883679", "price": "0.933", "size": "102.85", "side": "BUY", "hash": "6e1edf4d78be9c04ce3bacc56f4270d4b2e20a8c", "best_bid": "0.934", "best_ask": "0.944"}, {"asset_id": "12144309745317498327988492133766790349325209540672841316531075369095028735050", "price": "0.067", "size": "102.85", "side": "SELL", "hash": "f7038e95bd51ec758bf6d4ceb816610f4a836ac0", "best_bid": "0.056", "best_ask": "0.066"}], "timestamp": "1769384049408", "event_type": "price_change"}}
{"_local_timestamp": "2026-01-25T23:34:09.475072+00:00", "data": {"market": "0xbfe2252feb42b566915b9ad599ded119a0dcefd318734a8a691fe2add291edc6", "price_changes": [{"asset_id": "12144309745317498327988492133766790349325209540672841316531075369095028735050", "price": "0.05", "size": "50", "side": "BUY", "hash": "943810435df0d92ad2130fd0d93f4085040ce5c5", "best_bid": "0.056", "best_ask": "0.066"}, {"asset_id": "28031168267272318411821639097601043629445982703591607398815071893809982883679", "price": "0.95", "size": "50", "side": "SELL", "hash": "070d31bcdf7c0abc1ee4b30bca702d3418847120", "best_bid": "0.934", "best_ask": "0.944"}], "timestamp": "1769384049408", "event_type": "price_change"}}
{"_local_timestamp": "2026-01-25T23:34:09.624054+00:00", "data": {"market": "0xbfe2252feb42b566915b9ad599ded119a0dcefd318734a8a691fe2add291edc6", "price_changes": [{"asset_id": "28031168267272318411821639097601043629445982703591607398815071893809982883679", "price": "0.933", "size": "152.85", "side": "BUY", "hash": "25a22ec283654869e8645e2a0d166aa57fb66340", "best_bid": "0.934", "best_ask": "0.944"}, {"asset_id": "12144309745317498327988492133766790349325209540672841316531075369095028735050", "price": "0.067", "size": "152.85", "side": "SELL", "hash": "033799c94935fba21803967c9581f9a66cbab50e", "best_bid": "0.056", "best_ask": "0.066"}], "timestamp": "1769384049555", "event_type": "price_change"}}
{"_local_timestamp": "2026-01-25T23:34:09.624729+00:00", "data": {"market": "0xbfe2252feb42b566915b9ad599ded119a0dcefd318734a8a691fe2add291edc6", "price_changes": [{"asset_id": "12144309745317498327988492133766790349325209540672841316531075369095028735050", "price": "0.055", "size": "453", "side": "BUY", "hash": "e5458cf0e99f2c28ec476973bcb8a212a08bdaf1", "best_bid": "0.056", "best_ask": "0.066"}, {"asset_id": "28031168267272318411821639097601043629445982703591607398815071893809982883679", "price": "0.945", "size": "453", "side": "SELL", "hash": "b8e3c0fad98fe75bd7b46e9a899dc090770125c5", "best_bid": "0.934", "best_ask": "0.944"}], "timestamp": "1769384049556", "event_type": "price_change"}}
{"_local_timestamp": "2026-01-25T23:34:13.133923+00:00", "data": {"market": "0xbfe2252feb42b566915b9ad599ded119a0dcefd318734a8a691fe2add291edc6", "price_changes": [{"asset_id": "28031168267272318411821639097601043629445982703591607398815071893809982883679", "price": "0.919", "size": "0", "side": "BUY", "hash": "817406b0b05ea59b2aa5ba02aba87a52fab69c2b", "best_bid": "0.934", "best_ask": "0.944"}, {"asset_id": "12144309745317498327988492133766790349325209540672841316531075369095028735050", "price": "0.081", "size": "0", "side": "SELL", "hash": "9d499ebc46ef964293b0ec8d109647ee0080452d", "best_bid": "0.056", "best_ask": "0.066"}], "timestamp": "1769384053000", "event_type": "price_change"}}
{"_local_timestamp": "2026-01-25T23:34:13.191044+00:00", "data": {"market": "0xbfe2252feb42b566915b9ad599ded119a0dcefd318734a8a691fe2add291edc6", "price_changes": [{"asset_id": "12144309745317498327988492133766790349325209540672841316531075369095028735050", "price": "0.041", "size": "50", "side": "BUY", "hash": "efe92c9c0a74a3f4b4e837af68de39bbd78b95db", "best_bid": "0.056", "best_ask": "0.066"}, {"asset_id": "28031168267272318411821639097601043629445982703591607398815071893809982883679", "price": "0.959", "size": "50", "side": "SELL", "hash": "5084925cb55cf58164e0ed23a358e48f169172d9", "best_bid": "0.934", "best_ask": "0.944"}], "timestamp": "1769384053002", "event_type": "price_change"}}
{"_local_timestamp": "2026-01-25T23:34:15.695192+00:00", "data": {"market": "0xbfe2252feb42b566915b9ad599ded119a0dcefd318734a8a691fe2add291edc6", "price_changes": [{"asset_id": "28031168267272318411821639097601043629445982703591607398815071893809982883679", "price": "0.918", "size": "160.32", "side": "BUY", "hash": "b1ce43b191c5223eb6359fbe2d6b4fb71667b648", "best_bid": "0.934", "best_ask": "0.944"}, {"asset_id": "12144309745317498327988492133766790349325209540672841316531075369095028735050", "price": "0.082", "size": "160.32", "side": "SELL", "hash": "ce951276e7f445a0bd1261723a7554784651f3b9", "best_bid": "0.056", "best_ask": "0.066"}], "timestamp": "1769384055623", "event_type": "price_change"}}
{"_local_timestamp": "2026-01-25T23:34:19.221386+00:00", "data": {"market": "0xbfe2252feb42b566915b9ad599ded119a0dcefd318734a8a691fe2add291edc6", "price_changes": [{"asset_id": "28031168267272318411821639097601043629445982703591607398815071893809982883679", "price": "0.916", "size": "350", "side": "BUY", "hash": "70e5c95288a942b368833210b0269d60fbc6f78d", "best_bid": "0.934", "best_ask": "0.944"}, {"asset_id": "12144309745317498327988492133766790349325209540672841316531075369095028735050", "price": "0.084", "size": "350", "side": "SELL", "hash": "1f772a241a68fa778f4d39fdaa643acb80142f25", "best_bid": "0.056", "best_ask": "0.066"}], "timestamp": "1769384059146", "event_type": "price_change"}}
{"_local_timestamp": "2026-01-25T23:34:19.895353+00:00", "data": {"market": "0xbfe2252feb42b566915b9ad599ded119a0dcefd318734a8a691fe2add291edc6", "price_changes": [{"asset_id": "28031168267272318411821639097601043629445982703591607398815071893809982883679", "price": "0.242", "size": "0", "side": "BUY", "hash": "6be9e2b4218bcef5e532ae8d15ad33c93c75298b", "best_bid": "0.934", "best_ask": "0.944"}, {"asset_id": "12144309745317498327988492133766790349325209540672841316531075369095028735050", "price": "0.758", "size": "0", "side": "SELL", "hash": "e829193835be24e9a6b0af590e843310e860ac0c", "best_bid": "0.056", "best_ask": "0.066"}], "timestamp": "1769384059763", "event_type": "price_change"}}
{"_local_timestamp": "2026-01-25T23:34:27.876917+00:00", "data": {"market": "0xbfe2252feb42b566915b9ad599ded119a0dcefd318734a8a691fe2add291edc6", "price_changes": [{"asset_id": "28031168267272318411821639097601043629445982703591607398815071893809982883679", "price": "0.19", "size": "318.42", "side": "BUY", "hash": "c31b4536197ec2769ba5d96e1fabcb0cde01bf00", "best_bid": "0.934", "best_ask": "0.944"}, {"asset_id": "12144309745317498327988492133766790349325209540672841316531075369095028735050", "price": "0.81", "size": "318.42", "side": "SELL", "hash": "9fa361e76b59500af900a9a38c4a51edcc82cccf", "best_bid": "0.056", "best_ask": "0.066"}], "timestamp": "1769384067618", "event_type": "price_change"}}
{"_local_timestamp": "2026-01-25T23:34:27.882061+00:00", "data": {"market": "0xbfe2252feb42b566915b9ad599ded119a0dcefd318734a8a691fe2add291edc6", "price_changes": [{"asset_id": "28031168267272318411821639097601043629445982703591607398815071893809982883679", "price": "0.241", "size": "200", "side": "BUY", "hash": "c31b4536197ec2769ba5d96e1fabcb0cde01bf00", "best_bid": "0.934", "best_ask": "0.944"}, {"asset_id": "12144309745317498327988492133766790349325209540672841316531075369095028735050", "price": "0.759", "size": "200", "side": "SELL", "hash": "9fa361e76b59500af900a9a38c4a51edcc82cccf", "best_bid": "0.056", "best_ask": "0.066"}], "timestamp": "1769384067618", "event_type": "price_change"}}
{"_local_timestamp": "2026-01-25T23:34:28.523584+00:00", "data": {"market": "0xbfe2252feb42b566915b9ad599ded119a0dcefd318734a8a691fe2add291edc6", "price_changes": [{"asset_id": "28031168267272318411821639097601043629445982703591607398815071893809982883679", "price": "0.29", "size": "289.65", "side": "BUY", "hash": "5ed337f77660063f8601b6132af630a816c7bd51", "best_bid": "0.934", "best_ask": "0.944"}, {"asset_id": "12144309745317498327988492133766790349325209540672841316531075369095028735050", "price": "0.71", "size": "289.65", "side": "SELL", "hash": "cc968bae025209993de3303039fb72289c840cb2", "best_bid": "0.056", "best_ask": "0.066"}], "timestamp": "1769384068151", "event_type": "price_change"}}
{"_local_timestamp": "2026-01-25T23:34:28.687743+00:00", "data": {"market": "0xbfe2252feb42b566915b9ad599ded119a0dcefd318734a8a691fe2add291edc6", "price_changes": [{"asset_id": "28031168267272318411821639097601043629445982703591607398815071893809982883679", "price": "0.191", "size": "250", "side": "BUY", "hash": "c3945b89895495ba0055f5dc45da12b0f9162005", "best_bid": "0.934", "best_ask": "0.944"}, {"asset_id": "12144309745317498327988492133766790349325209540672841316531075369095028735050", "price": "0.809", "size": "250", "side": "SELL", "hash": "ffb3d5c2c9dbb39808312cabc63f7ffb8d64c229", "best_bid": "0.056", "best_ask": "0.066"}], "timestamp": "1769384068227", "event_type": "price_change"}}
{"_local_timestamp": "2026-01-25T23:34:43.604000+00:00", "data": {"market": "0xbfe2252feb42b566915b9ad599ded119a0dcefd318734a8a691fe2add291edc6", "price_changes": [{"asset_id": "28031168267272318411821639097601043629445982703591607398815071893809982883679", "price": "0.241", "size": "100", "side": "BUY", "hash": "f2a2cf3abda68de11f3e0b19128aecc21883701b", "best_bid": "0.934", "best_ask": "0.944"}, {"asset_id": "12144309745317498327988492133766790349325209540672841316531075369095028735050", "price": "0.759", "size": "100", "side": "SELL", "hash": "2f7ca07b934706d3a6330dc4519e6be0d182d8c0", "best_bid": "0.056", "best_ask": "0.066"}], "timestamp": "1769384083535", "event_type": "price_change"}}
{"_local_timestamp": "2026-01-25T23:34:43.888048+00:00", "data": {"market": "0xbfe2252feb42b566915b9ad599ded119a0dcefd318734a8a691fe2add291edc6", "price_changes": [{"asset_id": "28031168267272318411821639097601043629445982703591607398815071893809982883679", "price": "0.242", "size": "100", "side": "BUY", "hash": "6d991d8daf8280831a3369110a35254562b1947f", "best_bid": "0.934", "best_ask": "0.944"}, {"asset_id": "12144309745317498327988492133766790349325209540672841316531075369095028735050", "price": "0.758", "size": "100", "side": "SELL", "hash": "ca84b74ad682c50887eaf59f18ae072891219530", "best_bid": "0.056", "best_ask": "0.066"}], "timestamp": "1769384083802", "event_type": "price_change"}}
{"_local_timestamp": "2026-01-25T23:35:23.872609+00:00", "data": {"market": "0xbfe2252feb42b566915b9ad599ded119a0dcefd318734a8a691fe2add291edc6", "price_changes": [{"asset_id": "28031168267272318411821639097601043629445982703591607398815071893809982883679", "price": "0.19", "size": "168.42", "side": "BUY", "hash": "57ef7c394a232ccbff1dedfdca4fb0886552fc09", "best_bid": "0.934", "best_ask": "0.944"}, {"asset_id": "12144309745317498327988492133766790349325209540672841316531075369095028735050", "price": "0.81", "size": "168.42", "side": "SELL", "hash": "e8a2cefb490afdb37c5526f2e34ae7d289771b99", "best_bid": "0.056", "best_ask": "0.066"}], "timestamp": "1769384123668", "event_type": "price_change"}}
{"_local_timestamp": "2026-01-25T23:35:23.873546+00:00", "data": {"market": "0xbfe2252feb42b566915b9ad599ded119a0dcefd318734a8a691fe2add291edc6", "price_changes": [{"asset_id": "28031168267272318411821639097601043629445982703591607398815071893809982883679", "price": "0.242", "size": "0", "side": "BUY", "hash": "57ef7c394a232ccbff1dedfdca4fb0886552fc09", "best_bid": "0.934", "best_ask": "0.944"}, {"asset_id": "12144309745317498327988492133766790349325209540672841316531075369095028735050", "price": "0.758", "size": "0", "side": "SELL", "hash": "e8a2cefb490afdb37c5526f2e34ae7d289771b99", "best_bid": "0.056", "best_ask": "0.066"}], "timestamp": "1769384123668", "event_type": "price_change"}}
{"_local_timestamp": "2026-01-25T23:35:24.406361+00:00", "data": {"market": "0xbfe2252feb42b566915b9ad599ded119a0dcefd318734a8a691fe2add291edc6", "price_changes": [{"asset_id": "28031168267272318411821639097601043629445982703591607398815071893809982883679", "price": "0.24", "size": "216.66", "side": "BUY", "hash": "fca6b5c1e6f2680ec1347f0df2c0185e632c584f", "best_bid": "0.934", "best_ask": "0.944"}, {"asset_id": "12144309745317498327988492133766790349325209540672841316531075369095028735050", "price": "0.76", "size": "216.66", "side": "SELL", "hash": "9a0badc05dae59c85fab48bafde19725addbedff", "best_bid": "0.056", "best_ask": "0.066"}], "timestamp": "1769384123987", "event_type": "price_change"}}
{"_local_timestamp": "2026-01-25T23:35:24.410628+00:00", "data": {"market": "0xbfe2252feb42b566915b9ad599ded119a0dcefd318734a8a691fe2add291edc6", "price_changes": [{"asset_id": "28031168267272318411821639097601043629445982703591607398815071893809982883679", "price": "0.191", "size": "400", "side": "BUY", "hash": "1119e8b32e38d6b7e930f0a9df8274161cdc924a", "best_bid": "0.934", "best_ask": "0.944"}, {"asset_id": "12144309745317498327988492133766790349325209540672841316531075369095028735050", "price": "0.809", "size": "400", "side": "SELL", "hash": "b3425b120f7fcbeb5c23741af1659514fc6d2fd2", "best_bid": "0.056", "best_ask": "0.066"}], "timestamp": "1769384124064", "event_type": "price_change"}}
{"_local_timestamp": "2026-01-25T23:35:26.772695+00:00", "data": {"market": "0xbfe2252feb42b566915b9ad599ded119a0dcefd318734a8a691fe2add291edc6", "price_changes": [{"asset_id": "28031168267272318411821639097601043629445982703591607398815071893809982883679", "price": "0.191", "size": "300", "side": "BUY", "hash": "7841883c7d143c1bc569de234b0ae5bddd76d09b", "best_bid": "0.934", "best_ask": "0.944"}, {"asset_id": "12144309745317498327988492133766790349325209540672841316531075369095028735050", "price": "0.809", "size": "300", "side": "SELL", "hash": "bb9f148b0f32bb274c2add392ae51835672b4d5a", "best_bid": "0.056", "best_ask": "0.066"}], "timestamp": "1769384126551", "event_type": "price_change"}}
{"_local_timestamp": "2026-01-25T23:35:26.815270+00:00", "data": {"market": "0xbfe2252feb42b566915b9ad599ded119a0dcefd318734a8a691fe2add291edc6", "price_changes": [{"asset_id": "28031168267272318411821639097601043629445982703591607398815071893809982883679", "price": "0.241", "size": "50", "side": "BUY", "hash": "d4ff0a52d2c1f4c9224fb9fcdb5d9fc612d91afc", "best_bid": "0.934", "best_ask": "0.944"}, {"asset_id": "12144309745317498327988492133766790349325209540672841316531075369095028735050", "price": "0.759", "size": "50", "side": "SELL", "hash": "78fcbee32da81ff499b5b9aba3e280654325f385", "best_bid": "0.056", "best_ask": "0.066"}], "timestamp": "1769384126561", "event_type": "price_change"}}
{"_local_timestamp": "2026-01-25T23:35:27.189023+00:00", "data": {"market": "0xbfe2252feb42b566915b9ad599ded119a0dcefd318734a8a691fe2add291edc6", "price_changes": [{"asset_id": "28031168267272318411821639097601043629445982703591607398815071893809982883679", "price": "0.19", "size": "268.42", "side": "BUY", "hash": "1dedf295d31b779da11fbc67bafde4eda5edf199", "best_bid": "0.934", "best_ask": "0.944"}, {"asset_id": "12144309745317498327988492133766790349325209540672841316531075369095028735050", "price": "0.81", "size": "268.42", "side": "SELL", "hash": "6696e1cec3e2bcfa9e236764ebee357a168f38f9", "best_bid": "0.056", "best_ask": "0.066"}], "timestamp": "1769384126873", "event_type": "price_change"}}
{"_local_timestamp": "2026-01-25T23:35:27.390298+00:00", "data": {"market": "0xbfe2252feb42b566915b9ad599ded119a0dcefd318734a8a691fe2add291edc6", "price_changes": [{"asset_id": "28031168267272318411821639097601043629445982703591607398815071893809982883679", "price": "0.242", "size": "50", "side": "BUY", "hash": "16e65e66a780d091ee1d2bdf2c4fff64db3e0a14", "best_bid": "0.934", "best_ask": "0.944"}, {"asset_id": "12144309745317498327988492133766790349325209540672841316531075369095028735050", "price": "0.758", "size": "50", "side": "SELL", "hash": "4f68529d61eacae981a70a667fe41f316c81bd8e", "best_bid": "0.056", "best_ask": "0.066"}], "timestamp": "1769384126915", "event_type": "price_change"}}
{"_local_timestamp": "2026-01-25T23:35:29.254715+00:00", "data": {"market": "0xbfe2252feb42b566915b9ad599ded119a0dcefd318734a8a691fe2add291edc6", "price_changes": [{"asset_id": "28031168267272318411821639097601043629445982703591607398815071893809982883679", "price": "0.291", "size": "1442", "side": "BUY", "hash": "8611e456d388e6fa7fc20ceb3c6a9d99babe7d12", "best_bid": "0.934", "best_ask": "0.944"}, {"asset_id": "12144309745317498327988492133766790349325209540672841316531075369095028735050", "price": "0.709", "size": "1442", "side": "SELL", "hash": "1ec12d16f3bcb88610a487f61c4d7d729b09105c", "best_bid": "0.056", "best_ask": "0.066"}], "timestamp": "1769384129031", "event_type": "price_change"}}
{"_local_timestamp": "2026-01-25T23:35:56.449615+00:00", "data": {"market": "0xbfe2252feb42b566915b9ad599ded119a0dcefd318734a8a691fe2add291edc6", "price_changes": [{"asset_id": "28031168267272318411821639097601043629445982703591607398815071893809982883679", "price": "0.241", "size": "0", "side": "BUY", "hash": "81f7d33a4b680aa9015d7760394ebecbe77a195a", "best_bid": "0.934", "best_ask": "0.944"}, {"asset_id": "12144309745317498327988492133766790349325209540672841316531075369095028735050", "price": "0.759", "size": "0", "side": "SELL", "hash": "101f2a21a22a4f7968c5269486313b551619070e", "best_bid": "0.056", "best_ask": "0.066"}], "timestamp": "1769384156294", "event_type": "price_change"}}
{"_local_timestamp": "2026-01-25T23:35:56.886847+00:00", "data": {"market": "0xbfe2252feb42b566915b9ad599ded119a0dcefd318734a8a691fe2add291edc6", "price_changes": [{"asset_id": "28031168267272318411821639097601043629445982703591607398815071893809982883679", "price": "0.242", "size": "100", "side": "BUY", "hash": "2f14259a810eefc1c8081041cf9e915611101b5e", "best_bid": "0.934", "best_ask": "0.944"}, {"asset_id": "12144309745317498327988492133766790349325209540672841316531075369095028735050", "price": "0.758", "size": "100", "side": "SELL", "hash": "4548a25495664199db48c84aa4bab529f30a8b9e", "best_bid": "0.056", "best_ask": "0.066"}], "timestamp": "1769384156747", "event_type": "price_change"}}
{"_local_timestamp": "2026-01-25T23:35:58.497230+00:00", "data": {"market": "0xbfe2252feb42b566915b9ad599ded119a0dcefd318734a8a691fe2add291edc6", "price_changes": [{"asset_id": "12144309745317498327988492133766790349325209540672841316531075369095028735050", "price": "0.023", "size": "305.39", "side": "BUY", "hash": "277fafa60d0f1158366c046a0231950ef0f33bc5", "best_bid": "0.056", "best_ask": "0.066"}, {"asset_id": "28031168267272318411821639097601043629445982703591607398815071893809982883679", "price": "0.977", "size": "305.39", "side": "SELL", "hash": "e08abb8b6e6fdeb098b508d7f3277a3f8bafd222", "best_bid": "0.934", "best_ask": "0.944"}], "timestamp": "1769384158435", "event_type": "price_change"}}
{"_local_timestamp": "2026-01-25T23:35:58.505237+00:00", "data": {"market": "0xbfe2252feb42b566915b9ad599ded119a0dcefd318734a8a691fe2add291edc6", "price_changes": [{"asset_id": "12144309745317498327988492133766790349325209540672841316531075369095028735050", "price": "0.011", "size": "455", "side": "BUY", "hash": "277fafa60d0f1158366c046a0231950ef0f33bc5", "best_bid": "0.056", "best_ask": "0.066"}, {"asset_id": "28031168267272318411821639097601043629445982703591607398815071893809982883679", "price": "0.989", "size": "455", "side": "SELL", "hash": "e08abb8b6e6fdeb098b508d7f3277a3f8bafd222", "best_bid": "0.934", "best_ask": "0.944"}], "timestamp": "1769384158435", "event_type": "price_change"}}
{"_local_timestamp": "2026-01-25T23:35:58.505616+00:00", "data": {"market": "0xbfe2252feb42b566915b9ad599ded119a0dcefd318734a8a691fe2add291edc6", "price_changes": [{"asset_id": "12144309745317498327988492133766790349325209540672841316531075369095028735050", "price": "0.001", "size": "6564.99", "side": "BUY", "hash": "277fafa60d0f1158366c046a0231950ef0f33bc5", "best_bid": "0.056", "best_ask": "0.066"}, {"asset_id": "28031168267272318411821639097601043629445982703591607398815071893809982883679", "price": "0.999", "size": "6564.99", "side": "SELL", "hash": "e08abb8b6e6fdeb098b508d7f3277a3f8bafd222", "best_bid": "0.934", "best_ask": "0.944"}], "timestamp": "1769384158435", "event_type": "price_change"}}
{"_local_timestamp": "2026-01-25T23:35:58.549586+00:00", "data": {"market": "0xbfe2252feb42b566915b9ad599ded119a0dcefd318734a8a691fe2add291edc6", "price_changes": [{"asset_id": "12144309745317498327988492133766790349325209540672841316531075369095028735050", "price": "0.011", "size": "546", "side": "BUY", "hash": "0efddd52b4d4e8079dc4929e9d009cbc3579c896", "best_bid": "0.056", "best_ask": "0.066"}, {"asset_id": "28031168267272318411821639097601043629445982703591607398815071893809982883679", "price": "0.989", "size": "546", "side": "SELL", "hash": "3f470033745ce27ec45ed0ed55d0f630ab81091f", "best_bid": "0.934", "best_ask": "0.944"}], "timestamp": "1769384158485", "event_type": "price_change"}}
{"_local_timestamp": "2026-01-25T23:35:58.554511+00:00", "data": {"market": "0xbfe2252feb42b566915b9ad599ded119a0dcefd318734a8a691fe2add291edc6", "price_changes": [{"asset_id": "12144309745317498327988492133766790349325209540672841316531075369095028735050", "price": "0.023", "size": "435.39", "side": "BUY", "hash": "c2bb6cb23bb510701a1f7166a264003bead889d0", "best_bid": "0.056", "best_ask": "0.066"}, {"asset_id": "28031168267272318411821639097601043629445982703591607398815071893809982883679", "price": "0.977", "size": "435.39", "side": "SELL", "hash": "e300be9855ac2814135a9389a10031f849d92268", "best_bid": "0.934", "best_ask": "0.944"}], "timestamp": "1769384158486", "event_type": "price_change"}}
{"_local_timestamp": "2026-01-25T23:35:58.554905+00:00", "data": {"market": "0xbfe2252feb42b566915b9ad599ded119a0dcefd318734a8a691fe2add291edc6", "price_changes": [{"asset_id": "12144309745317498327988492133766790349325209540672841316531075369095028735050", "price": "0.001", "size": "8564.99", "side": "BUY", "hash": "40a6a05072ea8fa8e781543969819a0da9607f72", "best_bid": "0.056", "best_ask": "0.066"}, {"asset_id": "28031168267272318411821639097601043629445982703591607398815071893809982883679", "price": "0.999", "size": "8564.99", "side": "SELL", "hash": "abd57ad0114393c9feebab9b977b6adc883a223f", "best_bid": "0.934", "best_ask": "0.944"}], "timestamp": "1769384158487", "event_type": "price_change"}}
{"_local_timestamp": "2026-01-25T23:36:02.434947+00:00", "data": {"market": "0xbfe2252feb42b566915b9ad599ded119a0dcefd318734a8a691fe2add291edc6", "price_changes": [{"asset_id": "28031168267272318411821639097601043629445982703591607398815071893809982883679", "price": "0.29", "size": "239.65", "side": "BUY", "hash": "3c3c8e228a000cc6201eeba060f3c60b567a21c3", "best_bid": "0.934", "best_ask": "0.944"}, {"asset_id": "12144309745317498327988492133766790349325209540672841316531075369095028735050", "price": "0.71", "size": "239.65", "side": "SELL", "hash": "95fbf2eb2b5526d756f6da849b664fa731ab4e97", "best_bid": "0.056", "best_ask": "0.066"}], "timestamp": "1769384162319", "event_type": "price_change"}}
{"_local_timestamp": "2026-01-25T23:36:02.435403+00:00", "data": {"market": "0xbfe2252feb42b566915b9ad599ded119a0dcefd318734a8a691fe2add291edc6", "price_changes": [{"asset_id": "28031168267272318411821639097601043629445982703591607398815071893809982883679", "price": "0.191", "size": "150", "side": "BUY", "hash": "3c3c8e228a000cc6201eeba060f3c60b567a21c3", "best_bid": "0.934", "best_ask": "0.944"}, {"asset_id": "12144309745317498327988492133766790349325209540672841316531075369095028735050", "price": "0.809", "size": "150", "side": "SELL", "hash": "95fbf2eb2b5526d756f6da849b664fa731ab4e97", "best_bid": "0.056", "best_ask": "0.066"}], "timestamp": "1769384162319", "event_type": "price_change"}}
{"_local_timestamp": "2026-01-25T23:36:02.686806+00:00", "data": {"market": "0xbfe2252feb42b566915b9ad599ded119a0dcefd318734a8a691fe2add291edc6", "price_changes": [{"asset_id": "28031168267272318411821639097601043629445982703591607398815071893809982883679", "price": "0.291", "size": "1492", "side": "BUY", "hash": "7178f65090c16208b9d246c1710a174d512b8b58", "best_bid": "0.934", "best_ask": "0.944"}, {"asset_id": "12144309745317498327988492133766790349325209540672841316531075369095028735050", "price": "0.709", "size": "1492", "side": "SELL", "hash": "3a905a789fd6122296354ac71683c3ceac251b14", "best_bid": "0.056", "best_ask": "0.066"}], "timestamp": "1769384162559", "event_type": "price_change"}}
{"_local_timestamp": "2026-01-25T23:36:02.689878+00:00", "data": {"market": "0xbfe2252feb42b566915b9ad599ded119a0dcefd318734a8a691fe2add291edc6", "price_changes": [{"asset_id": "28031168267272318411821639097601043629445982703591607398815071893809982883679", "price": "0.19", "size": "418.42", "side": "BUY", "hash": "b5ea5f746b4682b9e39a089c7b3d1fced71220a4", "best_bid": "0.934", "best_ask": "0.944"}, {"asset_id": "12144309745317498327988492133766790349325209540672841316531075369095028735050", "price": "0.81", "size": "418.42", "side": "SELL", "hash": "19ca6607eb3be83bbcdce6de407c0c3c969fac4b", "best_bid": "0.056", "best_ask": "0.066"}], "timestamp": "1769384162590", "event_type": "price_change"}}
{"_local_timestamp": "2026-01-25T23:36:07.069117+00:00", "data": {"market": "0xbfe2252feb42b566915b9ad599ded119a0dcefd318734a8a691fe2add291edc6", "price_changes": [{"asset_id": "12144309745317498327988492133766790349325209540672841316531075369095028735050", "price": "0.011", "size": "91", "side": "BUY", "hash": "166898023c93c5d5331f577ea8a749c2a62f547f", "best_bid": "0.056", "best_ask": "0.066"}, {"asset_id": "28031168267272318411821639097601043629445982703591607398815071893809982883679", "price": "0.989", "size": "91", "side": "SELL", "hash": "cd8ff781907348c66fd186e67901b96a5945e959", "best_bid": "0.934", "best_ask": "0.944"}], "timestamp": "1769384167000", "event_type": "price_change"}}
{"_local_timestamp": "2026-01-25T23:36:07.079817+00:00", "data": {"market": "0xbfe2252feb42b566915b9ad599ded119a0dcefd318734a8a691fe2add291edc6", "price_changes": [{"asset_id": "12144309745317498327988492133766790349325209540672841316531075369095028735050", "price": "0.001", "size": "6564.99", "side": "BUY", "hash": "05cfb84f43e6b888598b4580d759d031fc462140", "best_bid": "0.056", "best_ask": "0.066"}, {"asset_id": "28031168267272318411821639097601043629445982703591607398815071893809982883679", "price": "0.999", "size": "6564.99", "side": "SELL", "hash": "d2c8d37434dbc5fd7e01095f7f371dd72e84ae39", "best_bid": "0.934", "best_ask": "0.944"}], "timestamp": "1769384167001", "event_type": "price_change"}}
{"_local_timestamp": "2026-01-25T23:36:07.080274+00:00", "data": {"market": "0xbfe2252feb42b566915b9ad599ded119a0dcefd318734a8a691fe2add291edc6", "price_changes": [{"asset_id": "12144309745317498327988492133766790349325209540672841316531075369095028735050", "price": "0.023", "size": "347.39", "side": "BUY", "hash": "05cfb84f43e6b888598b4580d759d031fc462140", "best_bid": "0.056", "best_ask": "0.066"}, {"asset_id": "28031168267272318411821639097601043629445982703591607398815071893809982883679", "price": "0.977", "size": "347.39", "side": "SELL", "hash": "d2c8d37434dbc5fd7e01095f7f371dd72e84ae39", "best_bid": "0.934", "best_ask": "0.944"}], "timestamp": "1769384167001", "event_type": "price_change"}}
{"_local_timestamp": "2026-01-25T23:36:20.382500+00:00", "data": {"market": "0xbfe2252feb42b566915b9ad599ded119a0dcefd318734a8a691fe2add291edc6", "price_changes": [{"asset_id": "12144309745317498327988492133766790349325209540672841316531075369095028735050", "price": "0.023", "size": "435.39", "side": "BUY", "hash": "c40bbed8b618ed18b519ff58849229ed82c9de0a", "best_bid": "0.056", "best_ask": "0.066"}, {"asset_id": "28031168267272318411821639097601043629445982703591607398815071893809982883679", "price": "0.977", "size": "435.39", "side": "SELL", "hash": "c684a25febcd9c8b5697ee69f56952b6b7405999", "best_bid": "0.934", "best_ask": "0.944"}], "timestamp": "1769384180312", "event_type": "price_change"}}
{"_local_timestamp": "2026-01-25T23:36:20.383012+00:00", "data": {"market": "0xbfe2252feb42b566915b9ad599ded119a0dcefd318734a8a691fe2add291edc6", "price_changes": [{"asset_id": "12144309745317498327988492133766790349325209540672841316531075369095028735050", "price": "0.001", "size": "8564.99", "side": "BUY", "hash": "27ff80867f5f9fe679a4d282aae76c734fa9b3ec", "best_bid": "0.056", "best_ask": "0.066"}, {"asset_id": "28031168267272318411821639097601043629445982703591607398815071893809982883679", "price": "0.999", "size": "8564.99", "side": "SELL", "hash": "995e834e9c18caefccb5c2f1a55304a3b9d6ee71", "best_bid": "0.934", "best_ask": "0.944"}], "timestamp": "1769384180313", "event_type": "price_change"}}
{"_local_timestamp": "2026-01-25T23:36:20.383311+00:00", "data": {"market": "0xbfe2252feb42b566915b9ad599ded119a0dcefd318734a8a691fe2add291edc6", "price_changes": [{"asset_id": "12144309745317498327988492133766790349325209540672841316531075369095028735050", "price": "0.011", "size": "546", "side": "BUY", "hash": "952b65ebea1084c74a7f88b33262cb68a82dfc22", "best_bid": "0.056", "best_ask": "0.066"}, {"asset_id": "28031168267272318411821639097601043629445982703591607398815071893809982883679", "price": "0.989", "size": "546", "side": "SELL", "hash": "d9b8dd9924c9b691fc69d4fa4f97da335ac3acdf", "best_bid": "0.934", "best_ask": "0.944"}], "timestamp": "1769384180313", "event_type": "price_change"}}
