{"_local_timestamp": "2026-01-25T23:40:38.405640+00:00", "data": [{"market": "0x82612bedb300adea234498cdb4754c3bd66d8f128ee51c760d4b3d7417ac11a5", "asset_id": "63369941481876265079669200084080935839244983653494876131040874623657755022508", "timestamp": "1769384437725", "hash": "2eff47bcc9faf6617abee87d500680e9e6876071", "bids": [{"price": "0.01", "size": "7933.47"}, {"price": "0.02", "size": "1014.08"}, {"price": "0.03", "size": "666"}, {"price": "0.04", "size": "2907.48"}, {"price": "0.05", "size": "260.32"}, {"price": "0.07", "size": "1385.71"}, {"price": "0.09", "size": "355.55"}, {"price": "0.1", "size": "3567.66"}, {"price": "0.11", "size": "254.54"}, {"price": "0.12", "size": "4050"}, {"price": "0.13", "size": "450"}, {"price": "0.14", "size": "14"}, {"price": "0.15", "size": "255"}, {"price": "0.18", "size": "261.11"}, {"price": "0.19", "size": "50"}, {"price": "0.21", "size": "100"}, {"price": "0.22", "size": "41.85"}, {"price": "0.23", "size": "26"}, {"price": "0.27", "size": "48.14"}, {"price": "0.29", "size": "37.93"}, {"price": "0.33", "size": "200"}, {"price": "0.35", "size": "800"}, {"price": "0.36", "size": "107.52"}, {"price": "0.37", "size": "100.01"}, {"price": "0.38", "size": "2424.38"}, {"price": "0.39", "size": "629.03"}, {"price": "0.4", "size": "420.42"}, {"price": "0.41", "size": "15.31"}], "asks": [{"price": "0.99", "size": "20514.92"}, {"price": "0.98", "size": "11800"}, {"price": "0.97", "size": "1666"}, {"price": "0.96", "size": "3505.94"}, {"price": "0.95", "size": "1500"}, {"price": "0.94", "size": "600"}, {"price": "0.92", "size": "1125"}, {"price": "0.91", "size": "377.77"}, {"price": "0.9", "size": "6.12"}, {"price": "0.88", "size": "1066.66"}, {"price": "0.86", "size": "200"}, {"price": "0.85", "size": "300"}, {"price": "0.83", "size": "1152.94"}, {"price": "0.82", "size": "2832"}, {"price": "0.8", "size": "495"}, {"price": "0.77", "size": "286.95"}, {"price": "0.73", "size": "7"}, {"price": "0.7", "size": "57.72"}, {"price": "0.67", "size": "500"}, {"price": "0.63", "size": "76.38"}, {"price": "0.62", "size": "17.75"}, {"price": "0.61", "size": "34.6"}, {"price": "0.6", "size": "509.43"}, {"price": "0.59", "size": "606.76"}, {"price": "0.58", "size": "105.77"}, {"price": "0.57", "size": "104.91"}, {"price": "0.56", "size": "104.18"}, {"price": "0.55", "size": "113.57"}, {"price": "0.54", "size": "103.08"}, {"price": "0.53", "size": "134.3"}, {"price": "0.52", "size": "602.45"}, {"price": "0.51", "size": "102.3"}, {"price": "0.5", "size": "1142.26"}, {"price": "0.49", "size": "1302.33"}, {"price": "0.48", "size": "332.5"}, {"price": "0.47", "size": "609.2"}, {"price": "0.46", "size": "325.87"}, {"price": "0.45", "size": "530.06"}, {"price": "0.44", "size": "314.29"}, {"price": "0.43", "size": "125.65"}], "event_type": "book", "last_trade_price": "0.420"}, {"market": "0x82612bedb300adea234498cdb4754c3bd66d8f128ee51c760d4b3d7417ac11a5", "asset_id": "48190644041867646231629134333999240865705940265073652713281296697869023790191", "timestamp": "1769384437725", "hash": "24985f109b92485406c84cb8ee3f9ddaaeaca485", "bids": [{"price": "0.01", "size": "20514.92"}, {"price": "0.02", "size": "11800"}, {"price": "0.03", "size": "1666"}, {"price": "0.04", "size": "3505.94"}, {"price": "0.05", "size": "1500"}, {"price": "0.06", "size": "600"}, {"price": "0.08", "size": "1125"}, {"price": "0.09", "size": "377.77"}, {"price": "0.1", "size": "6.12"}, {"price": "0.12", "size": "1066.66"}, {"price": "0.14", "size": "200"}, {"price": "0.15", "size": "300"}, {"price": "0.17", "size": "1152.94"}, {"price": "0.18", "size": "2832"}, {"price": "0.2", "size": "495"}, {"price": "0.23", "size": "286.95"}, {"price": "0.27", "size": "7"}, {"price": "0.3", "size": "57.72"}, {"price": "0.33", "size": "500"}, {"price": "0.37", "size": "76.38"}, {"price": "0.38", "size": "17.75"}, {"price": "0.39", "size": "34.6"}, {"price": "0.4", "size": "509.43"}, {"price": "0.41", "size": "606.76"}, {"price": "0.42", "size": "105.77"}, {"price": "0.43", "size": "104.91"}, {"price": "0.44", "size": "104.18"}, {"price": "0.45", "size": "113.57"}, {"price": "0.46", "size": "103.08"}, {"price": "0.47", "size": "134.3"}, {"price": "0.48", "size": "602.45"}, {"price": "0.49", "size": "102.3"}, {"price": "0.5", "size": "1142.26"}, {"price": "0.51", "size": "1302.33"}, {"price": "0.52", "size": "332.5"}, {"price": "0.53", "size": "609.2"}, {"price": "0.54", "size": "325.87"}, {"price": "0.55", "size": "530.06"}, {"price": "0.56", "size": "314.29"}, {"price": "0.57", "size": "125.65"}], "asks": [{"price": "0.99", "size": "7933.47"}, {"price": "0.98", "size": "1014.08"}, {"price": "0.97", "size": "666"}, {"price": "0.96", "size": "2907.48"}, {"price": "0.95", "size": "260.32"}, {"price": "0.93", "size": "1385.71"}, {"price": "0.91", "size": "355.55"}, {"price": "0.9", "size": "3567.66"}, {"price": "0.89", "size": "254.54"}, {"price": "0.88", "size": "4050"}, {"price": "0.87", "size": "450"}, {"price": "0.86", "size": "14"}, {"price": "0.85", "size": "255"}, {"price": "0.82", "size": "261.11"}, {"price": "0.81", "size": "50"}, {"price": "0.79", "size": "100"}, {"price": "0.78", "size": "41.85"}, {"price": "0.77", "size": "26"}, {"price": "0.73", "size": "48.14"}, {"price": "0.71", "size": "37.93"}, {"price": "0.67", "size": "200"}, {"price": "0.65", "size": "800"}, {"price": "0.64", "size": "107.52"}, {"price": "0.63", "size": "100.01"}, {"price": "0.62", "size": "2424.38"}, {"price": "0.61", "size": "629.03"}, {"price": "0.6", "size": "420.42"}, {"price": "0.59", "size": "15.31"}], "event_type": "book", "last_trade_price": "0.420"}]}
{"_local_timestamp": "2026-01-25T23:42:17.218743+00:00", "data": {"market": "0x82612bedb300adea234498cdb4754c3bd66d8f128ee51c760d4b3d7417ac11a5", "price_changes": [{"asset_id": "48190644041867646231629134333999240865705940265073652713281296697869023790191", "price": "0.5", "size": "842.26", "side": "BUY", "hash": "dbb21c4d459b5de37882e933854afa0c06fe7e62", "best_bid": "0.57", "best_ask": "0.59"}, {"asset_id": "63369941481876265079669200084080935839244983653494876131040874623657755022508", "price": "0.5", "size": "842.26", "side": "SELL", "hash": "8ee209d5979e3a6a79fd9ef0adb3026163cd87f4", "best_bid": "0.41", "best_ask": "0.43"}], "timestamp": "1769384537121", "event_type": "price_change"}}
{"_local_timestamp": "2026-01-25T23:42:17.241940+00:00", "data": {"market": "0x82612bedb300adea234498cdb4754c3bd66d8f128ee51c760d4b3d7417ac11a5", "price_changes": [{"asset_id": "48190644041867646231629134333999240865705940265073652713281296697869023790191", "price": "0.5", "size": "1092.26", "side": "BUY", "hash": "1f7518a2e8af3e8c7cdefa96c700cbde2d7d801b", "best_bid": "0.57", "best_ask": "0.59"}, {"asset_id": "63369941481876265079669200084080935839244983653494876131040874623657755022508", "price": "0.5", "size": "1092.26", "side": "SELL", "hash": "aa83ecc8b265df442469dcc285b0828f85c00c5d", "best_bid": "0.41", "best_ask": "0.43"}], "timestamp": "1769384537149", "event_type": "price_change"}}
{"_local_timestamp": "2026-01-25T23:42:29.755110+00:00", "data": {"market": "0x82612bedb300adea234498cdb4754c3bd66d8f128ee51c760d4b3d7417ac11a5", "price_changes": [{"asset_id": "48190644041867646231629134333999240865705940265073652713281296697869023790191", "price": "0.5", "size": "842.26", "side": "BUY", "hash": "80fd825ec63629bd429b06c264728347f1874e26", "best_bid": "0.57", "best_ask": "0.59"}, {"asset_id": "63369941481876265079669200084080935839244983653494876131040874623657755022508", "price": "0.5", "size": "842.26", "side": "SELL", "hash": "387bb2831db28563c38eaf1905bd0e38bc0cda33", "best_bid": "0.41", "best_ask": "0.43"}], "timestamp": "1769384549614", "event_type": "price_change"}}
{"_local_timestamp": "2026-01-25T23:42:29.786216+00:00", "data": {"market": "0x82612bedb300adea234498cdb4754c3bd66d8f128ee51c760d4b3d7417ac11a5", "price_changes": [{"asset_id": "48190644041867646231629134333999240865705940265073652713281296697869023790191", "price": "0.5", "size": "1142.26", "side": "BUY", "hash": "492818c4baf82481b315a1960b143f531d0edd75", "best_bid": "0.57", "best_ask": "0.59"}, {"asset_id": "63369941481876265079669200084080935839244983653494876131040874623657755022508", "price": "0.5", "size": "1142.26", "side": "SELL", "hash": "9fa0e931e9eab93c229aecf5dca38b7ad086c478", "best_bid": "0.41", "best_ask": "0.43"}], "timestamp": "1769384549645", "event_type": "price_change"}}
{"_local_timestamp": "2026-01-25T23:42:37.272645+00:00", "data": {"market": "0x82612bedb300adea234498cdb4754c3bd66d8f128ee51c760d4b3d7417ac11a5", "price_changes": [{"asset_id": "48190644041867646231629134333999240865705940265073652713281296697869023790191", "price": "0.56", "size": "414.29", "side": "BUY", "hash": "c86dd796679569b9e52966fc93cb2506b1f05140", "best_bid": "0.57", "best_ask": "0.59"}, {"asset_id": "63369941481876265079669200084080935839244983653494876131040874623657755022508", "price": "0.44", "size": "414.29", "side": "SELL", "hash": "80c0af2721382571c9d4aa1c2b863136c4f3b9f5", "best_bid": "0.41", "best_ask": "0.43"}], "timestamp": "1769384557144", "event_type": "price_change"}}
{"_local_timestamp": "2026-01-25T23:42:48.425937+00:00", "data": {"market": "0x82612bedb300adea234498cdb4754c3bd66d8f128ee51c760d4b3d7417ac11a5", "price_changes": [{"asset_id": "48190644041867646231629134333999240865705940265073652713281296697869023790191", "price": "0.54", "size": "456.87", "side": "BUY", "hash": "7a617f61fc3deda4d67888870a12b6a9596826c4", "best_bid": "0.57", "best_ask": "0.59"}, {"asset_id": "63369941481876265079669200084080935839244983653494876131040874623657755022508", "price": "0.46", "size": "456.87", "side": "SELL", "hash": "5e0eff229d2113d7ea1c72e91dab437e5dd8f0e4", "best_bid": "0.41", "best_ask": "0.43"}], "timestamp": "1769384568241", "event_type": "price_change"}}
{"_local_timestamp": "2026-01-25T23:42:56.108320+00:00", "data": {"market": "0x82612bedb300adea234498cdb4754c3bd66d8f128ee51c760d4b3d7417ac11a5", "price_changes": [{"asset_id": "48190644041867646231629134333999240865705940265073652713281296697869023790191", "price": "0.56", "size": "314.29", "side": "BUY", "hash": "67ae1dd5c4261dcc25edca29d335628202b4b5f8", "best_bid": "0.57", "best_ask": "0.59"}, {"asset_id": "63369941481876265079669200084080935839244983653494876131040874623657755022508", "price": "0.44", "size": "314.29", "side": "SELL", "hash": "ad7722448e53d36dab54e8031901146408c5ba51", "best_bid": "0.41", "best_ask": "0.43"}], "timestamp": "1769384575966", "event_type": "price_change"}}
{"_local_timestamp": "2026-01-25T23:42:58.915678+00:00", "data": {"market": "0x82612bedb300adea234498cdb4754c3bd66d8f128ee51c760d4b3d7417ac11a5", "price_changes": [{"asset_id": "48190644041867646231629134333999240865705940265073652713281296697869023790191", "price": "0.54", "size": "325.87", "side": "BUY", "hash": "53b6d75c7d230e2d24988378f56fcb395d823d8f", "best_bid": "0.57", "best_ask": "0.59"}, {"asset_id": "63369941481876265079669200084080935839244983653494876131040874623657755022508", "price": "0.46", "size": "325.87", "side": "SELL", "hash": "1d9f451cf7c88cce5822f579acee4dcea1f25472", "best_bid": "0.41", "best_ask": "0.43"}], "timestamp": "1769384578797", "event_type": "price_change"}}
{"_local_timestamp": "2026-01-25T23:44:57.045109+00:00", "data": {"market": "0x82612bedb300adea234498cdb4754c3bd66d8f128ee51c760d4b3d7417ac11a5", "price_changes": [{"asset_id": "48190644041867646231629134333999240865705940265073652713281296697869023790191", "price": "0.55", "size": "430.06", "side": "BUY", "hash": "3f89b7d53ed481cd3b6784d9bceaf30dd94383f8", "best_bid": "0.57", "best_ask": "0.59"}, {"asset_id": "63369941481876265079669200084080935839244983653494876131040874623657755022508", "price": "0.45", "size": "430.06", "side": "SELL", "hash": "0ce98140de57e7db05378edef6caa4140ff79801", "best_bid": "0.41", "best_ask": "0.43"}], "timestamp": "1769384696917", "event_type": "price_change"}}
{"_local_timestamp": "2026-01-25T23:44:57.054081+00:00", "data": {"market": "0x82612bedb300adea234498cdb4754c3bd66d8f128ee51c760d4b3d7417ac11a5", "price_changes": [{"asset_id": "63369941481876265079669200084080935839244983653494876131040874623657755022508", "price": "0.39", "size": "529.03", "side": "BUY", "hash": "6d679fe6c215d06894fdca7f981c9020fc999e5e", "best_bid": "0.41", "best_ask": "0.43"}, {"asset_id": "48190644041867646231629134333999240865705940265073652713281296697869023790191", "price": "0.61", "size": "529.03", "side": "SELL", "hash": "bd8ab9b6250f14626241fe5fe1eec5adcdb1824a", "best_bid": "0.57", "best_ask": "0.59"}], "timestamp": "1769384696923", "event_type": "price_change"}}
{"_local_timestamp": "2026-01-25T23:45:05.960333+00:00", "data": {"market": "0x82612bedb300adea234498cdb4754c3bd66d8f128ee51c760d4b3d7417ac11a5", "price_changes": [{"asset_id": "48190644041867646231629134333999240865705940265073652713281296697869023790191", "price": "0.56", "size": "414.29", "side": "BUY", "hash": "6b04db73b85efc4be7c3e994ae6131ff8c71eb5c", "best_bid": "0.57", "best_ask": "0.59"}, {"asset_id": "63369941481876265079669200084080935839244983653494876131040874623657755022508", "price": "0.44", "size": "414.29", "side": "SELL", "hash": "226ee25b4af73404d7e49da9e694de1f590be64a", "best_bid": "0.41", "best_ask": "0.43"}], "timestamp": "1769384705892", "event_type": "price_change"}}
{"_local_timestamp": "2026-01-25T23:45:12.617764+00:00", "data": {"market": "0x82612bedb300adea234498cdb4754c3bd66d8f128ee51c760d4b3d7417ac11a5", "price_changes": [{"asset_id": "48190644041867646231629134333999240865705940265073652713281296697869023790191", "price": "0.55", "size": "530.06", "side": "BUY", "hash": "bff3658108cba999a82f4e1ac3ecf91c59e3d206", "best_bid": "0.57", "best_ask": "0.59"}, {"asset_id": "63369941481876265079669200084080935839244983653494876131040874623657755022508", "price": "0.45", "size": "530.06", "side": "SELL", "hash": "aa9d85687b8c2f4c887f8fed6be28fb94958483c", "best_bid": "0.41", "best_ask": "0.43"}], "timestamp": "1769384712510", "event_type": "price_change"}}
{"_local_timestamp": "2026-01-25T23:45:16.167954+00:00", "data": {"market": "0x82612bedb300adea234498cdb4754c3bd66d8f128ee51c760d4b3d7417ac11a5", "price_changes": [{"asset_id": "63369941481876265079669200084080935839244983653494876131040874623657755022508", "price": "0.39", "size": "629.03", "side": "BUY", "hash": "0332d2da649077ff317f518cf4fc6021178ccff3", "best_bid": "0.41", "best_ask": "0.43"}, {"asset_id": "48190644041867646231629134333999240865705940265073652713281296697869023790191", "price": "0.61", "size": "629.03", "side": "SELL", "hash": "2e9f976622136ac770cb5789ddef1c509dce51f3", "best_bid": "0.57", "best_ask": "0.59"}], "timestamp": "1769384716088", "event_type": "price_change"}}
{"_local_timestamp": "2026-01-25T23:45:19.506627+00:00", "data": {"market": "0x82612bedb300adea234498cdb4754c3bd66d8f128ee51c760d4b3d7417ac11a5", "price_changes": [{"asset_id": "63369941481876265079669200084080935839244983653494876131040874623657755022508", "price": "0.38", "size": "2293.38", "side": "BUY", "hash": "6a3ede0cbefe051b19e374e3b2339f4ad979a54d", "best_bid": "0.41", "best_ask": "0.43"}, {"asset_id": "48190644041867646231629134333999240865705940265073652713281296697869023790191", "price": "0.62", "size": "2293.38", "side": "SELL", "hash": "61e6f1da1f021f41de47de4f5a031efc202ea87d", "best_bid": "0.57", "best_ask": "0.59"}], "timestamp": "1769384719436", "event_type": "price_change"}}
{"_local_timestamp": "2026-01-25T23:45:22.997810+00:00", "data": {"market": "0x82612bedb300adea234498cdb4754c3bd66d8f128ee51c760d4b3d7417ac11a5", "price_changes": [{"asset_id": "63369941481876265079669200084080935839244983653494876131040874623657755022508", "price": "0.38", "size": "2424.38", "side": "BUY", "hash": "e067402517b14282bcf6f8fd72c1279f9efd3e6c", "best_bid": "0.41", "best_ask": "0.43"}, {"asset_id": "48190644041867646231629134333999240865705940265073652713281296697869023790191", "price": "0.62", "size": "2424.38", "side": "SELL", "hash": "548ce1c40b4eda304588f792aca335a77bade597", "best_bid": "0.57", "best_ask": "0.59"}], "timestamp": "1769384722935", "event_type": "price_change"}}
{"_local_timestamp": "2026-01-25T23:45:23.002837+00:00", "data": {"market": "0x82612bedb300adea234498cdb4754c3bd66d8f128ee51c760d4b3d7417ac11a5", "price_changes": [{"asset_id": "48190644041867646231629134333999240865705940265073652713281296697869023790191", "price": "0.54", "size": "456.87", "side": "BUY", "hash": "8edb05fd63705e24fefdee0895c8808c4100a302", "best_bid": "0.57", "best_ask": "0.59"}, {"asset_id": "63369941481876265079669200084080935839244983653494876131040874623657755022508", "price": "0.46", "size": "456.87", "side": "SELL", "hash": "0bcd25f8b5349bc3b98361698388aa0127e43865", "best_bid": "0.41", "best_ask": "0.43"}], "timestamp": "1769384722936", "event_type": "price_change"}}
{"_local_timestamp": "2026-01-25T23:45:24.922663+00:00", "data": {"market": "0x82612bedb300adea234498cdb4754c3bd66d8f128ee51c760d4b3d7417ac11a5", "price_changes": [{"asset_id": "48190644041867646231629134333999240865705940265073652713281296697869023790191", "price": "0.56", "size": "314.29", "side": "BUY", "hash": "b861ef6bde7c0d2b56fa174a1f39eaece21bf0a7", "best_bid": "0.57", "best_ask": "0.59"}, {"asset_id": "63369941481876265079669200084080935839244983653494876131040874623657755022508", "price": "0.44", "size": "314.29", "side": "SELL", "hash": "d80a4ee2f48c4ed823198ff259595fd97b8dfda5", "best_bid": "0.41", "best_ask": "0.43"}], "timestamp": "1769384724838", "event_type": "price_change"}}
{"_local_timestamp": "2026-01-25T23:45:26.649610+00:00", "data": {"market": "0x82612bedb300adea234498cdb4754c3bd66d8f128ee51c760d4b3d7417ac11a5", "price_changes": [{"asset_id": "48190644041867646231629134333999240865705940265073652713281296697869023790191", "price": "0.54", "size": "325.87", "side": "BUY", "hash": "c0cf8c535ba3b062dbb4fee9c566275019404804", "best_bid": "0.57", "best_ask": "0.59"}, {"asset_id": "63369941481876265079669200084080935839244983653494876131040874623657755022508", "price": "0.46", "size": "325.87", "side": "SELL", "hash": "9046092361aef4d39b581d25882aed3d1d9ff7ca", "best_bid": "0.41", "best_ask": "0.43"}], "timestamp": "1769384726578", "event_type": "price_change"}}
{"_local_timestamp": "2026-01-25T23:46:41.376566+00:00", "data": {"market": "0x82612bedb300adea234498cdb4754c3bd66d8f128ee51c760d4b3d7417ac11a5", "price_changes": [{"asset_id": "48190644041867646231629134333999240865705940265073652713281296697869023790191", "price": "0.5", "size": "842.26", "side": "BUY", "hash": "62e055d7bb6695fee7bdd503f07238eb603f0fc8", "best_bid": "0.57", "best_ask": "0.59"}, {"asset_id": "63369941481876265079669200084080935839244983653494876131040874623657755022508", "price": "0.5", "size": "842.26", "side": "SELL", "hash": "06f2b20fccacb8908edbe11ec9daf590af87ad84", "best_bid": "0.41", "best_ask": "0.43"}], "timestamp": "1769384801296", "event_type": "price_change"}}
{"_local_timestamp": "2026-01-25T23:46:41.407039+00:00", "data": {"market": "0x82612bedb300adea234498cdb4754c3bd66d8f128ee51c760d4b3d7417ac11a5", "price_changes": [{"asset_id": "48190644041867646231629134333999240865705940265073652713281296697869023790191", "price": "0.5", "size": "1092.26", "side": "BUY", "hash": "d1e5ef55588d19a75841120345ab6b354c9cd57f", "best_bid": "0.57", "best_ask": "0.59"}, {"asset_id": "63369941481876265079669200084080935839244983653494876131040874623657755022508", "price": "0.5", "size": "1092.26", "side": "SELL", "hash": "fa3b4864d699a578aff77ee8235b8d7f718fdb43", "best_bid": "0.41", "best_ask": "0.43"}], "timestamp": "1769384801325", "event_type": "price_change"}}
{"_local_timestamp": "2026-01-25T23:46:49.655461+00:00", "data": {"market": "0x82612bedb300adea234498cdb4754c3bd66d8f128ee51c760d4b3d7417ac11a5", "price_changes": [{"asset_id": "48190644041867646231629134333999240865705940265073652713281296697869023790191", "price": "0.55", "size": "426.38", "side": "BUY", "hash": "fdd48cad141bcfcb17891c8163baadd03244ab7d", "best_bid": "0.57", "best_ask": "0.59"}, {"asset_id": "63369941481876265079669200084080935839244983653494876131040874623657755022508", "price": "0.45", "size": "426.38", "side": "SELL", "hash": "c5680a8c99bd3a0ecb46385627a9c1697258e39d", "best_bid": "0.41", "best_ask": "0.43"}], "timestamp": "1769384809570", "event_type": "price_change"}}
{"_local_timestamp": "2026-01-25T23:46:49.655904+00:00", "data": {"market": "0x82612bedb300adea234498cdb4754c3bd66d8f128ee51c760d4b3d7417ac11a5", "price_changes": [{"asset_id": "48190644041867646231629134333999240865705940265073652713281296697869023790191", "price": "0.49", "size": "0", "side": "BUY", "hash": "fdd48cad141bcfcb17891c8163baadd03244ab7d", "best_bid": "0.57", "best_ask": "0.59"}, {"asset_id": "63369941481876265079669200084080935839244983653494876131040874623657755022508", "price": "0.51", "size": "0", "side": "SELL", "hash": "c5680a8c99bd3a0ecb46385627a9c1697258e39d", "best_bid": "0.41", "best_ask": "0.43"}], "timestamp": "1769384809570", "event_type": "price_change"}}
{"_local_timestamp": "2026-01-25T23:46:49.656377+00:00", "data": {"market": "0x82612bedb300adea234498cdb4754c3bd66d8f128ee51c760d4b3d7417ac11a5", "price_changes": [{"asset_id": "48190644041867646231629134333999240865705940265073652713281296697869023790191", "price": "0.47", "size": "31.59", "side": "BUY", "hash": "fdd48cad141bcfcb17891c8163baadd03244ab7d", "best_bid": "0.57", "best_ask": "0.59"}, {"asset_id": "63369941481876265079669200084080935839244983653494876131040874623657755022508", "price": "0.53", "size": "31.59", "side": "SELL", "hash": "c5680a8c99bd3a0ecb46385627a9c1697258e39d", "best_bid": "0.41", "best_ask": "0.43"}], "timestamp": "1769384809570", "event_type": "price_change"}}
{"_local_timestamp": "2026-01-25T23:46:49.656789+00:00", "data": {"market": "0x82612bedb300adea234498cdb4754c3bd66d8f128ee51c760d4b3d7417ac11a5", "price_changes": [{"asset_id": "48190644041867646231629134333999240865705940265073652713281296697869023790191", "price": "0.44", "size": "0", "side": "BUY", "hash": "fdd48cad141bcfcb17891c8163baadd03244ab7d", "best_bid": "0.57", "best_ask": "0.59"}, {"asset_id": "63369941481876265079669200084080935839244983653494876131040874623657755022508", "price": "0.56", "size": "0", "side": "SELL", "hash": "c5680a8c99bd3a0ecb46385627a9c1697258e39d", "best_bid": "0.41", "best_ask": "0.43"}], "timestamp": "1769384809570", "event_type": "price_change"}}
{"_local_timestamp": "2026-01-25T23:46:49.657094+00:00", "data": {"market": "0x82612bedb300adea234498cdb4754c3bd66d8f128ee51c760d4b3d7417ac11a5", "price_changes": [{"asset_id": "48190644041867646231629134333999240865705940265073652713281296697869023790191", "price": "0.56", "size": "210", "side": "BUY", "hash": "fdd48cad141bcfcb17891c8163baadd03244ab7d", "best_bid": "0.57", "best_ask": "0.59"}, {"asset_id": "63369941481876265079669200084080935839244983653494876131040874623657755022508", "price": "0.44", "size": "210", "side": "SELL", "hash": "c5680a8c99bd3a0ecb46385627a9c1697258e39d", "best_bid": "0.41", "best_ask": "0.43"}], "timestamp": "1769384809570", "event_type": "price_change"}}
{"_local_timestamp": "2026-01-25T23:46:49.657451+00:00", "data": {"market": "0x82612bedb300adea234498cdb4754c3bd66d8f128ee51c760d4b3d7417ac11a5", "price_changes": [{"asset_id": "48190644041867646231629134333999240865705940265073652713281296697869023790191", "price": "0.53", "size": "505", "side": "BUY", "hash": "fdd48cad141bcfcb17891c8163baadd03244ab7d", "best_bid": "0.57", "best_ask": "0.59"}, {"asset_id": "63369941481876265079669200084080935839244983653494876131040874623657755022508", "price": "0.47", "size": "505", "side": "SELL", "hash": "c5680a8c99bd3a0ecb46385627a9c1697258e39d", "best_bid": "0.41", "best_ask": "0.43"}], "timestamp": "1769384809570", "event_type": "price_change"}}
{"_local_timestamp": "2026-01-25T23:46:49.657744+00:00", "data": {"market": "0x82612bedb300adea234498cdb4754c3bd66d8f128ee51c760d4b3d7417ac11a5", "price_changes": [{"asset_id": "48190644041867646231629134333999240865705940265073652713281296697869023790191", "price": "0.51", "size": "1200", "side": "BUY", "hash": "fdd48cad141bcfcb17891c8163baadd03244ab7d", "best_bid": "0.57", "best_ask": "0.59"}, {"asset_id": "63369941481876265079669200084080935839244983653494876131040874623657755022508", "price": "0.49", "size": "1200", "side": "SELL", "hash": "c5680a8c99bd3a0ecb46385627a9c1697258e39d", "best_bid": "0.41", "best_ask": "0.43"}], "timestamp": "1769384809570", "event_type": "price_change"}}
{"_local_timestamp": "2026-01-25T23:46:49.658038+00:00", "data": {"market": "0x82612bedb300adea234498cdb4754c3bd66d8f128ee51c760d4b3d7417ac11a5", "price_changes": [{"asset_id": "48190644041867646231629134333999240865705940265073652713281296697869023790191", "price": "0.57", "size": "37.95", "side": "BUY", "hash": "fdd48cad141bcfcb17891c8163baadd03244ab7d", "best_bid": "0.57", "best_ask": "0.59"}, {"asset_id": "63369941481876265079669200084080935839244983653494876131040874623657755022508", "price": "0.43", "size": "37.95", "side": "SELL", "hash": "c5680a8c99bd3a0ecb46385627a9c1697258e39d", "best_bid": "0.41", "best_ask": "0.43"}], "timestamp": "1769384809570", "event_type": "price_change"}}
{"_local_timestamp": "2026-01-25T23:46:49.658486+00:00", "data": {"market": "0x82612bedb300adea234498cdb4754c3bd66d8f128ee51c760d4b3d7417ac11a5", "price_changes": [{"asset_id": "48190644041867646231629134333999240865705940265073652713281296697869023790191", "price": "0.54", "size": "224.07", "side": "BUY", "hash": "fdd48cad141bcfcb17891c8163baadd03244ab7d", "best_bid": "0.57", "best_ask": "0.59"}, {"asset_id": "63369941481876265079669200084080935839244983653494876131040874623657755022508", "price": "0.46", "size": "224.07", "side": "SELL", "hash": "c5680a8c99bd3a0ecb46385627a9c1697258e39d", "best_bid": "0.41", "best_ask": "0.43"}], "timestamp": "1769384809570", "event_type": "price_change"}}
{"_local_timestamp": "2026-01-25T23:46:49.658789+00:00", "data": {"market": "0x82612bedb300adea234498cdb4754c3bd66d8f128ee51c760d4b3d7417ac11a5", "price_changes": [{"asset_id": "48190644041867646231629134333999240865705940265073652713281296697869023790191", "price": "0.52", "size": "230", "side": "BUY", "hash": "fdd48cad141bcfcb17891c8163baadd03244ab7d", "best_bid": "0.57", "best_ask": "0.59"}, {"asset_id": "63369941481876265079669200084080935839244983653494876131040874623657755022508", "price": "0.48", "size": "230", "side": "SELL", "hash": "c5680a8c99bd3a0ecb46385627a9c1697258e39d", "best_bid": "0.41", "best_ask": "0.43"}], "timestamp": "1769384809570", "event_type": "price_change"}}
{"_local_timestamp": "2026-01-25T23:46:49.659263+00:00", "data": {"market": "0x82612bedb300adea234498cdb4754c3bd66d8f128ee51c760d4b3d7417ac11a5", "price_changes": [{"asset_id": "48190644041867646231629134333999240865705940265073652713281296697869023790191", "price": "0.5", "size": "990", "side": "BUY", "hash": "fdd48cad141bcfcb17891c8163baadd03244ab7d", "best_bid": "0.57", "best_ask": "0.59"}, {"asset_id": "63369941481876265079669200084080935839244983653494876131040874623657755022508", "price": "0.5", "size": "990", "side": "SELL", "hash": "c5680a8c99bd3a0ecb46385627a9c1697258e39d", "best_bid": "0.41", "best_ask": "0.43"}], "timestamp": "1769384809570", "event_type": "price_change"}}
{"_local_timestamp": "2026-01-25T23:46:49.659627+00:00", "data": {"market": "0x82612bedb300adea234498cdb4754c3bd66d8f128ee51c760d4b3d7417ac11a5", "price_changes": [{"asset_id": "48190644041867646231629134333999240865705940265073652713281296697869023790191", "price": "0.43", "size": "0", "side": "BUY", "hash": "fdd48cad141bcfcb17891c8163baadd03244ab7d", "best_bid": "0.57", "best_ask": "0.59"}, {"asset_id": "63369941481876265079669200084080935839244983653494876131040874623657755022508", "price": "0.57", "size": "0", "side": "SELL", "hash": "c5680a8c99bd3a0ecb46385627a9c1697258e39d", "best_bid": "0.41", "best_ask": "0.43"}], "timestamp": "1769384809570", "event_type": "price_change"}}
{"_local_timestamp": "2026-01-25T23:46:49.660432+00:00", "data": {"market": "0x82612bedb300adea234498cdb4754c3bd66d8f128ee51c760d4b3d7417ac11a5", "price_changes": [{"asset_id": "48190644041867646231629134333999240865705940265073652713281296697869023790191", "price": "0.42", "size": "0", "side": "BUY", "hash": "fdd48cad141bcfcb17891c8163baadd03244ab7d", "best_bid": "0.57", "best_ask": "0.59"}, {"asset_id": "63369941481876265079669200084080935839244983653494876131040874623657755022508", "price": "0.58", "size": "0", "side": "SELL", "hash": "c5680a8c99bd3a0ecb46385627a9c1697258e39d", "best_bid": "0.41", "best_ask": "0.43"}], "timestamp": "1769384809570", "event_type": "price_change"}}
{"_local_timestamp": "2026-01-25T23:46:49.660791+00:00", "data": {"market": "0x82612bedb300adea234498cdb4754c3bd66d8f128ee51c760d4b3d7417ac11a5", "price_changes": [{"asset_id": "48190644041867646231629134333999240865705940265073652713281296697869023790191", "price": "0.41", "size": "500", "side": "BUY", "hash": "fdd48cad141bcfcb17891c8163baadd03244ab7d", "best_bid": "0.57", "best_ask": "0.59"}, {"asset_id": "63369941481876265079669200084080935839244983653494876131040874623657755022508", "price": "0.59", "size": "500", "side": "SELL", "hash": "c5680a8c99bd3a0ecb46385627a9c1697258e39d", "best_bid": "0.41", "best_ask": "0.43"}], "timestamp": "1769384809570", "event_type": "price_change"}}
{"_local_timestamp": "2026-01-25T23:46:49.661137+00:00", "data": {"market": "0x82612bedb300adea234498cdb4754c3bd66d8f128ee51c760d4b3d7417ac11a5", "price_changes": [{"asset_id": "48190644041867646231629134333999240865705940265073652713281296697869023790191", "price": "0.39", "size": "0", "side": "BUY", "hash": "fdd48cad141bcfcb17891c8163baadd03244ab7d", "best_bid": "0.57", "best_ask": "0.59"}, {"asset_id": "63369941481876265079669200084080935839244983653494876131040874623657755022508", "price": "0.61", "size": "0", "side": "SELL", "hash": "c5680a8c99bd3a0ecb46385627a9c1697258e39d", "best_bid": "0.41", "best_ask": "0.43"}], "timestamp": "1769384809570", "event_type": "price_change"}}
{"_local_timestamp": "2026-01-25T23:46:49.661480+00:00", "data": {"market": "0x82612bedb300adea234498cdb4754c3bd66d8f128ee51c760d4b3d7417ac11a5", "price_changes": [{"asset_id": "48190644041867646231629134333999240865705940265073652713281296697869023790191", "price": "0.4", "size": "441.95", "side": "BUY", "hash": "fdd48cad141bcfcb17891c8163baadd03244ab7d", "best_bid": "0.57", "best_ask": "0.59"}, {"asset_id": "63369941481876265079669200084080935839244983653494876131040874623657755022508", "price": "0.6", "size": "441.95", "side": "SELL", "hash": "c5680a8c99bd3a0ecb46385627a9c1697258e39d", "best_bid": "0.41", "best_ask": "0.43"}], "timestamp": "1769384809570", "event_type": "price_change"}}
{"_local_timestamp": "2026-01-25T23:46:49.661797+00:00", "data": {"market": "0x82612bedb300adea234498cdb4754c3bd66d8f128ee51c760d4b3d7417ac11a5", "price_changes": [{"asset_id": "48190644041867646231629134333999240865705940265073652713281296697869023790191", "price": "0.38", "size": "0", "side": "BUY", "hash": "fdd48cad141bcfcb17891c8163baadd03244ab7d", "best_bid": "0.57", "best_ask": "0.59"}, {"asset_id": "63369941481876265079669200084080935839244983653494876131040874623657755022508", "price": "0.62", "size": "0", "side": "SELL", "hash": "c5680a8c99bd3a0ecb46385627a9c1697258e39d", "best_bid": "0.41", "best_ask": "0.43"}], "timestamp": "1769384809570", "event_type": "price_change"}}
{"_local_timestamp": "2026-01-25T23:46:49.781784+00:00", "data": {"market": "0x82612bedb300adea234498cdb4754c3bd66d8f128ee51c760d4b3d7417ac11a5", "price_changes": [{"asset_id": "48190644041867646231629134333999240865705940265073652713281296697869023790191", "price": "0.45", "size": "10", "side": "BUY", "hash": "fdd48cad141bcfcb17891c8163baadd03244ab7d", "best_bid": "0.57", "best_ask": "0.59"}, {"asset_id": "63369941481876265079669200084080935839244983653494876131040874623657755022508", "price": "0.55", "size": "10", "side": "SELL", "hash": "c5680a8c99bd3a0ecb46385627a9c1697258e39d", "best_bid": "0.41", "best_ask": "0.43"}], "timestamp": "1769384809570", "event_type": "price_change"}}
{"_local_timestamp": "2026-01-25T23:46:49.782249+00:00", "data": {"market": "0x82612bedb300adea234498cdb4754c3bd66d8f128ee51c760d4b3d7417ac11a5", "price_changes": [{"asset_id": "48190644041867646231629134333999240865705940265073652713281296697869023790191", "price": "0.46", "size": "0", "side": "BUY", "hash": "fdd48cad141bcfcb17891c8163baadd03244ab7d", "best_bid": "0.57", "best_ask": "0.59"}, {"asset_id": "63369941481876265079669200084080935839244983653494876131040874623657755022508", "price": "0.54", "size": "0", "side": "SELL", "hash": "c5680a8c99bd3a0ecb46385627a9c1697258e39d", "best_bid": "0.41", "best_ask": "0.43"}], "timestamp": "1769384809570", "event_type": "price_change"}}
{"_local_timestamp": "2026-01-25T23:46:49.782672+00:00", "data": {"market": "0x82612bedb300adea234498cdb4754c3bd66d8f128ee51c760d4b3d7417ac11a5", "price_changes": [{"asset_id": "48190644041867646231629134333999240865705940265073652713281296697869023790191", "price": "0.48", "size": "500", "side": "BUY", "hash": "fdd48cad141bcfcb17891c8163baadd03244ab7d", "best_bid": "0.57", "best_ask": "0.59"}, {"asset_id": "63369941481876265079669200084080935839244983653494876131040874623657755022508", "price": "0.52", "size": "500", "side": "SELL", "hash": "c5680a8c99bd3a0ecb46385627a9c1697258e39d", "best_bid": "0.41", "best_ask": "0.43"}], "timestamp": "1769384809570", "event_type": "price_change"}}
{"_local_timestamp": "2026-01-25T23:46:54.779529+00:00", "data": {"market": "0x82612bedb300adea234498cdb4754c3bd66d8f128ee51c760d4b3d7417ac11a5", "price_changes": [{"asset_id": "48190644041867646231629134333999240865705940265073652713281296697869023790191", "price": "0.5", "size": "740", "side": "BUY", "hash": "e5293563f669d89617aad532998b92ce23de1487", "best_bid": "0.57", "best_ask": "0.59"}, {"asset_id": "63369941481876265079669200084080935839244983653494876131040874623657755022508", "price": "0.5", "size": "740", "side": "SELL", "hash": "620d2bb98dffb6b4fa38bf3739af88b681a4fb39", "best_bid": "0.41", "best_ask": "0.43"}], "timestamp": "1769384814715", "event_type": "price_change"}}
{"_local_timestamp": "2026-01-25T23:46:54.807126+00:00", "data": {"market": "0x82612bedb300adea234498cdb4754c3bd66d8f128ee51c760d4b3d7417ac11a5", "price_changes": [{"asset_id": "48190644041867646231629134333999240865705940265073652713281296697869023790191", "price": "0.5", "size": "1040", "side": "BUY", "hash": "638cef15c2d6f63ad10007191917838e0859bfc8", "best_bid": "0.57", "best_ask": "0.59"}, {"asset_id": "63369941481876265079669200084080935839244983653494876131040874623657755022508", "price": "0.5", "size": "1040", "side": "SELL", "hash": "1f68e670dabcf7a33dff4cd5e56ea3f6f4f8b09d", "best_bid": "0.41", "best_ask": "0.43"}], "timestamp": "1769384814741", "event_type": "price_change"}}
{"_local_timestamp": "2026-01-25T23:47:34.097529+00:00", "data": {"market": "0x82612bedb300adea234498cdb4754c3bd66d8f128ee51c760d4b3d7417ac11a5", "price_changes": [{"asset_id": "48190644041867646231629134333999240865705940265073652713281296697869023790191", "price": "0.56", "size": "310", "side": "BUY", "hash": "14ff690e608a51d0cc8a07b9ff28c735c2e2f5a1", "best_bid": "0.57", "best_ask": "0.59"}, {"asset_id": "63369941481876265079669200084080935839244983653494876131040874623657755022508", "price": "0.44", "size": "310", "side": "SELL", "hash": "985c572b2e3e777a12416c176611f2a04fbde998", "best_bid": "0.41", "best_ask": "0.43"}], "timestamp": "1769384854024", "event_type": "price_change"}}
{"_local_timestamp": "2026-01-25T23:47:53.065439+00:00", "data": {"market": "0x82612bedb300adea234498cdb4754c3bd66d8f128ee51c760d4b3d7417ac11a5", "price_changes": [{"asset_id": "48190644041867646231629134333999240865705940265073652713281296697869023790191", "price": "0.56", "size": "210", "side": "BUY", "hash": "9e840e69815f216ce84baee09bf5c38cb83743e7", "best_bid": "0.57", "best_ask": "0.59"}, {"asset_id": "63369941481876265079669200084080935839244983653494876131040874623657755022508", "price": "0.44", "size": "210", "side": "SELL", "hash": "58ef63c353d114cb425574294b827291eeca1d13", "best_bid": "0.41", "best_ask": "0.43"}], "timestamp": "1769384872972", "event_type": "price_change"}}
{"_local_timestamp": "2026-01-25T23:48:03.577138+00:00", "data": {"market": "0x82612bedb300adea234498cdb4754c3bd66d8f128ee51c760d4b3d7417ac11a5", "price_changes": [{"asset_id": "48190644041867646231629134333999240865705940265073652713281296697869023790191", "price": "0.57", "size": "127.88", "side": "BUY", "hash": "26ce9e59f4da3918893c30f4005c218176bc0609", "best_bid": "0.57", "best_ask": "0.59"}, {"asset_id": "63369941481876265079669200084080935839244983653494876131040874623657755022508", "price": "0.43", "size": "127.88", "side": "SELL", "hash": "ee3c3cc9c6694e5853c737ba146532eb50cf97bb", "best_bid": "0.41", "best_ask": "0.43"}], "timestamp": "1769384883505", "event_type": "price_change"}}
{"_local_timestamp": "2026-01-25T23:48:03.702644+00:00", "data": {"market": "0x82612bedb300adea234498cdb4754c3bd66d8f128ee51c760d4b3d7417ac11a5", "price_changes": [{"asset_id": "48190644041867646231629134333999240865705940265073652713281296697869023790191", "price": "0.56", "size": "313.81", "side": "BUY", "hash": "aef3137b7466fa12f90ee252a888be26d9e21fe0", "best_bid": "0.57", "best_ask": "0.59"}, {"asset_id": "63369941481876265079669200084080935839244983653494876131040874623657755022508", "price": "0.44", "size": "313.81", "side": "SELL", "hash": "0476f68ce2d319eb0207ddac906b11665eb2fe6c", "best_bid": "0.41", "best_ask": "0.43"}], "timestamp": "1769384883631", "event_type": "price_change"}}
{"_local_timestamp": "2026-01-25T23:48:03.849516+00:00", "data": {"market": "0x82612bedb300adea234498cdb4754c3bd66d8f128ee51c760d4b3d7417ac11a5", "price_changes": [{"asset_id": "48190644041867646231629134333999240865705940265073652713281296697869023790191", "price": "0.55", "size": "529.58", "side": "BUY", "hash": "583bc7e14a7b6d19007c588e7ae77930378b4501", "best_bid": "0.57", "best_ask": "0.59"}, {"asset_id": "63369941481876265079669200084080935839244983653494876131040874623657755022508", "price": "0.45", "size": "529.58", "side": "SELL", "hash": "ae6c5383aa1a902a462bc938eae6bb4e581c1ab9", "best_bid": "0.41", "best_ask": "0.43"}], "timestamp": "1769384883764", "event_type": "price_change"}}
{"_local_timestamp": "2026-01-25T23:48:03.965855+00:00", "data": {"market": "0x82612bedb300adea234498cdb4754c3bd66d8f128ee51c760d4b3d7417ac11a5", "price_changes": [{"asset_id": "48190644041867646231629134333999240865705940265073652713281296697869023790191", "price": "0.54", "size": "326.08", "side": "BUY", "hash": "0800739a88489cc6cf63ccbe51a519c6879ba34e", "best_bid": "0.57", "best_ask": "0.59"}, {"asset_id": "63369941481876265079669200084080935839244983653494876131040874623657755022508", "price": "0.46", "size": "326.08", "side": "SELL", "hash": "db3b5cfbb54190469746a5be6407fb7da6c1b4c5", "best_bid": "0.41", "best_ask": "0.43"}], "timestamp": "1769384883896", "event_type": "price_change"}}
{"_local_timestamp": "2026-01-25T23:48:04.090323+00:00", "data": {"market": "0x82612bedb300adea234498cdb4754c3bd66d8f128ee51c760d4b3d7417ac11a5", "price_changes": [{"asset_id": "48190644041867646231629134333999240865705940265073652713281296697869023790191", "price": "0.53", "size": "608.06", "side": "BUY", "hash": "ca62e920092e68049e1d79ca6cbd981d40eceec0", "best_bid": "0.57", "best_ask": "0.59"}, {"asset_id": "63369941481876265079669200084080935839244983653494876131040874623657755022508", "price": "0.47", "size": "608.06", "side": "SELL", "hash": "40fe39ca3ba865d349e31faae35e8ce1af3e9696", "best_bid": "0.41", "best_ask": "0.43"}], "timestamp": "1769384883999", "event_type": "price_change"}}
{"_local_timestamp": "2026-01-25T23:48:04.172160+00:00", "data": {"market": "0x82612bedb300adea234498cdb4754c3bd66d8f128ee51c760d4b3d7417ac11a5", "price_changes": [{"asset_id": "48190644041867646231629134333999240865705940265073652713281296697869023790191", "price": "0.52", "size": "332.06", "side": "BUY", "hash": "9a86bd38a96460d7b97be71605d9ad6ff050a8d1", "best_bid": "0.57", "best_ask": "0.59"}, {"asset_id": "63369941481876265079669200084080935839244983653494876131040874623657755022508", "price": "0.48", "size": "332.06", "side": "SELL", "hash": "6632926c718672082e436f6bd6d34e08979f0e9a", "best_bid": "0.41", "best_ask": "0.43"}], "timestamp": "1769384884110", "event_type": "price_change"}}
{"_local_timestamp": "2026-01-25T23:48:04.289297+00:00", "data": {"market": "0x82612bedb300adea234498cdb4754c3bd66d8f128ee51c760d4b3d7417ac11a5", "price_changes": [{"asset_id": "48190644041867646231629134333999240865705940265073652713281296697869023790191", "price": "0.51", "size": "1301.88", "side": "BUY", "hash": "a50986c667eb417fe31315e6cf9bab20c3e450cf", "best_bid": "0.57", "best_ask": "0.59"}, {"asset_id": "63369941481876265079669200084080935839244983653494876131040874623657755022508", "price": "0.49", "size": "1301.88", "side": "SELL", "hash": "a8c64d5d64d56e3f0a613e28c4f5ca10ea56d361", "best_bid": "0.41", "best_ask": "0.43"}], "timestamp": "1769384884222", "event_type": "price_change"}}
{"_local_timestamp": "2026-01-25T23:48:04.397475+00:00", "data": {"market": "0x82612bedb300adea234498cdb4754c3bd66d8f128ee51c760d4b3d7417ac11a5", "price_changes": [{"asset_id": "48190644041867646231629134333999240865705940265073652713281296697869023790191", "price": "0.5", "size": "1141.82", "side": "BUY", "hash": "a9575a60a8e2fa6bc363f12657a46b2287ddb63f", "best_bid": "0.57", "best_ask": "0.59"}, {"asset_id": "63369941481876265079669200084080935839244983653494876131040874623657755022508", "price": "0.5", "size": "1141.82", "side": "SELL", "hash": "380fb6c9ff0902fb739272f7e0d8f1429897812b", "best_bid": "0.41", "best_ask": "0.43"}], "timestamp": "1769384884326", "event_type": "price_change"}}
{"_local_timestamp": "2026-01-25T23:48:04.509483+00:00", "data": {"market": "0x82612bedb300adea234498cdb4754c3bd66d8f128ee51c760d4b3d7417ac11a5", "price_changes": [{"asset_id": "48190644041867646231629134333999240865705940265073652713281296697869023790191", "price": "0.49", "size": "101.86", "side": "BUY", "hash": "2c13be5c34866728d7580e4b3ebc34069b075447", "best_bid": "0.57", "best_ask": "0.59"}, {"asset_id": "63369941481876265079669200084080935839244983653494876131040874623657755022508", "price": "0.51", "size": "101.86", "side": "SELL", "hash": "3ca5f33eebb7a36d5cb5ced68cb0c9315a02def0", "best_bid": "0.41", "best_ask": "0.43"}], "timestamp": "1769384884437", "event_type": "price_change"}}
{"_local_timestamp": "2026-01-25T23:48:04.604722+00:00", "data": {"market": "0x82612bedb300adea234498cdb4754c3bd66d8f128ee51c760d4b3d7417ac11a5", "price_changes": [{"asset_id": "48190644041867646231629134333999240865705940265073652713281296697869023790191", "price": "0.48", "size": "602.01", "side": "BUY", "hash": "fd3f642946426ef2b748ec8b081c07d40b376f2f", "best_bid": "0.57", "best_ask": "0.59"}, {"asset_id": "63369941481876265079669200084080935839244983653494876131040874623657755022508", "price": "0.52", "size": "602.01", "side": "SELL", "hash": "65b8236b5750f645fde12d235251d8bc50f5280e", "best_bid": "0.41", "best_ask": "0.43"}], "timestamp": "1769384884544", "event_type": "price_change"}}
{"_local_timestamp": "2026-01-25T23:48:04.708754+00:00", "data": {"market": "0x82612bedb300adea234498cdb4754c3bd66d8f128ee51c760d4b3d7417ac11a5", "price_changes": [{"asset_id": "48190644041867646231629134333999240865705940265073652713281296697869023790191", "price": "0.47", "size": "133.86", "side": "BUY", "hash": "a318338051526ad465774f23dd6fe0babe7c6029", "best_bid": "0.57", "best_ask": "0.59"}, {"asset_id": "63369941481876265079669200084080935839244983653494876131040874623657755022508", "price": "0.53", "size": "133.86", "side": "SELL", "hash": "1032ae2738f1e7a9478f4580298214861b6a2d73", "best_bid": "0.41", "best_ask": "0.43"}], "timestamp": "1769384884647", "event_type": "price_change"}}
{"_local_timestamp": "2026-01-25T23:48:04.819033+00:00", "data": {"market": "0x82612bedb300adea234498cdb4754c3bd66d8f128ee51c760d4b3d7417ac11a5", "price_changes": [{"asset_id": "48190644041867646231629134333999240865705940265073652713281296697869023790191", "price": "0.46", "size": "102.64", "side": "BUY", "hash": "651215e3b62a07c2a43f24c6692e7cbce78b9fc4", "best_bid": "0.57", "best_ask": "0.59"}, {"asset_id": "63369941481876265079669200084080935839244983653494876131040874623657755022508", "price": "0.54", "size": "102.64", "side": "SELL", "hash": "e8f3ce37bf95d0c7afa62cdb0176bfd3d9d678a3", "best_bid": "0.41", "best_ask": "0.43"}], "timestamp": "1769384884753", "event_type": "price_change"}}
{"_local_timestamp": "2026-01-25T23:48:04.933117+00:00", "data": {"market": "0x82612bedb300adea234498cdb4754c3bd66d8f128ee51c760d4b3d7417ac11a5", "price_changes": [{"asset_id": "48190644041867646231629134333999240865705940265073652713281296697869023790191", "price": "0.45", "size": "113.13", "side": "BUY", "hash": "a1a0604aa08392f972ba4c4693a98aeaaf378509", "best_bid": "0.57", "best_ask": "0.59"}, {"asset_id": "63369941481876265079669200084080935839244983653494876131040874623657755022508", "price": "0.55", "size": "113.13", "side": "SELL", "hash": "5c516a300ff2ae5236665fd9411fe9d767cc86f9", "best_bid": "0.41", "best_ask": "0.43"}], "timestamp": "1769384884866", "event_type": "price_change"}}
{"_local_timestamp": "2026-01-25T23:48:05.045476+00:00", "data": {"market": "0x82612bedb300adea234498cdb4754c3bd66d8f128ee51c760d4b3d7417ac11a5", "price_changes": [{"asset_id": "48190644041867646231629134333999240865705940265073652713281296697869023790191", "price": "0.44", "size": "103.73", "side": "BUY", "hash": "691f632ff717212795d2fb51594d1f8da4cf3da7", "best_bid": "0.57", "best_ask": "0.59"}, {"asset_id": "63369941481876265079669200084080935839244983653494876131040874623657755022508", "price": "0.56", "size": "103.73", "side": "SELL", "hash": "ed29526d1eac8b368051221cc0bd0b61c09f90dd", "best_bid": "0.41", "best_ask": "0.43"}], "timestamp": "1769384884983", "event_type": "price_change"}}
{"_local_timestamp": "2026-01-25T23:48:05.154713+00:00", "data": {"market": "0x82612bedb300adea234498cdb4754c3bd66d8f128ee51c760d4b3d7417ac11a5", "price_changes": [{"asset_id": "48190644041867646231629134333999240865705940265073652713281296697869023790191", "price": "0.43", "size": "104.46", "side": "BUY", "hash": "12401853a3992b20c0a59c3150658cbb696e5883", "best_bid": "0.57", "best_ask": "0.59"}, {"asset_id": "63369941481876265079669200084080935839244983653494876131040874623657755022508", "price": "0.57", "size": "104.46", "side": "SELL", "hash": "6a9e2946abdcba3e31b5304e3bee5d21974463c0", "best_bid": "0.41", "best_ask": "0.43"}], "timestamp": "1769384885089", "event_type": "price_change"}}
{"_local_timestamp": "2026-01-25T23:48:05.278729+00:00", "data": {"market": "0x82612bedb300adea234498cdb4754c3bd66d8f128ee51c760d4b3d7417ac11a5", "price_changes": [{"asset_id": "48190644041867646231629134333999240865705940265073652713281296697869023790191", "price": "0.42", "size": "105.31", "side": "BUY", "hash": "97143b3c06e6f051a080986301954f4fccb1bd2f", "best_bid": "0.57", "best_ask": "0.59"}, {"asset_id": "63369941481876265079669200084080935839244983653494876131040874623657755022508", "price": "0.58", "size": "105.31", "side": "SELL", "hash": "7c4499644f45e221e035253d0df47678046011d0", "best_bid": "0.41", "best_ask": "0.43"}], "timestamp": "1769384885207", "event_type": "price_change"}}
{"_local_timestamp": "2026-01-25T23:48:05.399124+00:00", "data": {"market": "0x82612bedb300adea234498cdb4754c3bd66d8f128ee51c760d4b3d7417ac11a5", "price_changes": [{"asset_id": "48190644041867646231629134333999240865705940265073652713281296697869023790191", "price": "0.41", "size": "606.29", "side": "BUY", "hash": "d1e1575af6f41356513c49ee7c58ef3b356446f5", "best_bid": "0.57", "best_ask": "0.59"}, {"asset_id": "63369941481876265079669200084080935839244983653494876131040874623657755022508", "price": "0.59", "size": "606.29", "side": "SELL", "hash": "3de77701f32d6b2e72461c71684c168e33a20eb7", "best_bid": "0.41", "best_ask": "0.43"}], "timestamp": "1769384885327", "event_type": "price_change"}}
{"_local_timestamp": "2026-01-25T23:48:05.498810+00:00", "data": {"market": "0x82612bedb300adea234498cdb4754c3bd66d8f128ee51c760d4b3d7417ac11a5", "price_changes": [{"asset_id": "48190644041867646231629134333999240865705940265073652713281296697869023790191", "price": "0.4", "size": "512.21", "side": "BUY", "hash": "9b406682d765a4aaf8e56dec1f5d90781fd7d560", "best_bid": "0.57", "best_ask": "0.59"}, {"asset_id": "63369941481876265079669200084080935839244983653494876131040874623657755022508", "price": "0.6", "size": "512.21", "side": "SELL", "hash": "2c233aafc8cdc06e353b48bce17ae98fc3256767", "best_bid": "0.41", "best_ask": "0.43"}], "timestamp": "1769384885435", "event_type": "price_change"}}
{"_local_timestamp": "2026-01-25T23:48:05.618239+00:00", "data": {"market": "0x82612bedb300adea234498cdb4754c3bd66d8f128ee51c760d4b3d7417ac11a5", "price_changes": [{"asset_id": "48190644041867646231629134333999240865705940265073652713281296697869023790191", "price": "0.39", "size": "36.03", "side": "BUY", "hash": "e74610837e7486ea48e87cf311a3d95aebe49f9d", "best_bid": "0.57", "best_ask": "0.59"}, {"asset_id": "63369941481876265079669200084080935839244983653494876131040874623657755022508", "price": "0.61", "size": "36.03", "side": "SELL", "hash": "e4e79879c0f744023e14327825fc596d044a65f8", "best_bid": "0.41", "best_ask": "0.43"}], "timestamp": "1769384885540", "event_type": "price_change"}}
{"_local_timestamp": "2026-01-25T23:48:05.710663+00:00", "data": {"market": "0x82612bedb300adea234498cdb4754c3bd66d8f128ee51c760d4b3d7417ac11a5", "price_changes": [{"asset_id": "48190644041867646231629134333999240865705940265073652713281296697869023790191", "price": "0.38", "size": "18.49", "side": "BUY", "hash": "7814c65bfa6b95ee05e7e4d76bd5c57c5d8def97", "best_bid": "0.57", "best_ask": "0.59"}, {"asset_id": "63369941481876265079669200084080935839244983653494876131040874623657755022508", "price": "0.62", "size": "18.49", "side": "SELL", "hash": "732d0fda92c7d19a23045d578862065d4025f2f3", "best_bid": "0.41", "best_ask": "0.43"}], "timestamp": "1769384885647", "event_type": "price_change"}}
{"_local_timestamp": "2026-01-25T23:49:10.577347+00:00", "data": {"market": "0x82612bedb300adea234498cdb4754c3bd66d8f128ee51c760d4b3d7417ac11a5", "price_changes": [{"asset_id": "63369941481876265079669200084080935839244983653494876131040874623657755022508", "price": "0.1", "size": "562.66", "side": "BUY", "hash": "1055d21dbbf2621719d3692519ff1c807352c120", "best_bid": "0.41", "best_ask": "0.43"}, {"asset_id": "48190644041867646231629134333999240865705940265073652713281296697869023790191", "price": "0.9", "size": "562.66", "side": "SELL", "hash": "6e9ed261ee7eecef1b917947976a4215e0ef0695", "best_bid": "0.57", "best_ask": "0.59"}], "timestamp": "1769384950504", "event_type": "price_change"}}
{"_local_timestamp": "2026-01-25T23:49:10.766189+00:00", "data": {"market": "0x82612bedb300adea234498cdb4754c3bd66d8f128ee51c760d4b3d7417ac11a5", "price_changes": [{"asset_id": "63369941481876265079669200084080935839244983653494876131040874623657755022508", "price": "0.1", "size": "3573.66", "side": "BUY", "hash": "50caa62be15a602c44acedaa78c48d08bdaceefa", "best_bid": "0.41", "best_ask": "0.43"}, {"asset_id": "48190644041867646231629134333999240865705940265073652713281296697869023790191", "price": "0.9", "size": "3573.66", "side": "SELL", "hash": "66989611c75cef4166a3364311c5bafbe3e50315", "best_bid": "0.57", "best_ask": "0.59"}], "timestamp": "1769384950699", "event_type": "price_change"}}
{"_local_timestamp": "2026-01-25T23:50:02.471045+00:00", "data": {"market": "0x82612bedb300adea234498cdb4754c3bd66d8f128ee51c760d4b3d7417ac11a5", "price_changes": [{"asset_id": "48190644041867646231629134333999240865705940265073652713281296697869023790191", "price": "0.03", "size": "1000", "side": "BUY", "hash": "dcdf01c512233c2e889b407ccbf16e4059aff0c7", "best_bid": "0.57", "best_ask": "0.59"}, {"asset_id": "63369941481876265079669200084080935839244983653494876131040874623657755022508", "price": "0.97", "size": "1000", "side": "SELL", "hash": "7200c91063daff639a2a7ca9bb5382b0bd2f1c84", "best_bid": "0.41", "best_ask": "0.43"}], "timestamp": "1769385002275", "event_type": "price_change"}}
{"_local_timestamp": "2026-01-25T23:50:02.694057+00:00", "data": {"market": "0x82612bedb300adea234498cdb4754c3bd66d8f128ee51c760d4b3d7417ac11a5", "price_changes": [{"asset_id": "63369941481876265079669200084080935839244983653494876131040874623657755022508", "price": "0.03", "size": "0", "side": "BUY", "hash": "39ae4a0d718edccdc05f03f3988cddcfdcb98a64", "best_bid": "0.41", "best_ask": "0.43"}, {"asset_id": "48190644041867646231629134333999240865705940265073652713281296697869023790191", "price": "0.97", "size": "0", "side": "SELL", "hash": "8e3a75993729e7334ed25431e4b77f24344a30bf", "best_bid": "0.57", "best_ask": "0.59"}], "timestamp": "1769385002287", "event_type": "price_change"}}
{"_local_timestamp": "2026-01-25T23:50:03.320190+00:00", "data": {"market": "0x82612bedb300adea234498cdb4754c3bd66d8f128ee51c760d4b3d7417ac11a5", "price_changes": [{"asset_id": "48190644041867646231629134333999240865705940265073652713281296697869023790191", "price": "0.56", "size": "413.81", "side": "BUY", "hash": "6af026e14fb5a1f2e7d13795cdf0b16b370e04b8", "best_bid": "0.57", "best_ask": "0.59"}, {"asset_id": "63369941481876265079669200084080935839244983653494876131040874623657755022508", "price": "0.44", "size": "413.81", "side": "SELL", "hash": "999e17c6f391cb30d4c4f7de38f634fe91c1e5bb", "best_bid": "0.41", "best_ask": "0.43"}], "timestamp": "1769385003080", "event_type": "price_change"}}
{"_local_timestamp": "2026-01-25T23:50:06.506121+00:00", "data": {"market": "0x82612bedb300adea234498cdb4754c3bd66d8f128ee51c760d4b3d7417ac11a5", "price_changes": [{"asset_id": "48190644041867646231629134333999240865705940265073652713281296697869023790191", "price": "0.54", "size": "457.08", "side": "BUY", "hash": "bda6a4d239d0f6527551c640901b969e31e0f786", "best_bid": "0.57", "best_ask": "0.59"}, {"asset_id": "63369941481876265079669200084080935839244983653494876131040874623657755022508", "price": "0.46", "size": "457.08", "side": "SELL", "hash": "85e7cb28869d48326275350efb9c0de063b1b008", "best_bid": "0.41", "best_ask": "0.43"}], "timestamp": "1769385006356", "event_type": "price_change"}}
{"_local_timestamp": "2026-01-25T23:50:06.766470+00:00", "data": {"market": "0x82612bedb300adea234498cdb4754c3bd66d8f128ee51c760d4b3d7417ac11a5", "price_changes": [{"asset_id": "63369941481876265079669200084080935839244983653494876131040874623657755022508", "price": "0.03", "size": "10.73", "side": "BUY", "hash": "2d5360a13d95253d96445d207a1fdeb9da7e8faa", "best_bid": "0.41", "best_ask": "0.43"}, {"asset_id": "48190644041867646231629134333999240865705940265073652713281296697869023790191", "price": "0.97", "size": "10.73", "side": "SELL", "hash": "3db90131f939294d48a0bae3c1aacffec0221ab8", "best_bid": "0.57", "best_ask": "0.59"}], "timestamp": "1769385006677", "event_type": "price_change"}}
{"_local_timestamp": "2026-01-25T23:50:06.767035+00:00", "data": {"market": "0x82612bedb300adea234498cdb4754c3bd66d8f128ee51c760d4b3d7417ac11a5", "price_changes": [{"asset_id": "63369941481876265079669200084080935839244983653494876131040874623657755022508", "price": "0.01", "size": "7943.35", "side": "BUY", "hash": "4299a4e114a620a52b088ba50e04fbefc042b068", "best_bid": "0.41", "best_ask": "0.43"}, {"asset_id": "48190644041867646231629134333999240865705940265073652713281296697869023790191", "price": "0.99", "size": "7943.35", "side": "SELL", "hash": "7589fdcdf1611198e592752f51537554677e8130", "best_bid": "0.57", "best_ask": "0.59"}], "timestamp": "1769385006678", "event_type": "price_change"}}
{"_local_timestamp": "2026-01-25T23:50:22.002762+00:00", "data": {"market": "0x82612bedb300adea234498cdb4754c3bd66d8f128ee51c760d4b3d7417ac11a5", "price_changes": [{"asset_id": "48190644041867646231629134333999240865705940265073652713281296697869023790191", "price": "0.56", "size": "313.81", "side": "BUY", "hash": "5b4d67b1b0e1c12deb3a827b304d6bde12864fb7", "best_bid": "0.57", "best_ask": "0.59"}, {"asset_id": "63369941481876265079669200084080935839244983653494876131040874623657755022508", "price": "0.44", "size": "313.81", "side": "SELL", "hash": "5cff25eae2a23e9abb3249ec79424447a4e4bad8", "best_bid": "0.41", "best_ask": "0.43"}], "timestamp": "1769385021843", "event_type": "price_change"}}
{"_local_timestamp": "2026-01-25T23:50:24.210160+00:00", "data": {"market": "0x82612bedb300adea234498cdb4754c3bd66d8f128ee51c760d4b3d7417ac11a5", "price_changes": [{"asset_id": "48190644041867646231629134333999240865705940265073652713281296697869023790191", "price": "0.54", "size": "326.08", "side": "BUY", "hash": "dfc5f652d2e2e546a43125b5a22849e66f262ee9", "best_bid": "0.57", "best_ask": "0.59"}, {"asset_id": "63369941481876265079669200084080935839244983653494876131040874623657755022508", "price": "0.46", "size": "326.08", "side": "SELL", "hash": "532f6d2cf7167a41ad3444d910341f896003cd63", "best_bid": "0.41", "best_ask": "0.43"}], "timestamp": "1769385024066", "event_type": "price_change"}}
