{"_local_timestamp": "2026-01-25T23:34:17.123192+00:00", "data": [{"market": "0x78ea9642dd928315bd44e95a0f4e6b59fd3d62ea3e3deb743d0555dadb0b8f9a", "asset_id": "57766117073273962228210919062336859892244830926897399205099522330425302600917", "timestamp": "1769384056915", "hash": "b90deadc7c3767993044a203bb5e4a0485af905c", "bids": [{"price": "0.001", "size": "5220.07"}, {"price": "0.002", "size": "5.04"}, {"price": "0.003", "size": "1000"}, {"price": "0.004", "size": "20.44"}, {"price": "0.01", "size": "3841.3"}, {"price": "0.02", "size": "1800"}, {"price": "0.021", "size": "14.46"}, {"price": "0.05", "size": "100"}, {"price": "0.06", "size": "533"}, {"price": "0.1", "size": "360"}, {"price": "0.101", "size": "5.93"}, {"price": "0.15", "size": "226.66"}, {"price": "0.2", "size": "260"}, {"price": "0.232", "size": "5"}, {"price": "0.25", "size": "112"}, {"price": "0.27", "size": "50"}, {"price": "0.3", "size": "86.66"}, {"price": "0.34", "size": "50"}, {"price": "0.35", "size": "68.57"}, {"price": "0.351", "size": "5"}, {"price": "0.4", "size": "50"}, {"price": "0.82", "size": "20"}, {"price": "0.84", "size": "40"}, {"price": "0.85", "size": "20.77"}, {"price": "0.89", "size": "20"}, {"price": "0.9", "size": "83.55"}, {"price": "0.94", "size": "2713.59"}, {"price": "0.946", "size": "470"}, {"price": "0.95", "size": "200"}, {"price": "0.951", "size": "229.37"}, {"price": "0.953", "size": "30"}, {"price": "0.954", "size": "135"}, {"price": "0.955", "size": "30"}], "asks": [{"price": "0.999", "size": "31663.98"}, {"price": "0.998", "size": "8516.87"}, {"price": "0.997", "size": "3343.27"}, {"price": "0.996", "size": "3507.99"}, {"price": "0.995", "size": "10142.39"}, {"price": "0.994", "size": "56799"}, {"price": "0.993", "size": "509.74"}, {"price": "0.992", "size": "200"}, {"price": "0.991", "size": "207.5"}, {"price": "0.99", "size": "1181.52"}, {"price": "0.989", "size": "1841.61"}, {"price": "0.988", "size": "200"}, {"price": "0.987", "size": "5.32"}, {"price": "0.985", "size": "272"}, {"price": "0.984", "size": "6.09"}, {"price": "0.982", "size": "100"}, {"price": "0.981", "size": "6.17"}, {"price": "0.977", "size": "100"}, {"price": "0.976", "size": "6.29"}, {"price": "0.974", "size": "600"}, {"price": "0.973", "size": "100"}, {"price": "0.972", "size": "100"}, {"price": "0.971", "size": "470"}, {"price": "0.97", "size": "105.96"}, {"price": "0.968", "size": "1015.34"}, {"price": "0.967", "size": "267.67"}, {"price": "0.966", "size": "256.96"}, {"price": "0.965", "size": "10"}], "event_type": "book", "last_trade_price": "0.034"}, {"market": "0x78ea9642dd928315bd44e95a0f4e6b59fd3d62ea3e3deb743d0555dadb0b8f9a", "asset_id": "74056503185177077651676674290146084492357535649574987761120880465385176801270", "timestamp": "1769384056915", "hash": "5f67278b20cae97b0f9690318535642139f70d85", "bids": [{"price": "0.001", "size": "31663.98"}, {"price": "0.002", "size": "8516.87"}, {"price": "0.003", "size": "3343.27"}, {"price": "0.004", "size": "3507.99"}, {"price": "0.005", "size": "10142.39"}, {"price": "0.006", "size": "56799"}, {"price": "0.007", "size": "509.74"}, {"price": "0.008", "size": "200"}, {"price": "0.009", "size": "207.5"}, {"price": "0.01", "size": "1181.52"}, {"price": "0.011", "size": "1841.61"}, {"price": "0.012", "size": "200"}, {"price": "0.013", "size": "5.32"}, {"price": "0.015", "size": "272"}, {"price": "0.016", "size": "6.09"}, {"price": "0.018", "size": "100"}, {"price": "0.019", "size": "6.17"}, {"price": "0.023", "size": "100"}, {"price": "0.024", "size": "6.29"}, {"price": "0.026", "size": "600"}, {"price": "0.027", "size": "100"}, {"price": "0.028", "size": "100"}, {"price": "0.029", "size": "470"}, {"price": "0.03", "size": "105.96"}, {"price": "0.032", "size": "1015.34"}, {"price": "0.033", "size": "267.67"}, {"price": "0.034", "size": "256.96"}, {"price": "0.035", "size": "10"}], "asks": [{"price": "0.999", "size": "5220.07"}, {"price": "0.998", "size": "5.04"}, {"price": "0.997", "size": "1000"}, {"price": "0.996", "size": "20.44"}, {"price": "0.99", "size": "3841.3"}, {"price": "0.98", "size": "1800"}, {"price": "0.979", "size": "14.46"}, {"price": "0.95", "size": "100"}, {"price": "0.94", "size": "533"}, {"price": "0.9", "size": "360"}, {"price": "0.899", "size": "5.93"}, {"price": "0.85", "size": "226.66"}, {"price": "0.8", "size": "260"}, {"price": "0.768", "size": "5"}, {"price": "0.75", "size": "112"}, {"price": "0.73", "size": "50"}, {"price": "0.7", "size": "86.66"}, {"price": "0.66", "size": "50"}, {"price": "0.65", "size": "68.57"}, {"price": "0.649", "size": "5"}, {"price": "0.6", "size": "50"}, {"price": "0.18", "size": "20"}, {"price": "0.16", "size": "40"}, {"price": "0.15", "size": "20.77"}, {"price": "0.11", "size": "20"}, {"price": "0.1", "size": "83.55"}, {"price": "0.06", "size": "2713.59"}, {"price": "0.054", "size": "470"}, {"price": "0.05", "size": "200"}, {"price": "0.049", "size": "229.37"}, {"price": "0.047", "size": "30"}, {"price": "0.046", "size": "135"}, {"price": "0.045", "size": "30"}], "event_type": "book", "last_trade_price": "0.034"}]}
{"_local_timestamp": "2026-01-25T23:34:17.416981+00:00", "data": {"market": "0x78ea9642dd928315bd44e95a0f4e6b59fd3d62ea3e3deb743d0555dadb0b8f9a", "price_changes": [{"asset_id": "74056503185177077651676674290146084492357535649574987761120880465385176801270", "price": "0.029", "size": "250", "side": "BUY", "hash": "5fdfcab9ca53f9953ec8a5ca0be5c74ec5a3d995", "best_bid": "0.035", "best_ask": "0.045"}, {"asset_id": "57766117073273962228210919062336859892244830926897399205099522330425302600917", "price": "0.971", "size": "250", "side": "SELL", "hash": "ad845286888126a40ae6b05560992eae5c83c05c", "best_bid": "0.955", "best_ask": "0.965"}], "timestamp": "1769384057347", "event_type": "price_change"}}
{"_local_timestamp": "2026-01-25T23:34:17.418141+00:00", "data": {"market": "0x78ea9642dd928315bd44e95a0f4e6b59fd3d62ea3e3deb743d0555dadb0b8f9a", "price_changes": [{"asset_id": "57766117073273962228210919062336859892244830926897399205099522330425302600917", "price": "0.946", "size": "250", "side": "BUY", "hash": "58dc1c03b60bc0467038d7f2bc64cbd547068fc5", "best_bid": "0.955", "best_ask": "0.965"}, {"asset_id": "74056503185177077651676674290146084492357535649574987761120880465385176801270", "price": "0.054", "size": "250", "side": "SELL", "hash": "7da1921dfe0a05472ff97f88b6f7acd9abd579f3", "best_bid": "0.035", "best_ask": "0.045"}], "timestamp": "1769384057347", "event_type": "price_change"}}
{"_local_timestamp": "2026-01-25T23:34:17.965305+00:00", "data": {"market": "0x78ea9642dd928315bd44e95a0f4e6b59fd3d62ea3e3deb743d0555dadb0b8f9a", "price_changes": [{"asset_id": "74056503185177077651676674290146084492357535649574987761120880465385176801270", "price": "0.046", "size": "16", "side": "SELL", "hash": "44e0e87ed1c0cd12f5a24cd0558388e9fc87e2e6", "best_bid": "0.035", "best_ask": "0.045"}, {"asset_id": "57766117073273962228210919062336859892244830926897399205099522330425302600917", "price": "0.954", "size": "16", "side": "BUY", "hash": "aa799bb0bebae7dc4b778dbb5160553df6c2f78c", "best_bid": "0.955", "best_ask": "0.965"}], "timestamp": "1769384057893", "event_type": "price_change"}}
{"_local_timestamp": "2026-01-25T23:34:17.998052+00:00", "data": {"market": "0x78ea9642dd928315bd44e95a0f4e6b59fd3d62ea3e3deb743d0555dadb0b8f9a", "price_changes": [{"asset_id": "74056503185177077651676674290146084492357535649574987761120880465385176801270", "price": "0.045", "size": "142", "side": "SELL", "hash": "951ff4d5740c57fa7322d78e911a12666d9cda3b", "best_bid": "0.035", "best_ask": "0.045"}, {"asset_id": "57766117073273962228210919062336859892244830926897399205099522330425302600917", "price": "0.955", "size": "142", "side": "BUY", "hash": "79ee53e5df7b053a491d360b005063fd6d82732b", "best_bid": "0.955", "best_ask": "0.965"}], "timestamp": "1769384057918", "event_type": "price_change"}}
{"_local_timestamp": "2026-01-25T23:34:18.117252+00:00", "data": {"market": "0x78ea9642dd928315bd44e95a0f4e6b59fd3d62ea3e3deb743d0555dadb0b8f9a", "price_changes": [{"asset_id": "74056503185177077651676674290146084492357535649574987761120880465385176801270", "price": "0.049", "size": "31.73", "side": "SELL", "hash": "604a56f5ac64c0c42ed8a39b7e73e26bd5841571", "best_bid": "0.035", "best_ask": "0.045"}, {"asset_id": "57766117073273962228210919062336859892244830926897399205099522330425302600917", "price": "0.951", "size": "31.73", "side": "BUY", "hash": "7848d947a9dfd446e9d72b02822607aee2ebdb23", "best_bid": "0.955", "best_ask": "0.965"}], "timestamp": "1769384058047", "event_type": "price_change"}}
{"_local_timestamp": "2026-01-25T23:34:18.269699+00:00", "data": {"market": "0x78ea9642dd928315bd44e95a0f4e6b59fd3d62ea3e3deb743d0555dadb0b8f9a", "price_changes": [{"asset_id": "74056503185177077651676674290146084492357535649574987761120880465385176801270", "price": "0.047", "size": "0", "side": "SELL", "hash": "a55ac1b6df8f79b294232c50413dc7cd72d1d15c", "best_bid": "0.035", "best_ask": "0.045"}, {"asset_id": "57766117073273962228210919062336859892244830926897399205099522330425302600917", "price": "0.953", "size": "0", "side": "BUY", "hash": "4b6928545c366f6c312e7a06f0e04baffd2927af", "best_bid": "0.955", "best_ask": "0.965"}], "timestamp": "1769384058189", "event_type": "price_change"}}
{"_local_timestamp": "2026-01-25T23:34:18.312544+00:00", "data": {"market": "0x78ea9642dd928315bd44e95a0f4e6b59fd3d62ea3e3deb743d0555dadb0b8f9a", "price_changes": [{"asset_id": "74056503185177077651676674290146084492357535649574987761120880465385176801270", "price": "0.045", "size": "172", "side": "SELL", "hash": "af125c4b677583fc9afd1361fac9525167cf0076", "best_bid": "0.035", "best_ask": "0.045"}, {"asset_id": "57766117073273962228210919062336859892244830926897399205099522330425302600917", "price": "0.955", "size": "172", "side": "BUY", "hash": "4cd525c91d2daecfb6021d3b8ee2e1ec21b35f12", "best_bid": "0.955", "best_ask": "0.965"}], "timestamp": "1769384058245", "event_type": "price_change"}}
{"_local_timestamp": "2026-01-25T23:34:18.611689+00:00", "data": {"market": "0x78ea9642dd928315bd44e95a0f4e6b59fd3d62ea3e3deb743d0555dadb0b8f9a", "price_changes": [{"asset_id": "57766117073273962228210919062336859892244830926897399205099522330425302600917", "price": "0.954", "size": "0", "side": "BUY", "hash": "35391459b50e157679a5608569f0302a357fa7b9", "best_bid": "0.955", "best_ask": "0.965"}, {"asset_id": "74056503185177077651676674290146084492357535649574987761120880465385176801270", "price": "0.046", "size": "0", "side": "SELL", "hash": "ee1ab4dda40f48b2bc5be85cf092fbff4468e71f", "best_bid": "0.035", "best_ask": "0.045"}], "timestamp": "1769384058540", "event_type": "price_change"}}
{"_local_timestamp": "2026-01-25T23:34:18.746462+00:00", "data": {"market": "0x78ea9642dd928315bd44e95a0f4e6b59fd3d62ea3e3deb743d0555dadb0b8f9a", "price_changes": [{"asset_id": "57766117073273962228210919062336859892244830926897399205099522330425302600917", "price": "0.946", "size": "0", "side": "BUY", "hash": "fa99fb6d696c31f9941ca0408b2d0acc3e2426ee", "best_bid": "0.955", "best_ask": "0.965"}, {"asset_id": "74056503185177077651676674290146084492357535649574987761120880465385176801270", "price": "0.054", "size": "0", "side": "SELL", "hash": "c572951c0d19efa79bf83d34781ad3c7c572d385", "best_bid": "0.035", "best_ask": "0.045"}], "timestamp": "1769384058670", "event_type": "price_change"}}
{"_local_timestamp": "2026-01-25T23:34:18.746951+00:00", "data": {"market": "0x78ea9642dd928315bd44e95a0f4e6b59fd3d62ea3e3deb743d0555dadb0b8f9a", "price_changes": [{"asset_id": "74056503185177077651676674290146084492357535649574987761120880465385176801270", "price": "0.029", "size": "0", "side": "BUY", "hash": "27f666d15295fc09b88cd5ff793c6708a9059dec", "best_bid": "0.035", "best_ask": "0.045"}, {"asset_id": "57766117073273962228210919062336859892244830926897399205099522330425302600917", "price": "0.971", "size": "0", "side": "SELL", "hash": "5b44d676f684d7066b7e20bfd16db342b4098397", "best_bid": "0.955", "best_ask": "0.965"}], "timestamp": "1769384058671", "event_type": "price_change"}}
{"_local_timestamp": "2026-01-25T23:34:18.925231+00:00", "data": {"market": "0x78ea9642dd928315bd44e95a0f4e6b59fd3d62ea3e3deb743d0555dadb0b8f9a", "price_changes": [{"asset_id": "74056503185177077651676674290146084492357535649574987761120880465385176801270", "price": "0.044", "size": "201.97", "side": "SELL", "hash": "89160ebb304304518cd5996e0660b5f57c1e584e", "best_bid": "0.035", "best_ask": "0.044"}, {"asset_id": "57766117073273962228210919062336859892244830926897399205099522330425302600917", "price": "0.956", "size": "201.97", "side": "BUY", "hash": "3bbb691b252b5685261307a7154f6a80a7b4f7f0", "best_bid": "0.956", "best_ask": "0.965"}], "timestamp": "1769384058856", "event_type": "price_change"}}
{"_local_timestamp": "2026-01-25T23:34:18.975670+00:00", "data": {"market": "0x78ea9642dd928315bd44e95a0f4e6b59fd3d62ea3e3deb743d0555dadb0b8f9a", "price_changes": [{"asset_id": "57766117073273962228210919062336859892244830926897399205099522330425302600917", "price": "0.943", "size": "200", "side": "BUY", "hash": "ade1f4f4d39157719e0290ea90c8700925b52db0", "best_bid": "0.956", "best_ask": "0.965"}, {"asset_id": "74056503185177077651676674290146084492357535649574987761120880465385176801270", "price": "0.057", "size": "200", "side": "SELL", "hash": "e0612bf13e1bca612a92c9c06ae49c9085f01b5c", "best_bid": "0.035", "best_ask": "0.044"}], "timestamp": "1769384058912", "event_type": "price_change"}}
{"_local_timestamp": "2026-01-25T23:34:18.976542+00:00", "data": {"market": "0x78ea9642dd928315bd44e95a0f4e6b59fd3d62ea3e3deb743d0555dadb0b8f9a", "price_changes": [{"asset_id": "74056503185177077651676674290146084492357535649574987761120880465385176801270", "price": "0.029", "size": "200", "side": "BUY", "hash": "560f7548a5364f71875e12334222490cd998c4b7", "best_bid": "0.035", "best_ask": "0.044"}, {"asset_id": "57766117073273962228210919062336859892244830926897399205099522330425302600917", "price": "0.971", "size": "200", "side": "SELL", "hash": "97413af2b6c8ee03080d9733e560facfaf5f1d2b", "best_bid": "0.956", "best_ask": "0.965"}], "timestamp": "1769384058913", "event_type": "price_change"}}
{"_local_timestamp": "2026-01-25T23:34:19.471537+00:00", "data": {"market": "0x78ea9642dd928315bd44e95a0f4e6b59fd3d62ea3e3deb743d0555dadb0b8f9a", "price_changes": [{"asset_id": "74056503185177077651676674290146084492357535649574987761120880465385176801270", "price": "0.045", "size": "60", "side": "SELL", "hash": "bfec2de611a744025a33f1e2c64c11ec0b8a4918", "best_bid": "0.035", "best_ask": "0.044"}, {"asset_id": "57766117073273962228210919062336859892244830926897399205099522330425302600917", "price": "0.955", "size": "60", "side": "BUY", "hash": "2de57b0162ae4e33fcf96651c9d0a77fe7c78a7f", "best_bid": "0.956", "best_ask": "0.965"}], "timestamp": "1769384059394", "event_type": "price_change"}}
{"_local_timestamp": "2026-01-25T23:34:19.492304+00:00", "data": {"market": "0x78ea9642dd928315bd44e95a0f4e6b59fd3d62ea3e3deb743d0555dadb0b8f9a", "price_changes": [{"asset_id": "74056503185177077651676674290146084492357535649574987761120880465385176801270", "price": "0.049", "size": "145.73", "side": "SELL", "hash": "94e158f8d66d4dcafae449f41b226b1475a78baf", "best_bid": "0.035", "best_ask": "0.044"}, {"asset_id": "57766117073273962228210919062336859892244830926897399205099522330425302600917", "price": "0.951", "size": "145.73", "side": "BUY", "hash": "76d934a82af7f3c95ae51007548a908fa6519d9a", "best_bid": "0.956", "best_ask": "0.965"}], "timestamp": "1769384059421", "event_type": "price_change"}}
{"_local_timestamp": "2026-01-25T23:34:19.697131+00:00", "data": {"market": "0x78ea9642dd928315bd44e95a0f4e6b59fd3d62ea3e3deb743d0555dadb0b8f9a", "price_changes": [{"asset_id": "74056503185177077651676674290146084492357535649574987761120880465385176801270", "price": "0.045", "size": "30", "side": "SELL", "hash": "7b778b5fa05a029e986736c94a37e707bce8d2c4", "best_bid": "0.035", "best_ask": "0.044"}, {"asset_id": "57766117073273962228210919062336859892244830926897399205099522330425302600917", "price": "0.955", "size": "30", "side": "BUY", "hash": "25ce7fb5767a211363d316dc2862c4eb05be08dd", "best_bid": "0.956", "best_ask": "0.965"}], "timestamp": "1769384059628", "event_type": "price_change"}}
{"_local_timestamp": "2026-01-25T23:34:19.728941+00:00", "data": {"market": "0x78ea9642dd928315bd44e95a0f4e6b59fd3d62ea3e3deb743d0555dadb0b8f9a", "price_changes": [{"asset_id": "74056503185177077651676674290146084492357535649574987761120880465385176801270", "price": "0.043", "size": "30", "side": "SELL", "hash": "f418b81fd087368c386ef1eb8636e6b4f8e4fc1e", "best_bid": "0.035", "best_ask": "0.043"}, {"asset_id": "57766117073273962228210919062336859892244830926897399205099522330425302600917", "price": "0.957", "size": "30", "side": "BUY", "hash": "7e302167e0e42212393ca6f3974915f330c7ab90", "best_bid": "0.957", "best_ask": "0.965"}], "timestamp": "1769384059659", "event_type": "price_change"}}
{"_local_timestamp": "2026-01-25T23:34:19.773277+00:00", "data": {"market": "0x78ea9642dd928315bd44e95a0f4e6b59fd3d62ea3e3deb743d0555dadb0b8f9a", "price_changes": [{"asset_id": "74056503185177077651676674290146084492357535649574987761120880465385176801270", "price": "0.034", "size": "0", "side": "BUY", "hash": "4684ec0b70575a4f40b1f4556d52d5e916ad926c", "best_bid": "0.035", "best_ask": "0.043"}, {"asset_id": "57766117073273962228210919062336859892244830926897399205099522330425302600917", "price": "0.966", "size": "0", "side": "SELL", "hash": "fa70826c6c7680624f53bf57ed4aab8ac2a6b550", "best_bid": "0.957", "best_ask": "0.965"}], "timestamp": "1769384059693", "event_type": "price_change"}}
{"_local_timestamp": "2026-01-25T23:34:20.581900+00:00", "data": {"market": "0x78ea9642dd928315bd44e95a0f4e6b59fd3d62ea3e3deb743d0555dadb0b8f9a", "price_changes": [{"asset_id": "57766117073273962228210919062336859892244830926897399205099522330425302600917", "price": "0.955", "size": "0", "side": "BUY", "hash": "43a0dcc11258b6fd8632e8d70a4478e5266d6fa7", "best_bid": "0.957", "best_ask": "0.965"}, {"asset_id": "74056503185177077651676674290146084492357535649574987761120880465385176801270", "price": "0.045", "size": "0", "side": "SELL", "hash": "a03bd2242ddc606787d1011a81ce950b1ad5f712", "best_bid": "0.035", "best_ask": "0.043"}], "timestamp": "1769384060511", "event_type": "price_change"}}
{"_local_timestamp": "2026-01-25T23:34:20.607736+00:00", "data": {"market": "0x78ea9642dd928315bd44e95a0f4e6b59fd3d62ea3e3deb743d0555dadb0b8f9a", "price_changes": [{"asset_id": "74056503185177077651676674290146084492357535649574987761120880465385176801270", "price": "0.049", "size": "31.73", "side": "SELL", "hash": "7416f0daf80e94e2f61bdb8c4d2e9d6ad188f448", "best_bid": "0.035", "best_ask": "0.043"}, {"asset_id": "57766117073273962228210919062336859892244830926897399205099522330425302600917", "price": "0.951", "size": "31.73", "side": "BUY", "hash": "4fb3a31a98126200e97e3344f5eb3f8ebca8c2ea", "best_bid": "0.957", "best_ask": "0.965"}], "timestamp": "1769384060540", "event_type": "price_change"}}
{"_local_timestamp": "2026-01-25T23:34:20.877721+00:00", "data": {"market": "0x78ea9642dd928315bd44e95a0f4e6b59fd3d62ea3e3deb743d0555dadb0b8f9a", "price_changes": [{"asset_id": "57766117073273962228210919062336859892244830926897399205099522330425302600917", "price": "0.967", "size": "293.07", "side": "SELL", "hash": "f1d7ed04d877a0071f397409192ba08ff75aaa79", "best_bid": "0.957", "best_ask": "0.965"}, {"asset_id": "74056503185177077651676674290146084492357535649574987761120880465385176801270", "price": "0.033", "size": "293.07", "side": "BUY", "hash": "b35acbf67ba2fb4c6681d7cf01d62c37526d9886", "best_bid": "0.035", "best_ask": "0.043"}], "timestamp": "1769384060809", "event_type": "price_change"}}
{"_local_timestamp": "2026-01-25T23:34:20.938362+00:00", "data": {"market": "0x78ea9642dd928315bd44e95a0f4e6b59fd3d62ea3e3deb743d0555dadb0b8f9a", "price_changes": [{"asset_id": "74056503185177077651676674290146084492357535649574987761120880465385176801270", "price": "0.028", "size": "310", "side": "BUY", "hash": "50fc15a7dc80cde9c02a3b5e15e993335d3bd618", "best_bid": "0.035", "best_ask": "0.043"}, {"asset_id": "57766117073273962228210919062336859892244830926897399205099522330425302600917", "price": "0.972", "size": "310", "side": "SELL", "hash": "00fcb30ee5fa3a8a4642c76f70856922e9bae288", "best_bid": "0.957", "best_ask": "0.965"}], "timestamp": "1769384060864", "event_type": "price_change"}}
{"_local_timestamp": "2026-01-25T23:34:20.940697+00:00", "data": {"market": "0x78ea9642dd928315bd44e95a0f4e6b59fd3d62ea3e3deb743d0555dadb0b8f9a", "price_changes": [{"asset_id": "57766117073273962228210919062336859892244830926897399205099522330425302600917", "price": "0.95", "size": "430", "side": "BUY", "hash": "9ebc8580c2561de8c9968b3bc89b72efa55601af", "best_bid": "0.957", "best_ask": "0.965"}, {"asset_id": "74056503185177077651676674290146084492357535649574987761120880465385176801270", "price": "0.05", "size": "430", "side": "SELL", "hash": "6246243ee45e4bd9a287aba6e78fd386f3b90f67", "best_bid": "0.035", "best_ask": "0.043"}], "timestamp": "1769384060865", "event_type": "price_change"}}
{"_local_timestamp": "2026-01-25T23:34:21.321544+00:00", "data": {"market": "0x78ea9642dd928315bd44e95a0f4e6b59fd3d62ea3e3deb743d0555dadb0b8f9a", "price_changes": [{"asset_id": "57766117073273962228210919062336859892244830926897399205099522330425302600917", "price": "0.943", "size": "0", "side": "BUY", "hash": "ddcb1b2d958229c88aca42ecacc290b37a004ff9", "best_bid": "0.957", "best_ask": "0.965"}, {"asset_id": "74056503185177077651676674290146084492357535649574987761120880465385176801270", "price": "0.057", "size": "0", "side": "SELL", "hash": "fef2ce3594cdd4c59b76c4751c76c4e60f6d4c3e", "best_bid": "0.035", "best_ask": "0.043"}], "timestamp": "1769384061253", "event_type": "price_change"}}
{"_local_timestamp": "2026-01-25T23:34:21.323421+00:00", "data": {"market": "0x78ea9642dd928315bd44e95a0f4e6b59fd3d62ea3e3deb743d0555dadb0b8f9a", "price_changes": [{"asset_id": "74056503185177077651676674290146084492357535649574987761120880465385176801270", "price": "0.029", "size": "0", "side": "BUY", "hash": "827b3f5965aeb6d56c3511ba63082d243ccba8a3", "best_bid": "0.035", "best_ask": "0.043"}, {"asset_id": "57766117073273962228210919062336859892244830926897399205099522330425302600917", "price": "0.971", "size": "0", "side": "SELL", "hash": "4e96c97f13b7cabec4642df15090efab23040e2f", "best_bid": "0.957", "best_ask": "0.965"}], "timestamp": "1769384061253", "event_type": "price_change"}}
{"_local_timestamp": "2026-01-25T23:34:34.967621+00:00", "data": {"market": "0x78ea9642dd928315bd44e95a0f4e6b59fd3d62ea3e3deb743d0555dadb0b8f9a", "price_changes": [{"asset_id": "57766117073273962228210919062336859892244830926897399205099522330425302600917", "price": "0.965", "size": "135", "side": "SELL", "hash": "87017c847d7190634b743ca90e7f8f9d4c7f4364", "best_bid": "0.957", "best_ask": "0.965"}, {"asset_id": "74056503185177077651676674290146084492357535649574987761120880465385176801270", "price": "0.035", "size": "135", "side": "BUY", "hash": "54577bd047aac66a7ffd2168ef1a2f903f6b0bee", "best_bid": "0.035", "best_ask": "0.043"}], "timestamp": "1769384074894", "event_type": "price_change"}}
{"_local_timestamp": "2026-01-25T23:34:34.970853+00:00", "data": {"market": "0x78ea9642dd928315bd44e95a0f4e6b59fd3d62ea3e3deb743d0555dadb0b8f9a", "price_changes": [{"asset_id": "74056503185177077651676674290146084492357535649574987761120880465385176801270", "price": "0.049", "size": "156.73", "side": "SELL", "hash": "bae5eb4cd30c320c7e7975e32819caacfbd19e98", "best_bid": "0.035", "best_ask": "0.043"}, {"asset_id": "57766117073273962228210919062336859892244830926897399205099522330425302600917", "price": "0.951", "size": "156.73", "side": "BUY", "hash": "5508d3f62e167c3501f3d8254c9ba9c881f89ec7", "best_bid": "0.957", "best_ask": "0.965"}], "timestamp": "1769384074898", "event_type": "price_change"}}
{"_local_timestamp": "2026-01-25T23:34:35.573267+00:00", "data": {"market": "0x78ea9642dd928315bd44e95a0f4e6b59fd3d62ea3e3deb743d0555dadb0b8f9a", "price_changes": [{"asset_id": "74056503185177077651676674290146084492357535649574987761120880465385176801270", "price": "0.028", "size": "100", "side": "BUY", "hash": "2cf0c63bc8b5287a0b25727ed4404ab7a6a3778d", "best_bid": "0.035", "best_ask": "0.043"}, {"asset_id": "57766117073273962228210919062336859892244830926897399205099522330425302600917", "price": "0.972", "size": "100", "side": "SELL", "hash": "71b1a588708fa2ea40c6a1148f479c026c0135f4", "best_bid": "0.957", "best_ask": "0.965"}], "timestamp": "1769384075493", "event_type": "price_change"}}
{"_local_timestamp": "2026-01-25T23:34:35.573768+00:00", "data": {"market": "0x78ea9642dd928315bd44e95a0f4e6b59fd3d62ea3e3deb743d0555dadb0b8f9a", "price_changes": [{"asset_id": "57766117073273962228210919062336859892244830926897399205099522330425302600917", "price": "0.95", "size": "200", "side": "BUY", "hash": "d070a6483a08d433892a232767b84c436cec72e1", "best_bid": "0.957", "best_ask": "0.965"}, {"asset_id": "74056503185177077651676674290146084492357535649574987761120880465385176801270", "price": "0.05", "size": "200", "side": "SELL", "hash": "cbbbdf999b6bd55eae6a243dc83c79e1e55afdec", "best_bid": "0.035", "best_ask": "0.043"}], "timestamp": "1769384075493", "event_type": "price_change"}}
{"_local_timestamp": "2026-01-25T23:34:35.730809+00:00", "data": {"market": "0x78ea9642dd928315bd44e95a0f4e6b59fd3d62ea3e3deb743d0555dadb0b8f9a", "price_changes": [{"asset_id": "57766117073273962228210919062336859892244830926897399205099522330425302600917", "price": "0.949", "size": "200", "side": "BUY", "hash": "bc2510558644d669bb9c56be58783d691dec46dd", "best_bid": "0.957", "best_ask": "0.965"}, {"asset_id": "74056503185177077651676674290146084492357535649574987761120880465385176801270", "price": "0.051", "size": "200", "side": "SELL", "hash": "ada7c144bf7a0974722548ea67c1ffd5b239df8c", "best_bid": "0.035", "best_ask": "0.043"}], "timestamp": "1769384075663", "event_type": "price_change"}}
{"_local_timestamp": "2026-01-25T23:34:35.731276+00:00", "data": {"market": "0x78ea9642dd928315bd44e95a0f4e6b59fd3d62ea3e3deb743d0555dadb0b8f9a", "price_changes": [{"asset_id": "74056503185177077651676674290146084492357535649574987761120880465385176801270", "price": "0.028", "size": "300", "side": "BUY", "hash": "46b3d38a9bd0bf8f9371bfc5f8409fd3813019b4", "best_bid": "0.035", "best_ask": "0.043"}, {"asset_id": "57766117073273962228210919062336859892244830926897399205099522330425302600917", "price": "0.972", "size": "300", "side": "SELL", "hash": "fddd263475941c0c81b286864bd93c5f6cf95696", "best_bid": "0.957", "best_ask": "0.965"}], "timestamp": "1769384075664", "event_type": "price_change"}}
