{"_local_timestamp": "2026-01-25T23:34:36.734637+00:00", "data": [{"market": "0xa6f376b006a1f97053c44e16eb7cd5b3939b5c15155d31424859a039753df733", "asset_id": "29747303736774460804096355719056890514488081067257720078744097042285924188692", "timestamp": "1769382763112", "hash": "1884a1aee7c0ff41b170ec6cf7474a0abcade7c0", "bids": [{"price": "0.01", "size": "99.99"}, {"price": "0.02", "size": "25"}], "asks": [{"price": "0.99", "size": "100.06"}, {"price": "0.98", "size": "24.97"}, {"price": "0.97", "size": "5.47"}], "event_type": "book", "last_trade_price": ""}, {"market": "0xc0ee0083b2db5a43500ac313bad481887c26db05a9d47c87148e2b6713f2e804", "asset_id": "23732597783069296416712175207850454302120546587147084959847966647669763189065", "timestamp": "1769382761937", "hash": "b11cdf114dd72bc65326c527d7d7e8b3be93d730", "bids": [{"price": "0.01", "size": "100.06"}, {"price": "0.02", "size": "24.97"}, {"price": "0.03", "size": "5.47"}], "asks": [{"price": "0.99", "size": "76.9"}, {"price": "0.98", "size": "462.79"}, {"price": "0.97", "size": "15.83"}], "event_type": "book", "last_trade_price": ""}, {"market": "0xc0ee0083b2db5a43500ac313bad481887c26db05a9d47c87148e2b6713f2e804", "asset_id": "70021153418530851329817271774424452139635895194976002876305227737623938347279", "timestamp": "1769382761937", "hash": "f6495901b6b35f97f315a4b8f74f5368d8ccf449", "bids": [{"price": "0.01", "size": "76.9"}, {"price": "0.02", "size": "462.79"}, {"price": "0.03", "size": "15.83"}], "asks": [{"price": "0.99", "size": "100.06"}, {"price": "0.98", "size": "24.97"}, {"price": "0.97", "size": "5.47"}], "event_type": "book", "last_trade_price": ""}, {"market": "0xa6f376b006a1f97053c44e16eb7cd5b3939b5c15155d31424859a039753df733", "asset_id": "65560724686525379353381676880421683278400515109225251852469368310180119738489", "timestamp": "1769382763112", "hash": "e1655ca388ea16daca787ce4e397da173a0190ac", "bids": [{"price": "0.01", "size": "100.06"}, {"price": "0.02", "size": "24.97"}, {"price": "0.03", "size": "5.47"}], "asks": [{"price": "0.99", "size": "99.99"}, {"price": "0.98", "size": "25"}], "event_type": "book", "last_trade_price": ""}, {"market": "0xd400a4ff075f77c40e4d98f691fed51ba5f2c49b1fc20d88c24a3592e33277d8", "asset_id": "26158079051706259780744743858198915968996318697379752400554275364594844104660", "timestamp": "1769382768532", "hash": "8094bd253beea6f3279fb84739bf49c15ef05915", "bids": [{"price": "0.01", "size": "100"}, {"price": "0.02", "size": "5.47"}], "asks": [{"price": "0.99", "size": "99.99"}], "event_type": "book", "last_trade_price": ""}, {"market": "0xc35aad23304818f18ee01b3d9d99bf06f0f5e11c0eb9ff44fdae0b3854f0d839", "asset_id": "69176185261164867702247155511690014314425569399418122258408322471375428162713", "timestamp": "1769382763108", "hash": "0c3b805fe3a3f86b586a67795f7d52151eb4f956", "bids": [{"price": "0.01", "size": "99.99"}, {"price": "0.02", "size": "5.47"}], "asks": [{"price": "0.99", "size": "99.99"}], "event_type": "book", "last_trade_price": ""}, {"market": "0x5bc5b893bec376d49e8660ee3a4f26b409d0b13baaa3d2c3d0c808770072a9d1", "asset_id": "19919546576680052556654192319198786465636588436665719933656277955016109642212", "timestamp": "1769382763108", "hash": "afda13c27fda7799eb3b87c2c10c19034f58425c", "bids": [{"price": "0.01", "size": "99.99"}, {"price": "0.02", "size": "25"}], "asks": [{"price": "0.99", "size": "100.06"}, {"price": "0.98", "size": "24.97"}, {"price": "0.97", "size": "5.47"}], "event_type": "book", "last_trade_price": ""}, {"market": "0xd400a4ff075f77c40e4d98f691fed51ba5f2c49b1fc20d88c24a3592e33277d8", "asset_id": "99467614796028066937979976675216937702528200082525449299137066514632342868843", "timestamp": "1769382768532", "hash": "b7e07e3a2387f985b8a1ef193dfc65452b180a56", "bids": [{"price": "0.01", "size": "99.99"}], "asks": [{"price": "0.99", "size": "100"}, {"price": "0.98", "size": "5.47"}], "event_type": "book", "last_trade_price": ""}, {"market": "0xc35aad23304818f18ee01b3d9d99bf06f0f5e11c0eb9ff44fdae0b3854f0d839", "asset_id": "10869940456638611795229703216471741642762790436791906618571919533475369637413", "timestamp": "1769382763108", "hash": "cb6845edcf82db3f623cac88cd6081afffc62ead", "bids": [{"price": "0.01", "size": "99.99"}], "asks": [{"price": "0.99", "size": "99.99"}, {"price": "0.98", "size": "5.47"}], "event_type": "book", "last_trade_price": ""}, {"market": "0x5bc5b893bec376d49e8660ee3a4f26b409d0b13baaa3d2c3d0c808770072a9d1", "asset_id": "95968066616756978183835947288598652085716377663947768132422069323179296787374", "timestamp": "1769382763108", "hash": "91337ddb23fb66b81cc5a8b32f119c78b5ae5100", "bids": [{"price": "0.01", "size": "100.06"}, {"price": "0.02", "size": "24.97"}, {"price": "0.03", "size": "5.47"}], "asks": [{"price": "0.99", "size": "99.99"}, {"price": "0.98", "size": "25"}], "event_type": "book", "last_trade_price": ""}]}
