{"_local_timestamp": "2026-01-25T23:41:31.783773+00:00", "data": [{"market": "0xbac1848de2dbe8f20cdab6df039490afcb88d06eb24eafd12367e3a8fc1fc298", "asset_id": "36399021003236677608261194996307687495771688604577926520985129953530402035503", "timestamp": "1769383944457", "hash": "d64fc7b0b7a8076b388425670d8c41d6b9eb3287", "bids": [{"price": "0.01", "size": "914.69"}, {"price": "0.02", "size": "409.09"}, {"price": "0.03", "size": "66"}, {"price": "0.04", "size": "171.44"}, {"price": "0.05", "size": "40"}, {"price": "0.06", "size": "5.47"}], "asks": [{"price": "0.99", "size": "625.73"}, {"price": "0.98", "size": "21.65"}, {"price": "0.97", "size": "691"}, {"price": "0.96", "size": "81.34"}, {"price": "0.95", "size": "100"}, {"price": "0.94", "size": "17.6"}, {"price": "0.92", "size": "118"}, {"price": "0.91", "size": "49"}], "event_type": "book", "last_trade_price": ""}, {"market": "0xbac1848de2dbe8f20cdab6df039490afcb88d06eb24eafd12367e3a8fc1fc298", "asset_id": "2285168724790427059232140219161861367499821113143564841636482751373125585118", "timestamp": "1769383944457", "hash": "3de501dce141e09e46426d27cce9a206446d4b6e", "bids": [{"price": "0.01", "size": "625.73"}, {"price": "0.02", "size": "21.65"}, {"price": "0.03", "size": "691"}, {"price": "0.04", "size": "81.34"}, {"price": "0.05", "size": "100"}, {"price": "0.06", "size": "17.6"}, {"price": "0.08", "size": "118"}, {"price": "0.09", "size": "49"}], "asks": [{"price": "0.99", "size": "914.69"}, {"price": "0.98", "size": "409.09"}, {"price": "0.97", "size": "66"}, {"price": "0.96", "size": "171.44"}, {"price": "0.95", "size": "40"}, {"price": "0.94", "size": "5.47"}], "event_type": "book", "last_trade_price": ""}, {"market": "0x4c5943ad6555949922b48af4bfb7522303c7df86f24dc8959c32af0f8fbf8c64", "asset_id": "73626009395882895098434375776793708314965835441718235146804711823239616205077", "timestamp": "1769383037397", "hash": "8647ae6f87d7277f270f265d4e70b2254ef1b8c3", "bids": [{"price": "0.01", "size": "614.69"}, {"price": "0.02", "size": "709.09"}, {"price": "0.03", "size": "66"}, {"price": "0.04", "size": "41.44"}, {"price": "0.05", "size": "100"}, {"price": "0.06", "size": "5.47"}], "asks": [{"price": "0.99", "size": "624.41"}, {"price": "0.98", "size": "23.49"}, {"price": "0.97", "size": "691"}, {"price": "0.96", "size": "81.34"}, {"price": "0.95", "size": "100"}, {"price": "0.94", "size": "7.25"}, {"price": "0.93", "size": "79"}, {"price": "0.92", "size": "99.46"}, {"price": "0.91", "size": "39"}], "event_type": "book", "last_trade_price": ""}, {"market": "0x4c5943ad6555949922b48af4bfb7522303c7df86f24dc8959c32af0f8fbf8c64", "asset_id": "36984030454691119002527518937249862137625984985513060618284846479063976179483", "timestamp": "1769383037397", "hash": "220905408f08de069043b1220e9b84aa3928758b", "bids": [{"price": "0.01", "size": "624.41"}, {"price": "0.02", "size": "23.49"}, {"price": "0.03", "size": "691"}, {"price": "0.04", "size": "81.34"}, {"price": "0.05", "size": "100"}, {"price": "0.06", "size": "7.25"}, {"price": "0.07", "size": "79"}, {"price": "0.08", "size": "99.46"}, {"price": "0.09", "size": "39"}], "asks": [{"price": "0.99", "size": "614.69"}, {"price": "0.98", "size": "709.09"}, {"price": "0.97", "size": "66"}, {"price": "0.96", "size": "41.44"}, {"price": "0.95", "size": "100"}, {"price": "0.94", "size": "5.47"}], "event_type": "book", "last_trade_price": ""}, {"market": "0xaf3b5165bd560d077a1d52fb934bbd3b8416d63122e75674d68056a6f8f22ada", "asset_id": "20559312200396675811351759259944931222489309585026765288095321084190793804893", "timestamp": "1769383945391", "hash": "cc9ed86e6d9bda012cd176eecc728ae0669a623d", "bids": [{"price": "0.01", "size": "914.69"}, {"price": "0.02", "size": "409.09"}, {"price": "0.03", "size": "66"}, {"price": "0.04", "size": "171.44"}, {"price": "0.05", "size": "40"}, {"price": "0.06", "size": "5.47"}], "asks": [{"price": "0.99", "size": "622.85"}, {"price": "0.98", "size": "21.93"}, {"price": "0.97", "size": "691"}, {"price": "0.96", "size": "81.11"}, {"price": "0.95", "size": "100"}, {"price": "0.94", "size": "18.14"}, {"price": "0.92", "size": "89"}, {"price": "0.91", "size": "79"}], "event_type": "book", "last_trade_price": ""}, {"market": "0xaf3b5165bd560d077a1d52fb934bbd3b8416d63122e75674d68056a6f8f22ada", "asset_id": "37057174536970047340744659425069254596994420287893037261338568093358452831897", "timestamp": "1769383945391", "hash": "5ebfa2efa69a3ac5bce874062662a28f1636220f", "bids": [{"price": "0.01", "size": "622.85"}, {"price": "0.02", "size": "21.93"}, {"price": "0.03", "size": "691"}, {"price": "0.04", "size": "81.11"}, {"price": "0.05", "size": "100"}, {"price": "0.06", "size": "18.14"}, {"price": "0.08", "size": "89"}, {"price": "0.09", "size": "79"}], "asks": [{"price": "0.99", "size": "914.69"}, {"price": "0.98", "size": "409.09"}, {"price": "0.97", "size": "66"}, {"price": "0.96", "size": "171.44"}, {"price": "0.95", "size": "40"}, {"price": "0.94", "size": "5.47"}], "event_type": "book", "last_trade_price": ""}]}
