{"_local_timestamp": "2026-01-25T23:34:36.753901+00:00", "data": [{"market": "0xfa7e760d255b625f259011b2a24d1e48b74ba2fcee34be34e3926d60f3726041", "asset_id": "25510341909257579191470944640401300224787658179982988434798794785966915700935", "timestamp": "1769383666011", "hash": "1d52e6d98ee888f98b3a99012639896e472e8213", "bids": [{"price": "0.01", "size": "99.99"}, {"price": "0.02", "size": "25"}], "asks": [{"price": "0.99", "size": "99.99"}, {"price": "0.98", "size": "25"}, {"price": "0.97", "size": "5.47"}], "event_type": "book", "last_trade_price": ""}, {"market": "0xfa7e760d255b625f259011b2a24d1e48b74ba2fcee34be34e3926d60f3726041", "asset_id": "40148310229303279101295380999439448371514544747519849474055848865756493783211", "timestamp": "1769383666011", "hash": "89cea9bb87b71c613a46c3f4641e24dddb39aee9", "bids": [{"price": "0.01", "size": "99.99"}, {"price": "0.02", "size": "25"}, {"price": "0.03", "size": "5.47"}], "asks": [{"price": "0.99", "size": "99.99"}, {"price": "0.98", "size": "25"}], "event_type": "book", "last_trade_price": ""}, {"market": "0x51ff881c4999fdebc3b7e12dfb77e7de85fd9dd4420ec3ce30e85063295235b4", "asset_id": "36653834608264970529908327917758267541843002342125479743389333581493951186886", "timestamp": "1769382752436", "hash": "2a833a6fcb43706604c7017cc690a94317ad6b06", "bids": [{"price": "0.01", "size": "100.06"}, {"price": "0.02", "size": "24.97"}, {"price": "0.03", "size": "5.47"}], "asks": [{"price": "0.99", "size": "99.99"}, {"price": "0.98", "size": "25"}], "event_type": "book", "last_trade_price": ""}, {"market": "0x51ff881c4999fdebc3b7e12dfb77e7de85fd9dd4420ec3ce30e85063295235b4", "asset_id": "12717294097102537410137801170923186574493194977012582814101226953320505738426", "timestamp": "1769382752436", "hash": "3140266510b8abeda4eda29cb4f6b74e00751732", "bids": [{"price": "0.01", "size": "99.99"}, {"price": "0.02", "size": "25"}], "asks": [{"price": "0.99", "size": "100.06"}, {"price": "0.98", "size": "24.97"}, {"price": "0.97", "size": "5.47"}], "event_type": "book", "last_trade_price": ""}, {"market": "0xac64e9121210bfd3189091401aad61a8e6a34d831ac7ee87c7fc7850e67cca5c", "asset_id": "70367685295331853187885226144419614082242649557499688097123142625925727241984", "timestamp": "1769383667331", "hash": "278cf0e338551512886ea61fef7513fede60634b", "bids": [{"price": "0.01", "size": "99.99"}, {"price": "0.02", "size": "25"}, {"price": "0.03", "size": "5.47"}], "asks": [{"price": "0.99", "size": "99.99"}, {"price": "0.98", "size": "25"}], "event_type": "book", "last_trade_price": ""}, {"market": "0xb97d193149e95dc6a78236872522f5149f1524a501929f26c9ac17ec3a1f904a", "asset_id": "104408425505927281802942658133650297358284159603257068245242184607948042511234", "timestamp": "1769383667331", "hash": "15b1bbe1ef0d91f9eba76df24bf92a7d60181514", "bids": [{"price": "0.01", "size": "100.06"}, {"price": "0.02", "size": "24.97"}, {"price": "0.03", "size": "5.47"}], "asks": [{"price": "0.99", "size": "99.99"}, {"price": "0.98", "size": "25"}], "event_type": "book", "last_trade_price": ""}, {"market": "0xb97d193149e95dc6a78236872522f5149f1524a501929f26c9ac17ec3a1f904a", "asset_id": "21703510278177670660743376000080478851973310475018099930116119694663985512171", "timestamp": "1769383667331", "hash": "1368665660cc779525f04b8e47c6d7f4ad26b59e", "bids": [{"price": "0.01", "size": "99.99"}, {"price": "0.02", "size": "25"}], "asks": [{"price": "0.99", "size": "100.06"}, {"price": "0.98", "size": "24.97"}, {"price": "0.97", "size": "5.47"}], "event_type": "book", "last_trade_price": ""}, {"market": "0x65c0d8617e18cb497a1ca073eed0da1308687be21b1359f65b2bb93dcf47b387", "asset_id": "42616128127273010712958803871008033827468624825091171832941239975735802764996", "timestamp": "1769382752436", "hash": "e730f37ca5b847124937e1ba4fb57928554e5276", "bids": [{"price": "0.01", "size": "100.06"}, {"price": "0.02", "size": "24.97"}, {"price": "0.03", "size": "5.47"}], "asks": [{"price": "0.99", "size": "99.99"}, {"price": "0.98", "size": "25"}], "event_type": "book", "last_trade_price": ""}, {"market": "0xac64e9121210bfd3189091401aad61a8e6a34d831ac7ee87c7fc7850e67cca5c", "asset_id": "109770859148487019764545803125815505776508566762023881489794655741097044440854", "timestamp": "1769383667331", "hash": "916a5434eab2157fcc6c92374b0e67309cec776e", "bids": [{"price": "0.01", "size": "99.99"}, {"price": "0.02", "size": "25"}], "asks": [{"price": "0.99", "size": "99.99"}, {"price": "0.98", "size": "25"}, {"price": "0.97", "size": "5.47"}], "event_type": "book", "last_trade_price": ""}, {"market": "0x65c0d8617e18cb497a1ca073eed0da1308687be21b1359f65b2bb93dcf47b387", "asset_id": "80291278522905550952673627378947911630694894153896713184108628927922646780934", "timestamp": "1769382752436", "hash": "ad7956f7c3c9676d5e9245938080e9b2a0d3b8ce", "bids": [{"price": "0.01", "size": "99.99"}, {"price": "0.02", "size": "25"}], "asks": [{"price": "0.99", "size": "100.06"}, {"price": "0.98", "size": "24.97"}, {"price": "0.97", "size": "5.47"}], "event_type": "book", "last_trade_price": ""}]}
