{"_local_timestamp": "2026-01-25T23:41:31.661570+00:00", "data": [{"market": "0xd8341dc1d32d489ec72aa1a11318b25a9ccb87ce9c7d2a495dc01a33e7cc129d", "asset_id": "108015764766511007688284175505031571911411050525258178023569754053283389452451", "timestamp": "1769383811338", "hash": "919ee3720555c0452012c8983e190e1ea366552a", "bids": [{"price": "0.01", "size": "622.22"}, {"price": "0.02", "size": "23.31"}, {"price": "0.03", "size": "691"}, {"price": "0.04", "size": "81.34"}, {"price": "0.05", "size": "100"}, {"price": "0.06", "size": "17.63"}, {"price": "0.08", "size": "168"}, {"price": "0.09", "size": "79"}], "asks": [{"price": "0.99", "size": "914.69"}, {"price": "0.98", "size": "409.09"}, {"price": "0.97", "size": "166"}, {"price": "0.96", "size": "171.44"}, {"price": "0.95", "size": "40"}, {"price": "0.94", "size": "5.47"}], "event_type": "book", "last_trade_price": ""}, {"market": "0x2f2b9263cd0e054712aeba935a80b9d2ae035a24b76d43861f052b17fb2a8a63", "asset_id": "49992431325880961128127287343886194404474533916242504731665841719856507577195", "timestamp": "1769383813190", "hash": "2b0d9d71068b1fd689e376514aa92d6cf946bd83", "bids": [{"price": "0.01", "size": "619.69"}, {"price": "0.02", "size": "634.09"}, {"price": "0.03", "size": "241"}, {"price": "0.04", "size": "135.44"}, {"price": "0.05", "size": "100"}, {"price": "0.06", "size": "5.47"}], "asks": [{"price": "0.99", "size": "654.63"}, {"price": "0.98", "size": "22.74"}, {"price": "0.97", "size": "625"}, {"price": "0.96", "size": "139.41"}, {"price": "0.95", "size": "100"}, {"price": "0.94", "size": "7.04"}, {"price": "0.93", "size": "158"}, {"price": "0.92", "size": "118"}, {"price": "0.9", "size": "10"}], "event_type": "book", "last_trade_price": ""}, {"market": "0x2f2b9263cd0e054712aeba935a80b9d2ae035a24b76d43861f052b17fb2a8a63", "asset_id": "95691239313888181952704850063963910427451496126386419543764626240955667518581", "timestamp": "1769383813190", "hash": "57bc5218b910e378735a7a0975fe959858dc0e78", "bids": [{"price": "0.01", "size": "654.63"}, {"price": "0.02", "size": "22.74"}, {"price": "0.03", "size": "625"}, {"price": "0.04", "size": "139.41"}, {"price": "0.05", "size": "100"}, {"price": "0.06", "size": "7.04"}, {"price": "0.07", "size": "158"}, {"price": "0.08", "size": "118"}, {"price": "0.1", "size": "10"}], "asks": [{"price": "0.99", "size": "619.69"}, {"price": "0.98", "size": "634.09"}, {"price": "0.97", "size": "241"}, {"price": "0.96", "size": "135.44"}, {"price": "0.95", "size": "100"}, {"price": "0.94", "size": "5.47"}], "event_type": "book", "last_trade_price": ""}, {"market": "0xdbae7044734fb4eb9afef46cacce0840289a718bf1652c2bf810b3676abb09a6", "asset_id": "76144499087889094902050941796991945844098445136578372335841619364648994669927", "timestamp": "1769383812129", "hash": "47e27f39caf748cf7ed9e90662b9fa8eec3be93c", "bids": [{"price": "0.01", "size": "614.69"}, {"price": "0.02", "size": "634.09"}, {"price": "0.03", "size": "241"}, {"price": "0.04", "size": "135.44"}, {"price": "0.05", "size": "100"}, {"price": "0.06", "size": "5.47"}], "asks": [{"price": "0.99", "size": "654.63"}, {"price": "0.98", "size": "22.74"}, {"price": "0.97", "size": "691"}, {"price": "0.96", "size": "89.41"}, {"price": "0.95", "size": "100"}, {"price": "0.94", "size": "165.04"}, {"price": "0.92", "size": "172"}, {"price": "0.9", "size": "10"}], "event_type": "book", "last_trade_price": ""}, {"market": "0xd8341dc1d32d489ec72aa1a11318b25a9ccb87ce9c7d2a495dc01a33e7cc129d", "asset_id": "53637660405927112600157882596345131640146130281896775906903592458959814734258", "timestamp": "1769383811338", "hash": "5c5f6135e29edc4e1ebd08622557ba63c9dabd2e", "bids": [{"price": "0.01", "size": "914.69"}, {"price": "0.02", "size": "409.09"}, {"price": "0.03", "size": "166"}, {"price": "0.04", "size": "171.44"}, {"price": "0.05", "size": "40"}, {"price": "0.06", "size": "5.47"}], "asks": [{"price": "0.99", "size": "622.22"}, {"price": "0.98", "size": "23.31"}, {"price": "0.97", "size": "691"}, {"price": "0.96", "size": "81.34"}, {"price": "0.95", "size": "100"}, {"price": "0.94", "size": "17.63"}, {"price": "0.92", "size": "168"}, {"price": "0.91", "size": "79"}], "event_type": "book", "last_trade_price": ""}, {"market": "0xdbae7044734fb4eb9afef46cacce0840289a718bf1652c2bf810b3676abb09a6", "asset_id": "38965367517814253478494919641794076153510532682552875118890722461529112948020", "timestamp": "1769383812129", "hash": "68a3ba8ab360a43a1d027a376b13bfe2f6c1383d", "bids": [{"price": "0.01", "size": "654.63"}, {"price": "0.02", "size": "22.74"}, {"price": "0.03", "size": "691"}, {"price": "0.04", "size": "89.41"}, {"price": "0.05", "size": "100"}, {"price": "0.06", "size": "165.04"}, {"price": "0.08", "size": "172"}, {"price": "0.1", "size": "10"}], "asks": [{"price": "0.99", "size": "614.69"}, {"price": "0.98", "size": "634.09"}, {"price": "0.97", "size": "241"}, {"price": "0.96", "size": "135.44"}, {"price": "0.95", "size": "100"}, {"price": "0.94", "size": "5.47"}], "event_type": "book", "last_trade_price": ""}]}
