{"_local_timestamp": "2026-01-25T23:34:36.763544+00:00", "data": [{"market": "0x826af60beac2225c67ce5f1d1bb88b789ec9527ebe594d5a7d18fca71178c640", "asset_id": "98764429036958500542940090866599206006880527211866041451468073920463954668815", "timestamp": "1769382761937", "hash": "1ace7683c5a943b7aa460bf37dbb0b96ed988e3e", "bids": [{"price": "0.01", "size": "100"}], "asks": [{"price": "0.99", "size": "99.99"}, {"price": "0.98", "size": "5.47"}], "event_type": "book", "last_trade_price": ""}, {"market": "0x3085e8d9930b9eec84c3e6f40daf21d3954c455482776d6acb4626a629463abb", "asset_id": "105249497861920267788120676556225057110046842163226426123891147467336487813540", "timestamp": "1769382761937", "hash": "a12861d4b11d19b5aa478c260606c636e21e6ebf", "bids": [{"price": "0.01", "size": "99.99"}, {"price": "0.02", "size": "5.47"}], "asks": [{"price": "0.99", "size": "99.99"}], "event_type": "book", "last_trade_price": ""}, {"market": "0x2994acba6749890d001d23faa91efe30b594de762162da6498c7c8f924531945", "asset_id": "72113137755878083004534143534596219880635050667188707391805429557133398565643", "timestamp": "1769382761937", "hash": "2e95306d32291a1113be3007d59d0866168d4153", "bids": [{"price": "0.01", "size": "99.99"}], "asks": [{"price": "0.99", "size": "99.99"}, {"price": "0.98", "size": "5.47"}], "event_type": "book", "last_trade_price": ""}, {"market": "0xfb0582f97fc876cf90cc5aebdcf6f20d0f3cd6367c787f871b7ccc252a85138e", "asset_id": "88516360389445751469250106432778001498730409933940755923011845033016671229046", "timestamp": "1769380981775", "hash": "14a87d7bcd429eb82cc3d4122d57a57df03b4b9b", "bids": [{"price": "0.01", "size": "100"}], "asks": [{"price": "0.99", "size": "99.99"}, {"price": "0.98", "size": "5.47"}], "event_type": "book", "last_trade_price": ""}, {"market": "0xc4f461d02cc4f024e4d47ce2dba987e8fcf7f67ed4b4fa87c2c0c6241aea284b", "asset_id": "92706674185236465250579902695360360573048078853176928738758308224726923432987", "timestamp": "1769383668873", "hash": "b5506c60d9a3c8e6aab00cc39d44c59c294eba4e", "bids": [{"price": "0.01", "size": "25.01"}, {"price": "0.02", "size": "51.77"}, {"price": "0.03", "size": "307.92"}, {"price": "0.04", "size": "5.92"}], "asks": [{"price": "0.99", "size": "99.99"}, {"price": "0.98", "size": "5.47"}], "event_type": "book", "last_trade_price": ""}, {"market": "0x2994acba6749890d001d23faa91efe30b594de762162da6498c7c8f924531945", "asset_id": "100617097299127253486661833930738500657973666858925709515596181339448422152685", "timestamp": "1769382761937", "hash": "8c054754d0b75e6c1cef665c4473982deb03a8c3", "bids": [{"price": "0.01", "size": "99.99"}, {"price": "0.02", "size": "5.47"}], "asks": [{"price": "0.99", "size": "99.99"}], "event_type": "book", "last_trade_price": ""}, {"market": "0x3085e8d9930b9eec84c3e6f40daf21d3954c455482776d6acb4626a629463abb", "asset_id": "62235660801552617716672156504825896855079327493639534098047803027897517279163", "timestamp": "1769382761937", "hash": "b68c7e5418e2f9bfe009b414ec6ab94e5b911c8e", "bids": [{"price": "0.01", "size": "99.99"}], "asks": [{"price": "0.99", "size": "99.99"}, {"price": "0.98", "size": "5.47"}], "event_type": "book", "last_trade_price": ""}, {"market": "0xfb0582f97fc876cf90cc5aebdcf6f20d0f3cd6367c787f871b7ccc252a85138e", "asset_id": "56788275409488747601008826697834249080487732237734675152249371586712685779187", "timestamp": "1769380981775", "hash": "937b274bd5b515b608e72ab114eb7640d3a355db", "bids": [{"price": "0.01", "size": "99.99"}, {"price": "0.02", "size": "5.47"}], "asks": [{"price": "0.99", "size": "100"}], "event_type": "book", "last_trade_price": ""}, {"market": "0xc4f461d02cc4f024e4d47ce2dba987e8fcf7f67ed4b4fa87c2c0c6241aea284b", "asset_id": "92997498928456051993763630363772883637216971469834384181855399650236517405570", "timestamp": "1769383668873", "hash": "693cc7702e461f43485c7f4dc8c3ad3d48b1d9a6", "bids": [{"price": "0.01", "size": "99.99"}, {"price": "0.02", "size": "5.47"}], "asks": [{"price": "0.99", "size": "25.01"}, {"price": "0.98", "size": "51.77"}, {"price": "0.97", "size": "307.92"}, {"price": "0.96", "size": "5.92"}], "event_type": "book", "last_trade_price": ""}, {"market": "0x826af60beac2225c67ce5f1d1bb88b789ec9527ebe594d5a7d18fca71178c640", "asset_id": "32474786366841871492263792823020336268886154790077596463079968381840227007333", "timestamp": "1769382761937", "hash": "afdc7f64565838085534a30eb1a7d3c97f126842", "bids": [{"price": "0.01", "size": "99.99"}, {"price": "0.02", "size": "5.47"}], "asks": [{"price": "0.99", "size": "100"}], "event_type": "book", "last_trade_price": ""}]}
