{"_local_timestamp": "2026-01-25T23:34:36.751644+00:00", "data": [{"market": "0xed3712aa2263c4bb3151ac389d8b97c7cb39988f7b53bba2f01ad99a05256dd8", "asset_id": "78998698322358462732792535148202178057472521907086945171067853035153085871066", "timestamp": "1769382752437", "hash": "8136c0afbe12b7ab1d57a2afbe733400ab84382f", "bids": [{"price": "0.01", "size": "99.99"}, {"price": "0.02", "size": "25"}], "asks": [{"price": "0.99", "size": "100.06"}, {"price": "0.98", "size": "24.97"}, {"price": "0.97", "size": "5.47"}], "event_type": "book", "last_trade_price": ""}, {"market": "0x97514c488b4c7bf1ef8e470528c8916b1d611a96b792c83426d50f7e58723cba", "asset_id": "13730909015667467781326756169308033547442796575683807699702956148627241035996", "timestamp": "1769382751822", "hash": "7081bd2ffa1c6840295fc057088f29cdb9f70609", "bids": [{"price": "0.01", "size": "100"}, {"price": "0.02", "size": "5.47"}], "asks": [{"price": "0.99", "size": "100"}], "event_type": "book", "last_trade_price": ""}, {"market": "0x0b3ba6bad108ca8033c59987dfe4d6094456789f1ca68369f6fde9ca15ba23ae", "asset_id": "57811198762873919402785391557717286152728386369740427367121050326775819926326", "timestamp": "1769381445843", "hash": "c38d2d8d5f9be683904a8e9aca8a754653e1a558", "bids": [{"price": "0.01", "size": "99.99"}, {"price": "0.02", "size": "25"}, {"price": "0.03", "size": "5.47"}], "asks": [{"price": "0.99", "size": "76.9"}, {"price": "0.98", "size": "250.79"}, {"price": "0.97", "size": "15.83"}], "event_type": "book", "last_trade_price": ""}, {"market": "0x5d25a988eb3c0549bde9dfe81bb54a6da14fef5ddd15c52f3ef1ce18be572548", "asset_id": "45561722064193312540379956318507137765113131194102882089889197502207648795032", "timestamp": "1769382751161", "hash": "3c4aa6ca47f9e8d068cd15af0b6fa2d59d04daec", "bids": [{"price": "0.01", "size": "100"}], "asks": [{"price": "0.99", "size": "99.99"}, {"price": "0.98", "size": "5.47"}], "event_type": "book", "last_trade_price": ""}, {"market": "0x5d25a988eb3c0549bde9dfe81bb54a6da14fef5ddd15c52f3ef1ce18be572548", "asset_id": "93690981078446104569260495636250398851427974790799602682326269252061767513302", "timestamp": "1769382751161", "hash": "100c89dde602cc7eb017d56e7ce22c20ff3754cf", "bids": [{"price": "0.01", "size": "99.99"}, {"price": "0.02", "size": "5.47"}], "asks": [{"price": "0.99", "size": "100"}], "event_type": "book", "last_trade_price": ""}, {"market": "0x97514c488b4c7bf1ef8e470528c8916b1d611a96b792c83426d50f7e58723cba", "asset_id": "1353973741290811248211328154034715412295108161043296997899514762983035164681", "timestamp": "1769382751822", "hash": "8b1b367a9a22f0bf0ac634a9e7815210c6d06e67", "bids": [{"price": "0.01", "size": "100"}], "asks": [{"price": "0.99", "size": "100"}, {"price": "0.98", "size": "5.47"}], "event_type": "book", "last_trade_price": ""}, {"market": "0x0b3ba6bad108ca8033c59987dfe4d6094456789f1ca68369f6fde9ca15ba23ae", "asset_id": "100499445547883815463707843872502340626455085774299516326843592387466089618845", "timestamp": "1769381445843", "hash": "20ccfa34373d9c33460185efd2ff2a7ea1cb7f42", "bids": [{"price": "0.01", "size": "76.9"}, {"price": "0.02", "size": "250.79"}, {"price": "0.03", "size": "15.83"}], "asks": [{"price": "0.99", "size": "99.99"}, {"price": "0.98", "size": "25"}, {"price": "0.97", "size": "5.47"}], "event_type": "book", "last_trade_price": ""}, {"market": "0x65d3c958dbd504ec3d06a9edbaf255e7b6817bedf40733de6ce9407a30f29893", "asset_id": "4255230971029500519570709018343702715547837671251042021424992231386745693983", "timestamp": "1769380957409", "hash": "9ff73d69763966efb67fb998476d81e2aec47eaf", "bids": [{"price": "0.01", "size": "99.99"}, {"price": "0.02", "size": "5.47"}], "asks": [{"price": "0.99", "size": "100"}], "event_type": "book", "last_trade_price": ""}, {"market": "0xed3712aa2263c4bb3151ac389d8b97c7cb39988f7b53bba2f01ad99a05256dd8", "asset_id": "16831066942547374362112759277985710131055424488982425287437715883873299681513", "timestamp": "1769382752437", "hash": "8a00bed95f0921d3226664c434955c1969c920ac", "bids": [{"price": "0.01", "size": "100.06"}, {"price": "0.02", "size": "24.97"}, {"price": "0.03", "size": "5.47"}], "asks": [{"price": "0.99", "size": "99.99"}, {"price": "0.98", "size": "25"}], "event_type": "book", "last_trade_price": ""}, {"market": "0x65d3c958dbd504ec3d06a9edbaf255e7b6817bedf40733de6ce9407a30f29893", "asset_id": "26313818254951717402407882687689862888499613683977640053058448714254665714111", "timestamp": "1769380957409", "hash": "05e3ecddadc711388d088281e8efca1fb93634c8", "bids": [{"price": "0.01", "size": "100"}], "asks": [{"price": "0.99", "size": "99.99"}, {"price": "0.98", "size": "5.47"}], "event_type": "book", "last_trade_price": ""}]}
