{"_local_timestamp": "2026-01-25T23:34:37.332958+00:00", "data": [{"market": "0x2246ddba47c19f95f55fdb4f6a7e2f5b29e4b4b377a11fb46dd0bd2398716a8e", "asset_id": "2926091988052622897039149156072916271682192136839649637727523671911792139010", "timestamp": "1769382755392", "hash": "f9936520f4cb088de00586b2cdf08fbce20050c1", "bids": [{"price": "0.01", "size": "99.99"}], "asks": [{"price": "0.99", "size": "99.99"}, {"price": "0.98", "size": "5.47"}], "event_type": "book", "last_trade_price": ""}, {"market": "0x2fb8cda9a4e4d0475bd6439b15485699040b3e9ec62620a44e821e512b7d8dd3", "asset_id": "89942900492159552182033917527015339987107821275261099193680373461511373185313", "timestamp": "1769382757448", "hash": "8c9d9c1a16ededf6a7a0262b2e312c4fbf6afa75", "bids": [{"price": "0.01", "size": "99.99"}, {"price": "0.02", "size": "5.47"}], "asks": [{"price": "0.99", "size": "99.99"}], "event_type": "book", "last_trade_price": ""}, {"market": "0x2fb8cda9a4e4d0475bd6439b15485699040b3e9ec62620a44e821e512b7d8dd3", "asset_id": "94404183175158755770764438570818824342294784159530529291879211641958567327675", "timestamp": "1769382757448", "hash": "69657b3c3bb8690c387f4b8681d84734ed2b7c1c", "bids": [{"price": "0.01", "size": "99.99"}], "asks": [{"price": "0.99", "size": "99.99"}, {"price": "0.98", "size": "5.47"}], "event_type": "book", "last_trade_price": ""}, {"market": "0x7e6437e316c9464e78c15ecd3fa1b0f1e7279394da7a8785b2ac13914562b63a", "asset_id": "29281826606814174700420618610724761035730755626264482773483714156404325150396", "timestamp": "1769383668607", "hash": "db217206712a0933a5c6e4a4817820a5e75bae77", "bids": [{"price": "0.01", "size": "99.99"}], "asks": [{"price": "0.99", "size": "99.99"}, {"price": "0.98", "size": "5.47"}], "event_type": "book", "last_trade_price": ""}, {"market": "0x7e6437e316c9464e78c15ecd3fa1b0f1e7279394da7a8785b2ac13914562b63a", "asset_id": "112093199245014414537102362964880585871235283959417171173736160741443502549717", "timestamp": "1769383668607", "hash": "e930cb199a7f07a9be7d6f9e3ac7725de9da7a4a", "bids": [{"price": "0.01", "size": "99.99"}, {"price": "0.02", "size": "5.47"}], "asks": [{"price": "0.99", "size": "99.99"}], "event_type": "book", "last_trade_price": ""}, {"market": "0x75e0d40f927e060897362d33533f673ca07d2867a9ace726039eff77783441bb", "asset_id": "8455387101392979268577320350733662102556828857562886723948649231668766552565", "timestamp": "1769382758552", "hash": "39567d78e481cada1073eef9b5a97082bffa2ad2", "bids": [{"price": "0.01", "size": "99.99"}], "asks": [{"price": "0.99", "size": "100"}, {"price": "0.98", "size": "5.47"}], "event_type": "book", "last_trade_price": ""}, {"market": "0x2246ddba47c19f95f55fdb4f6a7e2f5b29e4b4b377a11fb46dd0bd2398716a8e", "asset_id": "97365657007421772793031054994348814767561738727125818449210985675327614647884", "timestamp": "1769382755392", "hash": "7866b718aedfa39c357fadc3af4636017aab71a6", "bids": [{"price": "0.01", "size": "99.99"}, {"price": "0.02", "size": "5.47"}], "asks": [{"price": "0.99", "size": "99.99"}], "event_type": "book", "last_trade_price": ""}, {"market": "0x75e0d40f927e060897362d33533f673ca07d2867a9ace726039eff77783441bb", "asset_id": "9239248837766172957870047727387480374146458302304317709742174211495901182562", "timestamp": "1769382758552", "hash": "330e2b1dda75e1f5579c2b67e549725a93875a51", "bids": [{"price": "0.01", "size": "100"}, {"price": "0.02", "size": "5.47"}], "asks": [{"price": "0.99", "size": "99.99"}], "event_type": "book", "last_trade_price": ""}, {"market": "0xabb452ca83459b292b51f4cd25f0e4b79ac7d115ef7aeb2753c1be75da028e48", "asset_id": "79549959282137548195910826931624494168687774908006714360049461642350809047649", "timestamp": "1769382755339", "hash": "cd9cdb7e597abe25d3b4783e5d9355102673c281", "bids": [{"price": "0.01", "size": "99.99"}, {"price": "0.02", "size": "5.47"}], "asks": [{"price": "0.99", "size": "100"}], "event_type": "book", "last_trade_price": ""}, {"market": "0xabb452ca83459b292b51f4cd25f0e4b79ac7d115ef7aeb2753c1be75da028e48", "asset_id": "57505544696111561796035722922690443106967149998628660124976526848586803704374", "timestamp": "1769382755339", "hash": "bb73df480d375ed05f53e13618a2d27650799b98", "bids": [{"price": "0.01", "size": "100"}], "asks": [{"price": "0.99", "size": "99.99"}, {"price": "0.98", "size": "5.47"}], "event_type": "book", "last_trade_price": ""}]}
