{"_local_timestamp": "2026-01-25T23:34:36.740151+00:00", "data": [{"market": "0x537c8a38c6296ecea36856187675fe98d52b0cfb8c4737d9f6e24e65fc55f415", "asset_id": "46616587919070794237206804146736189809461170611890050953577118787005553733765", "timestamp": "1769383667726", "hash": "e7abe060d84c1dc1258d89b32b235646a0b99f6b", "bids": [{"price": "0.01", "size": "99.99"}], "asks": [{"price": "0.99", "size": "99.99"}, {"price": "0.98", "size": "5.47"}], "event_type": "book", "last_trade_price": ""}, {"market": "0x2aa652243905bb74d5e7a7d905aaac2824a4bc63dc4c0c6b414963e3feec1d18", "asset_id": "27910799552444528913549741258662787478122886484902173180830834356863101925660", "timestamp": "1769382753847", "hash": "ae43e9e1fa7e24774f63707cc73f6c0b2b2caddb", "bids": [{"price": "0.01", "size": "100"}, {"price": "0.02", "size": "5.47"}], "asks": [{"price": "0.99", "size": "100"}], "event_type": "book", "last_trade_price": ""}, {"market": "0xd8001e8d092a18368428a1f68bc2f604763a3063174e4216c2be61dd56586253", "asset_id": "94830870007016328785376740318635603723032716711883730913461105421708017546142", "timestamp": "1769382753845", "hash": "19ad77c8b791539aeaf35c4a26b97af51d29be3b", "bids": [{"price": "0.01", "size": "99.99"}], "asks": [{"price": "0.99", "size": "99.99"}, {"price": "0.98", "size": "5.47"}], "event_type": "book", "last_trade_price": ""}, {"market": "0x79167490d6ffe0d78b89e5dae6d3c19a02c86b991c087244659b0b26b882b575", "asset_id": "80075177607243669046460884851295059885775160231657768597765608167947052491153", "timestamp": "1769383667724", "hash": "9ed01ccbcf73b09c76351a874aeb5db0adeee645", "bids": [{"price": "0.01", "size": "99.99"}], "asks": [{"price": "0.99", "size": "99.99"}, {"price": "0.98", "size": "5.47"}], "event_type": "book", "last_trade_price": ""}, {"market": "0xd8001e8d092a18368428a1f68bc2f604763a3063174e4216c2be61dd56586253", "asset_id": "15833127292270769923015235647407214130712327237903419198018061657635685957282", "timestamp": "1769382753845", "hash": "2204b1eede94ba38653b5d0ff6e65346c2f20c77", "bids": [{"price": "0.01", "size": "99.99"}, {"price": "0.02", "size": "5.47"}], "asks": [{"price": "0.99", "size": "99.99"}], "event_type": "book", "last_trade_price": ""}, {"market": "0x537c8a38c6296ecea36856187675fe98d52b0cfb8c4737d9f6e24e65fc55f415", "asset_id": "69056720601671183582551654290538373168225024929366808213047890365524101852913", "timestamp": "1769383667726", "hash": "2ec8980b8b80bf743074d0b4207a12ec905afc95", "bids": [{"price": "0.01", "size": "99.99"}, {"price": "0.02", "size": "5.47"}], "asks": [{"price": "0.99", "size": "99.99"}], "event_type": "book", "last_trade_price": ""}, {"market": "0x79167490d6ffe0d78b89e5dae6d3c19a02c86b991c087244659b0b26b882b575", "asset_id": "2678176847398809222872000089025186093545926116144096783206884733084324359788", "timestamp": "1769383667724", "hash": "bbbfe8dd2b65f698124e25e4648b6f95dce7c94b", "bids": [{"price": "0.01", "size": "99.99"}, {"price": "0.02", "size": "5.47"}], "asks": [{"price": "0.99", "size": "99.99"}], "event_type": "book", "last_trade_price": ""}, {"market": "0x2aa652243905bb74d5e7a7d905aaac2824a4bc63dc4c0c6b414963e3feec1d18", "asset_id": "64456090922790264194910789392133156612795015176846413878725908730448048705488", "timestamp": "1769382753847", "hash": "0301fa809546be3c5423163a75105830f25ed8d9", "bids": [{"price": "0.01", "size": "100"}], "asks": [{"price": "0.99", "size": "100"}, {"price": "0.98", "size": "5.47"}], "event_type": "book", "last_trade_price": ""}, {"market": "0x494cb9b7cbbc80a922e19b84cb77a4779c009d6403b58fc342696b18aa4b52be", "asset_id": "1667230608214508545135254832530269611288905143923400169880611381038817218740", "timestamp": "1769383666009", "hash": "bb00cd7b18ee325224df820a703c3697738b5de9", "bids": [{"price": "0.01", "size": "99.99"}, {"price": "0.02", "size": "5.47"}], "asks": [{"price": "0.99", "size": "99.99"}], "event_type": "book", "last_trade_price": ""}, {"market": "0x494cb9b7cbbc80a922e19b84cb77a4779c009d6403b58fc342696b18aa4b52be", "asset_id": "75722026903256734708568664669991164028090547468958022238736388969505159072386", "timestamp": "1769383666009", "hash": "a1e60cb12a427679987b0f5bae3d287ce1609298", "bids": [{"price": "0.01", "size": "99.99"}], "asks": [{"price": "0.99", "size": "99.99"}, {"price": "0.98", "size": "5.47"}], "event_type": "book", "last_trade_price": ""}]}
