{"_local_timestamp": "2026-01-25T23:34:26.321856+00:00", "data": [{"market": "0x34368e34f3fb843b36052b8969c873a69220cd5840c17b5476960704490230ce", "asset_id": "38069629044580028769897263821735860856617628984847677452487088008446751846901", "timestamp": "1769383809313", "hash": "fff6ad3f2168acf779f11c377d4f4cf726f80b96", "bids": [{"price": "0.01", "size": "614.69"}, {"price": "0.02", "size": "634.09"}, {"price": "0.03", "size": "141"}, {"price": "0.04", "size": "131.44"}, {"price": "0.05", "size": "100"}, {"price": "0.06", "size": "5.47"}], "asks": [{"price": "0.99", "size": "626.23"}, {"price": "0.98", "size": "23.31"}, {"price": "0.97", "size": "625"}, {"price": "0.96", "size": "131.34"}, {"price": "0.95", "size": "100"}, {"price": "0.94", "size": "7.15"}, {"price": "0.93", "size": "79"}, {"price": "0.92", "size": "86.36"}, {"price": "0.91", "size": "89"}], "event_type": "book", "last_trade_price": ""}, {"market": "0xe168f679826bd9269ee195b77656ed6aa943ea44466621410c2f346444bf3f56", "asset_id": "4251170265338254361099884097154820953449266134899520557055620636580762153319", "timestamp": "1769383810255", "hash": "562cf8074f5f65f8a972c6aab60c77e55d83d5d3", "bids": [{"price": "0.01", "size": "626.23"}, {"price": "0.02", "size": "23.31"}, {"price": "0.03", "size": "691"}, {"price": "0.04", "size": "81.34"}, {"price": "0.05", "size": "100"}, {"price": "0.06", "size": "7.15"}, {"price": "0.07", "size": "130"}, {"price": "0.08", "size": "7.36"}, {"price": "0.09", "size": "89"}], "asks": [{"price": "0.99", "size": "614.69"}, {"price": "0.98", "size": "634.09"}, {"price": "0.97", "size": "141"}, {"price": "0.96", "size": "135.44"}, {"price": "0.95", "size": "100"}, {"price": "0.94", "size": "5.47"}], "event_type": "book", "last_trade_price": ""}, {"market": "0x34368e34f3fb843b36052b8969c873a69220cd5840c17b5476960704490230ce", "asset_id": "95295957213817913569335431076273745680571855791865269251669297381359202514516", "timestamp": "1769383809313", "hash": "6f078c755bfaa8ed38b55e62ef280d27969bf66b", "bids": [{"price": "0.01", "size": "626.23"}, {"price": "0.02", "size": "23.31"}, {"price": "0.03", "size": "625"}, {"price": "0.04", "size": "131.34"}, {"price": "0.05", "size": "100"}, {"price": "0.06", "size": "7.15"}, {"price": "0.07", "size": "79"}, {"price": "0.08", "size": "86.36"}, {"price": "0.09", "size": "89"}], "asks": [{"price": "0.99", "size": "614.69"}, {"price": "0.98", "size": "634.09"}, {"price": "0.97", "size": "141"}, {"price": "0.96", "size": "131.44"}, {"price": "0.95", "size": "100"}, {"price": "0.94", "size": "5.47"}], "event_type": "book", "last_trade_price": ""}, {"market": "0x5b0e73094edeaa0b04630c6e7fa5b2624e0a0dbb0b61613ac22bdc16e32ccabd", "asset_id": "3603193732637298228502153492702522921284043621372184190759144290501344531721", "timestamp": "1769383043637", "hash": "3b0beb2900d7c524baec40665e0ee3d38d61124f", "bids": [{"price": "0.01", "size": "614.69"}, {"price": "0.02", "size": "634.09"}, {"price": "0.03", "size": "141"}, {"price": "0.04", "size": "135.44"}, {"price": "0.05", "size": "100"}, {"price": "0.06", "size": "5.47"}], "asks": [{"price": "0.99", "size": "624.74"}, {"price": "0.98", "size": "313.62"}, {"price": "0.97", "size": "408.76"}, {"price": "0.96", "size": "56.34"}, {"price": "0.95", "size": "100"}, {"price": "0.94", "size": "6.77"}, {"price": "0.93", "size": "79"}, {"price": "0.92", "size": "85.96"}, {"price": "0.91", "size": "89"}], "event_type": "book", "last_trade_price": ""}, {"market": "0x5b0e73094edeaa0b04630c6e7fa5b2624e0a0dbb0b61613ac22bdc16e32ccabd", "asset_id": "34312515456309406466577447335503014537700078832957100267702920112709841607493", "timestamp": "1769383043637", "hash": "4cc473be3f219acbb10bf73ae592450ac8cc1448", "bids": [{"price": "0.01", "size": "624.74"}, {"price": "0.02", "size": "313.62"}, {"price": "0.03", "size": "408.76"}, {"price": "0.04", "size": "56.34"}, {"price": "0.05", "size": "100"}, {"price": "0.06", "size": "6.77"}, {"price": "0.07", "size": "79"}, {"price": "0.08", "size": "85.96"}, {"price": "0.09", "size": "89"}], "asks": [{"price": "0.99", "size": "614.69"}, {"price": "0.98", "size": "634.09"}, {"price": "0.97", "size": "141"}, {"price": "0.96", "size": "135.44"}, {"price": "0.95", "size": "100"}, {"price": "0.94", "size": "5.47"}], "event_type": "book", "last_trade_price": ""}, {"market": "0xe168f679826bd9269ee195b77656ed6aa943ea44466621410c2f346444bf3f56", "asset_id": "5085041806486922466431397910348282447064436882589780619529084093517850056891", "timestamp": "1769383810255", "hash": "9af1174bed8dbc28c255534a7e9ae7dc4d526f0e", "bids": [{"price": "0.01", "size": "614.69"}, {"price": "0.02", "size": "634.09"}, {"price": "0.03", "size": "141"}, {"price": "0.04", "size": "135.44"}, {"price": "0.05", "size": "100"}, {"price": "0.06", "size": "5.47"}], "asks": [{"price": "0.99", "size": "626.23"}, {"price": "0.98", "size": "23.31"}, {"price": "0.97", "size": "691"}, {"price": "0.96", "size": "81.34"}, {"price": "0.95", "size": "100"}, {"price": "0.94", "size": "7.15"}, {"price": "0.93", "size": "130"}, {"price": "0.92", "size": "7.36"}, {"price": "0.91", "size": "89"}], "event_type": "book", "last_trade_price": ""}]}
