{"_local_timestamp": "2026-01-25T23:34:36.740305+00:00", "data": [{"market": "0x5938321e588da03f512e9b0c4f9a7f0d21191b9dea59f10c95ce411660144856", "asset_id": "39438422943422080562497818303570942987603875297178271983083394434628410292075", "timestamp": "1769383667329", "hash": "3e768028fe084e1ef19b6f30941711b642f62b5e", "bids": [{"price": "0.01", "size": "109.08"}, {"price": "0.02", "size": "20.46"}, {"price": "0.03", "size": "5.47"}, {"price": "0.04", "size": "5.47"}], "asks": [{"price": "0.99", "size": "99.99"}, {"price": "0.98", "size": "25"}], "event_type": "book", "last_trade_price": ""}, {"market": "0xdb9f8ca12161936e0f7b47926432096f217b6d789efaf2fad122c46491a13d04", "asset_id": "16810372549680281298781616821373871024118387283473204566227850855833375501643", "timestamp": "1769383667329", "hash": "022ba53dc6dde8eea2593d2122d2c28866edc53b", "bids": [{"price": "0.01", "size": "99.99"}, {"price": "0.02", "size": "25"}], "asks": [{"price": "0.99", "size": "99.6"}, {"price": "0.98", "size": "25.2"}, {"price": "0.96", "size": "5.47"}, {"price": "0.95", "size": "5.47"}], "event_type": "book", "last_trade_price": ""}, {"market": "0xc7668e3f86b281999192d17212b2f9a3efe70a7abfe04a50cf198d8332dfeef6", "asset_id": "20810520762719950554151000366096438932925794648642564027183587213360163839710", "timestamp": "1769382747121", "hash": "2806144d09c5c3e6fb49218c9cbf0e852b2a581c", "bids": [{"price": "0.01", "size": "99.99"}, {"price": "0.02", "size": "25"}], "asks": [{"price": "0.99", "size": "100"}, {"price": "0.98", "size": "25"}, {"price": "0.97", "size": "5.47"}, {"price": "0.96", "size": "5.47"}], "event_type": "book", "last_trade_price": ""}, {"market": "0x82285af5398030571b11498479bfb83a5f982503f9d9f2ef24cd5b30972330ca", "asset_id": "106968176816829393670397650219321104529636711003265160395467454181793510864298", "timestamp": "1769382745895", "hash": "b6285c787ff43a28cb5ea97ee2e1252f169edbe9", "bids": [{"price": "0.01", "size": "100"}, {"price": "0.02", "size": "25"}, {"price": "0.03", "size": "5.47"}, {"price": "0.04", "size": "5.47"}], "asks": [{"price": "0.99", "size": "99.99"}, {"price": "0.98", "size": "25"}], "event_type": "book", "last_trade_price": ""}, {"market": "0xdb9f8ca12161936e0f7b47926432096f217b6d789efaf2fad122c46491a13d04", "asset_id": "30078046659851292496059155064459308887067420513930779810878211679612152641588", "timestamp": "1769383667329", "hash": "0a85f71b2c38de44b9aa8d0437d3681c140bd0ed", "bids": [{"price": "0.01", "size": "99.6"}, {"price": "0.02", "size": "25.2"}, {"price": "0.04", "size": "5.47"}, {"price": "0.05", "size": "5.47"}], "asks": [{"price": "0.99", "size": "99.99"}, {"price": "0.98", "size": "25"}], "event_type": "book", "last_trade_price": ""}, {"market": "0x82285af5398030571b11498479bfb83a5f982503f9d9f2ef24cd5b30972330ca", "asset_id": "106697450292894328267547601779189446069855683883435557795087891234339819962717", "timestamp": "1769382745895", "hash": "7d21e1361bf06408e94d69c1e40b955bdf0ea988", "bids": [{"price": "0.01", "size": "99.99"}, {"price": "0.02", "size": "25"}], "asks": [{"price": "0.99", "size": "100"}, {"price": "0.98", "size": "25"}, {"price": "0.97", "size": "5.47"}, {"price": "0.96", "size": "5.47"}], "event_type": "book", "last_trade_price": ""}, {"market": "0xc7668e3f86b281999192d17212b2f9a3efe70a7abfe04a50cf198d8332dfeef6", "asset_id": "2221986696249553423373940801226291476541717702443089393489523579879348866281", "timestamp": "1769382747121", "hash": "86e5351faf58b5a0c06797e1eb92e05c7766edeb", "bids": [{"price": "0.01", "size": "100"}, {"price": "0.02", "size": "25"}, {"price": "0.03", "size": "5.47"}, {"price": "0.04", "size": "5.47"}], "asks": [{"price": "0.99", "size": "99.99"}, {"price": "0.98", "size": "25"}], "event_type": "book", "last_trade_price": ""}, {"market": "0x5938321e588da03f512e9b0c4f9a7f0d21191b9dea59f10c95ce411660144856", "asset_id": "71631092266233645026258528801370657186337617939979837542265439847744743152392", "timestamp": "1769383667329", "hash": "c3448d7cec1593a8ae741d8dd3f9fb9997c0d2a7", "bids": [{"price": "0.01", "size": "99.99"}, {"price": "0.02", "size": "25"}], "asks": [{"price": "0.99", "size": "109.08"}, {"price": "0.98", "size": "20.46"}, {"price": "0.97", "size": "5.47"}, {"price": "0.96", "size": "5.47"}], "event_type": "book", "last_trade_price": ""}, {"market": "0x2114e9875c8391653611db6f937642742b08fd83a35ab79bf41a05e1c03414ad", "asset_id": "32919595377135413972617610817848983258519094747925392568253792110979334092597", "timestamp": "1769381841697", "hash": "c9a8d6e1bffdc459d5f450059568c5357842073e", "bids": [{"price": "0.01", "size": "100"}, {"price": "0.02", "size": "25"}, {"price": "0.04", "size": "5.47"}, {"price": "0.05", "size": "5.47"}], "asks": [{"price": "0.99", "size": "99.99"}, {"price": "0.98", "size": "25"}], "event_type": "book", "last_trade_price": ""}, {"market": "0x2114e9875c8391653611db6f937642742b08fd83a35ab79bf41a05e1c03414ad", "asset_id": "68576451236778458985936460960928456630925506045034806183370957960414084949893", "timestamp": "1769381841697", "hash": "9d1ec3d12da657504db79154e933d80a98ded48d", "bids": [{"price": "0.01", "size": "99.99"}, {"price": "0.02", "size": "25"}], "asks": [{"price": "0.99", "size": "100"}, {"price": "0.98", "size": "25"}, {"price": "0.96", "size": "5.47"}, {"price": "0.95", "size": "5.47"}], "event_type": "book", "last_trade_price": ""}]}
