{"_local_timestamp": "2026-01-25T23:34:37.333243+00:00", "data": [{"market": "0x053596f5b7831dca462eb25fd29a9f6d326f74f2a1318b604ce98929add87c81", "asset_id": "58877846399177634095033340292634203213739569702927350247269312301852908929773", "timestamp": "1769380975107", "hash": "1b7a6492f44f769577012b5fc899a8d7efe9eab3", "bids": [{"price": "0.01", "size": "99.99"}, {"price": "0.02", "size": "5.47"}], "asks": [{"price": "0.99", "size": "100"}], "event_type": "book", "last_trade_price": ""}, {"market": "0x2ec82ccdcf1a8780d9f54e6f36d19745485036dfa7f3612f3d52709eef945252", "asset_id": "95276579257095468352679180958405479590042399000403855847083466798836529657026", "timestamp": "1769380971568", "hash": "292c4375320bfa2dd7a5ec2b6420b3b846cfd391", "bids": [{"price": "0.01", "size": "100"}], "asks": [{"price": "0.99", "size": "99.99"}, {"price": "0.98", "size": "5.47"}], "event_type": "book", "last_trade_price": ""}, {"market": "0x2ec82ccdcf1a8780d9f54e6f36d19745485036dfa7f3612f3d52709eef945252", "asset_id": "76073964065680427251269393393478890189869235684429492221445302586967517770352", "timestamp": "1769380971568", "hash": "ca93298ccef25bed660769deb1150b802cd26a72", "bids": [{"price": "0.01", "size": "99.99"}, {"price": "0.02", "size": "5.47"}], "asks": [{"price": "0.99", "size": "100"}], "event_type": "book", "last_trade_price": ""}, {"market": "0x49bc9f60303af04dcff18710da7a13d6e50251d5e9b6de324fcf2e7423c46970", "asset_id": "61600267513878067311883461876898472945344195703929650749438288277269641254835", "timestamp": "1769382758552", "hash": "ab491b6d46b87c43c3747fb048c92a7d80b294c7", "bids": [{"price": "0.01", "size": "99.99"}, {"price": "0.02", "size": "5.47"}], "asks": [{"price": "0.99", "size": "99.99"}], "event_type": "book", "last_trade_price": ""}, {"market": "0x3722cd1e69991045d634b670124861b168cf19aae08e003ecaf4309e930d21c3", "asset_id": "93439255355506059964547637474016206932002701350082062628771561347122032533304", "timestamp": "1769382758014", "hash": "a3dcf37d6f74724327367fd12a2f61f6f607eebf", "bids": [{"price": "0.01", "size": "99.99"}, {"price": "0.02", "size": "5.47"}], "asks": [{"price": "0.99", "size": "99.99"}], "event_type": "book", "last_trade_price": ""}, {"market": "0x49bc9f60303af04dcff18710da7a13d6e50251d5e9b6de324fcf2e7423c46970", "asset_id": "32733949027399543161080760651163884369517972111270102150811381675717266835330", "timestamp": "1769382758552", "hash": "14c78456a0b73035226ed3cf18834f37053c0286", "bids": [{"price": "0.01", "size": "99.99"}], "asks": [{"price": "0.99", "size": "99.99"}, {"price": "0.98", "size": "5.47"}], "event_type": "book", "last_trade_price": ""}, {"market": "0x053596f5b7831dca462eb25fd29a9f6d326f74f2a1318b604ce98929add87c81", "asset_id": "109405185473191296361234503345982807640907938078650162205166074172710511052454", "timestamp": "1769380975107", "hash": "c2e0b774cb76d0f676fdabbf8ed2ea5496ead0f3", "bids": [{"price": "0.01", "size": "100"}], "asks": [{"price": "0.99", "size": "99.99"}, {"price": "0.98", "size": "5.47"}], "event_type": "book", "last_trade_price": ""}, {"market": "0x3722cd1e69991045d634b670124861b168cf19aae08e003ecaf4309e930d21c3", "asset_id": "105696086090193511604852650094772002909942945095734814814252421766022933154924", "timestamp": "1769382758014", "hash": "07346698d381166f252e8c15f01c9fbaca7ad758", "bids": [{"price": "0.01", "size": "99.99"}], "asks": [{"price": "0.99", "size": "99.99"}, {"price": "0.98", "size": "5.47"}], "event_type": "book", "last_trade_price": ""}, {"market": "0x766e89ff9278127fcf0ea6a7e3d427f23994e4bfe927756f05e953cf4f831bc3", "asset_id": "68773089796753313715571299280895130801909512028895274163372695201338543282558", "timestamp": "1769382759265", "hash": "ba0f6166d1be4979b8a4f279c06a2c57ab105e24", "bids": [{"price": "0.01", "size": "99.99"}, {"price": "0.02", "size": "5.47"}], "asks": [{"price": "0.99", "size": "99.99"}], "event_type": "book", "last_trade_price": ""}, {"market": "0x766e89ff9278127fcf0ea6a7e3d427f23994e4bfe927756f05e953cf4f831bc3", "asset_id": "14698132533224939373488527405932915240507245633149280618775604673721267870622", "timestamp": "1769382759265", "hash": "d7beb8f90b630b8d1e06880f27548d32c33658e3", "bids": [{"price": "0.01", "size": "99.99"}], "asks": [{"price": "0.99", "size": "99.99"}, {"price": "0.98", "size": "5.47"}], "event_type": "book", "last_trade_price": ""}]}
