{"_local_timestamp": "2026-01-25T23:41:31.772909+00:00", "data": [{"market": "0x463427ac056d971a5a74ba4dda327a63c6f7f28e2474870bec0dc08abdd84048", "asset_id": "65280210035775131748189957893393961982950582542224512469368762732986069437827", "timestamp": "1769383807273", "hash": "cd43523c44063289a9cf7b508ed21a3b3e7bdf49", "bids": [{"price": "0.01", "size": "914.69"}, {"price": "0.02", "size": "409.09"}, {"price": "0.03", "size": "66"}, {"price": "0.04", "size": "171.44"}, {"price": "0.05", "size": "40"}, {"price": "0.06", "size": "5.47"}], "asks": [{"price": "0.99", "size": "627.81"}, {"price": "0.98", "size": "23.31"}, {"price": "0.97", "size": "691"}, {"price": "0.96", "size": "81.34"}, {"price": "0.95", "size": "100"}, {"price": "0.94", "size": "16.7"}, {"price": "0.92", "size": "168"}, {"price": "0.91", "size": "39"}], "event_type": "book", "last_trade_price": ""}, {"market": "0x739cd273ee3ba34773f7def535f5554b35d6dbf53482ca62c84471df6f449d83", "asset_id": "67545145512185916011948809157034014685284041358107468788186519411216314344533", "timestamp": "1769383806261", "hash": "4b406ac0e462f4b1cbb80b57cb69704e9c54ab05", "bids": [{"price": "0.01", "size": "627.81"}, {"price": "0.02", "size": "23.31"}, {"price": "0.03", "size": "625"}, {"price": "0.04", "size": "131.34"}, {"price": "0.05", "size": "100"}, {"price": "0.06", "size": "16.7"}, {"price": "0.08", "size": "168"}, {"price": "0.09", "size": "39"}], "asks": [{"price": "0.99", "size": "864.69"}, {"price": "0.98", "size": "409.09"}, {"price": "0.97", "size": "66"}, {"price": "0.96", "size": "171.44"}, {"price": "0.95", "size": "40"}, {"price": "0.94", "size": "5.47"}], "event_type": "book", "last_trade_price": ""}, {"market": "0xe8570685c240c53d1e7f446f1fbedb34225a45d510e88a97931e9f3395bae98a", "asset_id": "113425902309503908560934182081816013447376519737225449107545640737853021679290", "timestamp": "1769383808266", "hash": "634d730de4915b0be324ef38caea04fc2e5ddc38", "bids": [{"price": "0.01", "size": "1239.69"}, {"price": "0.02", "size": "84.09"}, {"price": "0.03", "size": "66"}, {"price": "0.04", "size": "171.44"}, {"price": "0.05", "size": "40"}, {"price": "0.06", "size": "5.47"}], "asks": [{"price": "0.99", "size": "627.81"}, {"price": "0.98", "size": "23.31"}, {"price": "0.97", "size": "625"}, {"price": "0.96", "size": "131.34"}, {"price": "0.95", "size": "100"}, {"price": "0.94", "size": "16.7"}, {"price": "0.92", "size": "168"}, {"price": "0.91", "size": "39"}], "event_type": "book", "last_trade_price": ""}, {"market": "0x463427ac056d971a5a74ba4dda327a63c6f7f28e2474870bec0dc08abdd84048", "asset_id": "52767433017157836987406782943303657307205860071649719498690715755098882814737", "timestamp": "1769383807273", "hash": "08f0e5e497c73e610a3ca997a2e2564194d1b5b6", "bids": [{"price": "0.01", "size": "627.81"}, {"price": "0.02", "size": "23.31"}, {"price": "0.03", "size": "691"}, {"price": "0.04", "size": "81.34"}, {"price": "0.05", "size": "100"}, {"price": "0.06", "size": "16.7"}, {"price": "0.08", "size": "168"}, {"price": "0.09", "size": "39"}], "asks": [{"price": "0.99", "size": "914.69"}, {"price": "0.98", "size": "409.09"}, {"price": "0.97", "size": "66"}, {"price": "0.96", "size": "171.44"}, {"price": "0.95", "size": "40"}, {"price": "0.94", "size": "5.47"}], "event_type": "book", "last_trade_price": ""}, {"market": "0x739cd273ee3ba34773f7def535f5554b35d6dbf53482ca62c84471df6f449d83", "asset_id": "33184859366581980228588976344132313715999798327839965946146683142787609937010", "timestamp": "1769383806261", "hash": "b8c0170e0010d6bc2d1f6679e70551342effb816", "bids": [{"price": "0.01", "size": "864.69"}, {"price": "0.02", "size": "409.09"}, {"price": "0.03", "size": "66"}, {"price": "0.04", "size": "171.44"}, {"price": "0.05", "size": "40"}, {"price": "0.06", "size": "5.47"}], "asks": [{"price": "0.99", "size": "627.81"}, {"price": "0.98", "size": "23.31"}, {"price": "0.97", "size": "625"}, {"price": "0.96", "size": "131.34"}, {"price": "0.95", "size": "100"}, {"price": "0.94", "size": "16.7"}, {"price": "0.92", "size": "168"}, {"price": "0.91", "size": "39"}], "event_type": "book", "last_trade_price": ""}, {"market": "0xe8570685c240c53d1e7f446f1fbedb34225a45d510e88a97931e9f3395bae98a", "asset_id": "93369097483235352397329874979123262730363282360254861440995634279350222041012", "timestamp": "1769383808266", "hash": "6e5df49463c55512633f9ffbd55c97e8d3b8f33f", "bids": [{"price": "0.01", "size": "627.81"}, {"price": "0.02", "size": "23.31"}, {"price": "0.03", "size": "625"}, {"price": "0.04", "size": "131.34"}, {"price": "0.05", "size": "100"}, {"price": "0.06", "size": "16.7"}, {"price": "0.08", "size": "168"}, {"price": "0.09", "size": "39"}], "asks": [{"price": "0.99", "size": "1239.69"}, {"price": "0.98", "size": "84.09"}, {"price": "0.97", "size": "66"}, {"price": "0.96", "size": "171.44"}, {"price": "0.95", "size": "40"}, {"price": "0.94", "size": "5.47"}], "event_type": "book", "last_trade_price": ""}]}
