{"_local_timestamp": "2026-01-25T23:33:32.229140+00:00", "data": [{"market": "0x9e7d0ba6b1c3c1c1588c37ee9be67338165ffe29250f59dc0187f60b6daf0dcc", "asset_id": "73094766977008094033494430119602497116641460052059268126433852916856652228343", "timestamp": "1769383907661", "hash": "a714a7055853bd4082b25526543a03ab38d91e9f", "bids": [{"price": "0.01", "size": "3219.71"}, {"price": "0.02", "size": "2200"}, {"price": "0.03", "size": "9.08"}, {"price": "0.05", "size": "630"}, {"price": "0.06", "size": "233"}, {"price": "0.09", "size": "300"}, {"price": "0.1", "size": "6.3"}, {"price": "0.11", "size": "46.16"}, {"price": "0.12", "size": "25"}, {"price": "0.13", "size": "15"}, {"price": "0.85", "size": "40"}, {"price": "0.86", "size": "20"}, {"price": "0.87", "size": "20"}, {"price": "0.88", "size": "2.66"}, {"price": "0.9", "size": "200"}, {"price": "0.91", "size": "104.41"}], "asks": [{"price": "0.99", "size": "10"}, {"price": "0.98", "size": "26.82"}, {"price": "0.97", "size": "435.11"}, {"price": "0.96", "size": "237.9"}, {"price": "0.95", "size": "33.84"}, {"price": "0.94", "size": "18.93"}], "event_type": "book", "last_trade_price": "0.060"}, {"market": "0x9e7d0ba6b1c3c1c1588c37ee9be67338165ffe29250f59dc0187f60b6daf0dcc", "asset_id": "21664220570361243989543576466432462439802485189480281456113761444299134336141", "timestamp": "1769383907661", "hash": "2210decca75afad4ce00782f799f856c0f6eaade", "bids": [{"price": "0.01", "size": "10"}, {"price": "0.02", "size": "26.82"}, {"price": "0.03", "size": "435.11"}, {"price": "0.04", "size": "237.9"}, {"price": "0.05", "size": "33.84"}, {"price": "0.06", "size": "18.93"}], "asks": [{"price": "0.99", "size": "3219.71"}, {"price": "0.98", "size": "2200"}, {"price": "0.97", "size": "9.08"}, {"price": "0.95", "size": "630"}, {"price": "0.94", "size": "233"}, {"price": "0.91", "size": "300"}, {"price": "0.9", "size": "6.3"}, {"price": "0.89", "size": "46.16"}, {"price": "0.88", "size": "25"}, {"price": "0.87", "size": "15"}, {"price": "0.15", "size": "40"}, {"price": "0.14", "size": "20"}, {"price": "0.13", "size": "20"}, {"price": "0.12", "size": "2.66"}, {"price": "0.1", "size": "200"}, {"price": "0.09", "size": "104.41"}], "event_type": "book", "last_trade_price": "0.060"}]}
{"_local_timestamp": "2026-01-25T23:34:20.126941+00:00", "data": {"market": "0x9e7d0ba6b1c3c1c1588c37ee9be67338165ffe29250f59dc0187f60b6daf0dcc", "price_changes": [{"asset_id": "21664220570361243989543576466432462439802485189480281456113761444299134336141", "price": "0.09", "size": "66.59", "side": "SELL", "hash": "a331018a24347a228be0806e588ed8c4a62ed5dd", "best_bid": "0.06", "best_ask": "0.09"}, {"asset_id": "73094766977008094033494430119602497116641460052059268126433852916856652228343", "price": "0.91", "size": "66.59", "side": "BUY", "hash": "8ab8e7deee067158dc55bbabccb9caad28b3b3f9", "best_bid": "0.91", "best_ask": "0.94"}], "timestamp": "1769384060023", "event_type": "price_change"}}
{"_local_timestamp": "2026-01-25T23:34:21.280474+00:00", "data": {"market": "0x9e7d0ba6b1c3c1c1588c37ee9be67338165ffe29250f59dc0187f60b6daf0dcc", "price_changes": [{"asset_id": "21664220570361243989543576466432462439802485189480281456113761444299134336141", "price": "0.09", "size": "104.41", "side": "SELL", "hash": "e424eec57f78975aad9a28013f1b457ca0b35f8d", "best_bid": "0.06", "best_ask": "0.09"}, {"asset_id": "73094766977008094033494430119602497116641460052059268126433852916856652228343", "price": "0.91", "size": "104.41", "side": "BUY", "hash": "7abc485eda8c7fe888098970b75b6384fb9dbbb2", "best_bid": "0.91", "best_ask": "0.94"}], "timestamp": "1769384061201", "event_type": "price_change"}}
{"_local_timestamp": "2026-01-25T23:34:24.248970+00:00", "data": {"market": "0x9e7d0ba6b1c3c1c1588c37ee9be67338165ffe29250f59dc0187f60b6daf0dcc", "price_changes": [{"asset_id": "21664220570361243989543576466432462439802485189480281456113761444299134336141", "price": "0.03", "size": "420", "side": "BUY", "hash": "85032862d0e4468dd78491ddfb0b2a7844383818", "best_bid": "0.06", "best_ask": "0.09"}, {"asset_id": "73094766977008094033494430119602497116641460052059268126433852916856652228343", "price": "0.97", "size": "420", "side": "SELL", "hash": "0d9113d462367b89550234eb26c7a86c15d6a774", "best_bid": "0.91", "best_ask": "0.94"}], "timestamp": "1769384064154", "event_type": "price_change"}}
{"_local_timestamp": "2026-01-25T23:34:24.249499+00:00", "data": {"market": "0x9e7d0ba6b1c3c1c1588c37ee9be67338165ffe29250f59dc0187f60b6daf0dcc", "price_changes": [{"asset_id": "21664220570361243989543576466432462439802485189480281456113761444299134336141", "price": "0.05", "size": "25.64", "side": "BUY", "hash": "85032862d0e4468dd78491ddfb0b2a7844383818", "best_bid": "0.06", "best_ask": "0.09"}, {"asset_id": "73094766977008094033494430119602497116641460052059268126433852916856652228343", "price": "0.95", "size": "25.64", "side": "SELL", "hash": "0d9113d462367b89550234eb26c7a86c15d6a774", "best_bid": "0.91", "best_ask": "0.94"}], "timestamp": "1769384064154", "event_type": "price_change"}}
{"_local_timestamp": "2026-01-25T23:34:24.531930+00:00", "data": {"market": "0x9e7d0ba6b1c3c1c1588c37ee9be67338165ffe29250f59dc0187f60b6daf0dcc", "price_changes": [{"asset_id": "21664220570361243989543576466432462439802485189480281456113761444299134336141", "price": "0.03", "size": "435.11", "side": "BUY", "hash": "79576a881f40f3ebb72d6bf71cd4613d10d54207", "best_bid": "0.06", "best_ask": "0.09"}, {"asset_id": "73094766977008094033494430119602497116641460052059268126433852916856652228343", "price": "0.97", "size": "435.11", "side": "SELL", "hash": "b16a007ba9a2da786aee204686e240ea82bc76fc", "best_bid": "0.91", "best_ask": "0.94"}], "timestamp": "1769384064455", "event_type": "price_change"}}
{"_local_timestamp": "2026-01-25T23:34:24.532293+00:00", "data": {"market": "0x9e7d0ba6b1c3c1c1588c37ee9be67338165ffe29250f59dc0187f60b6daf0dcc", "price_changes": [{"asset_id": "21664220570361243989543576466432462439802485189480281456113761444299134336141", "price": "0.05", "size": "33.84", "side": "BUY", "hash": "0c1ab05f50bcbba85abdaaf10b754eb34644e676", "best_bid": "0.06", "best_ask": "0.09"}, {"asset_id": "73094766977008094033494430119602497116641460052059268126433852916856652228343", "price": "0.95", "size": "33.84", "side": "SELL", "hash": "3cbf3ef0c897d11a8c511eb7fa0b742dd3c072b2", "best_bid": "0.91", "best_ask": "0.94"}], "timestamp": "1769384064456", "event_type": "price_change"}}
