{"_local_timestamp": "2026-01-25T23:33:32.343792+00:00", "data": [{"market": "0x2e0d80637f24684901111de46e3598eba915c40b5c09bc86f0716b085a23b7bc", "asset_id": "78985989062813388216350041507600140134209773053125182404577308955003269296652", "timestamp": "1769383919850", "hash": "4ec8351a42f92ec3454896e6cfa86ef73940e450", "bids": [{"price": "0.01", "size": "11050"}, {"price": "0.02", "size": "6548.25"}, {"price": "0.03", "size": "2098.76"}, {"price": "0.04", "size": "1797.43"}, {"price": "0.05", "size": "184.45"}], "asks": [{"price": "0.99", "size": "7941.07"}, {"price": "0.98", "size": "3250"}, {"price": "0.97", "size": "6.83"}, {"price": "0.95", "size": "30"}, {"price": "0.94", "size": "33"}, {"price": "0.92", "size": "700"}, {"price": "0.91", "size": "250"}, {"price": "0.9", "size": "6.97"}, {"price": "0.86", "size": "550"}, {"price": "0.8", "size": "500"}, {"price": "0.79", "size": "760"}, {"price": "0.78", "size": "2108"}, {"price": "0.7", "size": "200"}, {"price": "0.6", "size": "1625"}, {"price": "0.59", "size": "5"}, {"price": "0.5", "size": "220.2"}, {"price": "0.24", "size": "36.27"}, {"price": "0.18", "size": "36"}, {"price": "0.16", "size": "1000"}, {"price": "0.15", "size": "36"}, {"price": "0.12", "size": "2076"}, {"price": "0.1", "size": "5"}, {"price": "0.09", "size": "729.03"}, {"price": "0.08", "size": "540.56"}, {"price": "0.07", "size": "2622.57"}, {"price": "0.06", "size": "555.01"}], "event_type": "book", "last_trade_price": "0.060"}, {"market": "0x2e0d80637f24684901111de46e3598eba915c40b5c09bc86f0716b085a23b7bc", "asset_id": "79267526005452523167220862982818067841334246307465290080685605032141457471489", "timestamp": "1769383919850", "hash": "5158c3c4f96d4f79febfffd881fde716d39f5546", "bids": [{"price": "0.01", "size": "7941.07"}, {"price": "0.02", "size": "3250"}, {"price": "0.03", "size": "6.83"}, {"price": "0.05", "size": "30"}, {"price": "0.06", "size": "33"}, {"price": "0.08", "size": "700"}, {"price": "0.09", "size": "250"}, {"price": "0.1", "size": "6.97"}, {"price": "0.14", "size": "550"}, {"price": "0.2", "size": "500"}, {"price": "0.21", "size": "760"}, {"price": "0.22", "size": "2108"}, {"price": "0.3", "size": "200"}, {"price": "0.4", "size": "1625"}, {"price": "0.41", "size": "5"}, {"price": "0.5", "size": "220.2"}, {"price": "0.76", "size": "36.27"}, {"price": "0.82", "size": "36"}, {"price": "0.84", "size": "1000"}, {"price": "0.85", "size": "36"}, {"price": "0.88", "size": "2076"}, {"price": "0.9", "size": "5"}, {"price": "0.91", "size": "729.03"}, {"price": "0.92", "size": "540.56"}, {"price": "0.93", "size": "2622.57"}, {"price": "0.94", "size": "555.01"}], "asks": [{"price": "0.99", "size": "11050"}, {"price": "0.98", "size": "6548.25"}, {"price": "0.97", "size": "2098.76"}, {"price": "0.96", "size": "1797.43"}, {"price": "0.95", "size": "184.45"}], "event_type": "book", "last_trade_price": "0.060"}]}
{"_local_timestamp": "2026-01-25T23:33:33.076833+00:00", "data": {"market": "0x2e0d80637f24684901111de46e3598eba915c40b5c09bc86f0716b085a23b7bc", "price_changes": [{"asset_id": "78985989062813388216350041507600140134209773053125182404577308955003269296652", "price": "0.02", "size": "6522.62", "side": "BUY", "hash": "87a416f5bf1018c503a8d27021c8e471fb1841ee", "best_bid": "0.05", "best_ask": "0.06"}, {"asset_id": "79267526005452523167220862982818067841334246307465290080685605032141457471489", "price": "0.98", "size": "6522.62", "side": "SELL", "hash": "fc636aeb98466469c3fba2d5308b7fe4d8ed82db", "best_bid": "0.94", "best_ask": "0.95"}], "timestamp": "1769384012997", "event_type": "price_change"}}
{"_local_timestamp": "2026-01-25T23:33:33.077293+00:00", "data": {"market": "0x2e0d80637f24684901111de46e3598eba915c40b5c09bc86f0716b085a23b7bc", "price_changes": [{"asset_id": "78985989062813388216350041507600140134209773053125182404577308955003269296652", "price": "0.03", "size": "2082.52", "side": "BUY", "hash": "87a416f5bf1018c503a8d27021c8e471fb1841ee", "best_bid": "0.05", "best_ask": "0.06"}, {"asset_id": "79267526005452523167220862982818067841334246307465290080685605032141457471489", "price": "0.97", "size": "2082.52", "side": "SELL", "hash": "fc636aeb98466469c3fba2d5308b7fe4d8ed82db", "best_bid": "0.94", "best_ask": "0.95"}], "timestamp": "1769384012997", "event_type": "price_change"}}
{"_local_timestamp": "2026-01-25T23:33:33.462090+00:00", "data": {"market": "0x2e0d80637f24684901111de46e3598eba915c40b5c09bc86f0716b085a23b7bc", "price_changes": [{"asset_id": "78985989062813388216350041507600140134209773053125182404577308955003269296652", "price": "0.02", "size": "6548.25", "side": "BUY", "hash": "b929396eeafe367f835e2fad67c7f361013d4ef8", "best_bid": "0.05", "best_ask": "0.06"}, {"asset_id": "79267526005452523167220862982818067841334246307465290080685605032141457471489", "price": "0.98", "size": "6548.25", "side": "SELL", "hash": "9334170ef435322f5fba6d247aff264293914399", "best_bid": "0.94", "best_ask": "0.95"}], "timestamp": "1769384013287", "event_type": "price_change"}}
{"_local_timestamp": "2026-01-25T23:33:33.472124+00:00", "data": {"market": "0x2e0d80637f24684901111de46e3598eba915c40b5c09bc86f0716b085a23b7bc", "price_changes": [{"asset_id": "78985989062813388216350041507600140134209773053125182404577308955003269296652", "price": "0.03", "size": "2098.76", "side": "BUY", "hash": "42d3ba8aa159059451cab47587a9b8e591bbd390", "best_bid": "0.05", "best_ask": "0.06"}, {"asset_id": "79267526005452523167220862982818067841334246307465290080685605032141457471489", "price": "0.97", "size": "2098.76", "side": "SELL", "hash": "999e445cad04457e2d20232b99af9439868fc509", "best_bid": "0.94", "best_ask": "0.95"}], "timestamp": "1769384013288", "event_type": "price_change"}}
{"_local_timestamp": "2026-01-25T23:34:49.832987+00:00", "data": {"market": "0x2e0d80637f24684901111de46e3598eba915c40b5c09bc86f0716b085a23b7bc", "price_changes": [{"asset_id": "78985989062813388216350041507600140134209773053125182404577308955003269296652", "price": "0.02", "size": "6522.62", "side": "BUY", "hash": "31ac355ccffb38dbd672710f73012d64e7f8ad83", "best_bid": "0.05", "best_ask": "0.06"}, {"asset_id": "79267526005452523167220862982818067841334246307465290080685605032141457471489", "price": "0.98", "size": "6522.62", "side": "SELL", "hash": "d75a443bcea2e39a1402beccd30637bb20c59029", "best_bid": "0.94", "best_ask": "0.95"}], "timestamp": "1769384089764", "event_type": "price_change"}}
{"_local_timestamp": "2026-01-25T23:34:49.833946+00:00", "data": {"market": "0x2e0d80637f24684901111de46e3598eba915c40b5c09bc86f0716b085a23b7bc", "price_changes": [{"asset_id": "78985989062813388216350041507600140134209773053125182404577308955003269296652", "price": "0.03", "size": "2082.52", "side": "BUY", "hash": "31ac355ccffb38dbd672710f73012d64e7f8ad83", "best_bid": "0.05", "best_ask": "0.06"}, {"asset_id": "79267526005452523167220862982818067841334246307465290080685605032141457471489", "price": "0.97", "size": "2082.52", "side": "SELL", "hash": "d75a443bcea2e39a1402beccd30637bb20c59029", "best_bid": "0.94", "best_ask": "0.95"}], "timestamp": "1769384089764", "event_type": "price_change"}}
{"_local_timestamp": "2026-01-25T23:34:52.993142+00:00", "data": {"market": "0x2e0d80637f24684901111de46e3598eba915c40b5c09bc86f0716b085a23b7bc", "price_changes": [{"asset_id": "78985989062813388216350041507600140134209773053125182404577308955003269296652", "price": "0.03", "size": "2098.76", "side": "BUY", "hash": "08c0b27b318d1ec8513b15f1af0ba09e165780d9", "best_bid": "0.05", "best_ask": "0.06"}, {"asset_id": "79267526005452523167220862982818067841334246307465290080685605032141457471489", "price": "0.97", "size": "2098.76", "side": "SELL", "hash": "3eab943477cd751f2d1b555493667679e2fd0c8f", "best_bid": "0.94", "best_ask": "0.95"}], "timestamp": "1769384092923", "event_type": "price_change"}}
{"_local_timestamp": "2026-01-25T23:34:52.993527+00:00", "data": {"market": "0x2e0d80637f24684901111de46e3598eba915c40b5c09bc86f0716b085a23b7bc", "price_changes": [{"asset_id": "78985989062813388216350041507600140134209773053125182404577308955003269296652", "price": "0.02", "size": "6548.25", "side": "BUY", "hash": "de80637a9531da4a28f2b9f03b64db3c405f1523", "best_bid": "0.05", "best_ask": "0.06"}, {"asset_id": "79267526005452523167220862982818067841334246307465290080685605032141457471489", "price": "0.98", "size": "6548.25", "side": "SELL", "hash": "f0905f9b396e986b989c3f90a24f5f103ed1d434", "best_bid": "0.94", "best_ask": "0.95"}], "timestamp": "1769384092924", "event_type": "price_change"}}
{"_local_timestamp": "2026-01-25T23:35:57.083483+00:00", "data": {"market": "0x2e0d80637f24684901111de46e3598eba915c40b5c09bc86f0716b085a23b7bc", "price_changes": [{"asset_id": "78985989062813388216350041507600140134209773053125182404577308955003269296652", "price": "0.01", "size": "9950", "side": "BUY", "hash": "556c10921101d4b1f055a40209d20248e1c89c0e", "best_bid": "0.05", "best_ask": "0.06"}, {"asset_id": "79267526005452523167220862982818067841334246307465290080685605032141457471489", "price": "0.99", "size": "9950", "side": "SELL", "hash": "5d1dbdc5c0272390a127f295422182d6d46b2528", "best_bid": "0.94", "best_ask": "0.95"}], "timestamp": "1769384157000", "event_type": "price_change"}}
{"_local_timestamp": "2026-01-25T23:36:14.631055+00:00", "data": {"market": "0x2e0d80637f24684901111de46e3598eba915c40b5c09bc86f0716b085a23b7bc", "price_changes": [{"asset_id": "78985989062813388216350041507600140134209773053125182404577308955003269296652", "price": "0.01", "size": "11050", "side": "BUY", "hash": "ccbc69d7143df3b93141663fbe30b4798cbf6237", "best_bid": "0.05", "best_ask": "0.06"}, {"asset_id": "79267526005452523167220862982818067841334246307465290080685605032141457471489", "price": "0.99", "size": "11050", "side": "SELL", "hash": "60e6fc82795810cacd384795f58315d132c8d7a4", "best_bid": "0.94", "best_ask": "0.95"}], "timestamp": "1769384174563", "event_type": "price_change"}}
{"_local_timestamp": "2026-01-25T23:37:04.553561+00:00", "data": {"market": "0x2e0d80637f24684901111de46e3598eba915c40b5c09bc86f0716b085a23b7bc", "price_changes": [{"asset_id": "78985989062813388216350041507600140134209773053125182404577308955003269296652", "price": "0.12", "size": "2040", "side": "SELL", "hash": "92d5da0c73015401a774e6c18d5206474755f3a2", "best_bid": "0.05", "best_ask": "0.06"}, {"asset_id": "79267526005452523167220862982818067841334246307465290080685605032141457471489", "price": "0.88", "size": "2040", "side": "BUY", "hash": "6aa17efb5b7d2fdb5491392a2a5f2cd5177171dd", "best_bid": "0.94", "best_ask": "0.95"}], "timestamp": "1769384224351", "event_type": "price_change"}}
{"_local_timestamp": "2026-01-25T23:37:04.554016+00:00", "data": {"market": "0x2e0d80637f24684901111de46e3598eba915c40b5c09bc86f0716b085a23b7bc", "price_changes": [{"asset_id": "78985989062813388216350041507600140134209773053125182404577308955003269296652", "price": "0.09", "size": "693.03", "side": "SELL", "hash": "92d5da0c73015401a774e6c18d5206474755f3a2", "best_bid": "0.05", "best_ask": "0.06"}, {"asset_id": "79267526005452523167220862982818067841334246307465290080685605032141457471489", "price": "0.91", "size": "693.03", "side": "BUY", "hash": "6aa17efb5b7d2fdb5491392a2a5f2cd5177171dd", "best_bid": "0.94", "best_ask": "0.95"}], "timestamp": "1769384224351", "event_type": "price_change"}}
{"_local_timestamp": "2026-01-25T23:37:04.554317+00:00", "data": {"market": "0x2e0d80637f24684901111de46e3598eba915c40b5c09bc86f0716b085a23b7bc", "price_changes": [{"asset_id": "78985989062813388216350041507600140134209773053125182404577308955003269296652", "price": "0.06", "size": "519.01", "side": "SELL", "hash": "92d5da0c73015401a774e6c18d5206474755f3a2", "best_bid": "0.05", "best_ask": "0.06"}, {"asset_id": "79267526005452523167220862982818067841334246307465290080685605032141457471489", "price": "0.94", "size": "519.01", "side": "BUY", "hash": "6aa17efb5b7d2fdb5491392a2a5f2cd5177171dd", "best_bid": "0.94", "best_ask": "0.95"}], "timestamp": "1769384224351", "event_type": "price_change"}}
{"_local_timestamp": "2026-01-25T23:37:04.554610+00:00", "data": {"market": "0x2e0d80637f24684901111de46e3598eba915c40b5c09bc86f0716b085a23b7bc", "price_changes": [{"asset_id": "78985989062813388216350041507600140134209773053125182404577308955003269296652", "price": "0.15", "size": "0", "side": "SELL", "hash": "92d5da0c73015401a774e6c18d5206474755f3a2", "best_bid": "0.05", "best_ask": "0.06"}, {"asset_id": "79267526005452523167220862982818067841334246307465290080685605032141457471489", "price": "0.85", "size": "0", "side": "BUY", "hash": "6aa17efb5b7d2fdb5491392a2a5f2cd5177171dd", "best_bid": "0.94", "best_ask": "0.95"}], "timestamp": "1769384224351", "event_type": "price_change"}}
{"_local_timestamp": "2026-01-25T23:37:04.554952+00:00", "data": {"market": "0x2e0d80637f24684901111de46e3598eba915c40b5c09bc86f0716b085a23b7bc", "price_changes": [{"asset_id": "78985989062813388216350041507600140134209773053125182404577308955003269296652", "price": "0.18", "size": "0", "side": "SELL", "hash": "92d5da0c73015401a774e6c18d5206474755f3a2", "best_bid": "0.05", "best_ask": "0.06"}, {"asset_id": "79267526005452523167220862982818067841334246307465290080685605032141457471489", "price": "0.82", "size": "0", "side": "BUY", "hash": "6aa17efb5b7d2fdb5491392a2a5f2cd5177171dd", "best_bid": "0.94", "best_ask": "0.95"}], "timestamp": "1769384224351", "event_type": "price_change"}}
{"_local_timestamp": "2026-01-25T23:37:31.953605+00:00", "data": {"market": "0x2e0d80637f24684901111de46e3598eba915c40b5c09bc86f0716b085a23b7bc", "price_changes": [{"asset_id": "78985989062813388216350041507600140134209773053125182404577308955003269296652", "price": "0.06", "size": "555.01", "side": "SELL", "hash": "75baff555864902e63b49b8fca92d258409872cc", "best_bid": "0.05", "best_ask": "0.06"}, {"asset_id": "79267526005452523167220862982818067841334246307465290080685605032141457471489", "price": "0.94", "size": "555.01", "side": "BUY", "hash": "3c1befaa34c2492941b44c16989c3fdc7143d9ef", "best_bid": "0.94", "best_ask": "0.95"}], "timestamp": "1769384251814", "event_type": "price_change"}}
{"_local_timestamp": "2026-01-25T23:37:31.954001+00:00", "data": {"market": "0x2e0d80637f24684901111de46e3598eba915c40b5c09bc86f0716b085a23b7bc", "price_changes": [{"asset_id": "78985989062813388216350041507600140134209773053125182404577308955003269296652", "price": "0.18", "size": "36", "side": "SELL", "hash": "4206b608d87c9de53c94149841415814c01fd0f6", "best_bid": "0.05", "best_ask": "0.06"}, {"asset_id": "79267526005452523167220862982818067841334246307465290080685605032141457471489", "price": "0.82", "size": "36", "side": "BUY", "hash": "03db7b465fda0462f08496a9683a9cf8a3896b63", "best_bid": "0.94", "best_ask": "0.95"}], "timestamp": "1769384251815", "event_type": "price_change"}}
{"_local_timestamp": "2026-01-25T23:37:31.961370+00:00", "data": {"market": "0x2e0d80637f24684901111de46e3598eba915c40b5c09bc86f0716b085a23b7bc", "price_changes": [{"asset_id": "78985989062813388216350041507600140134209773053125182404577308955003269296652", "price": "0.12", "size": "2076", "side": "SELL", "hash": "cc0ba0e49e0db056fbe2788538431e892fe37aff", "best_bid": "0.05", "best_ask": "0.06"}, {"asset_id": "79267526005452523167220862982818067841334246307465290080685605032141457471489", "price": "0.88", "size": "2076", "side": "BUY", "hash": "875e9095ca00b8f6a9b32753eaec5f715329bd31", "best_bid": "0.94", "best_ask": "0.95"}], "timestamp": "1769384251817", "event_type": "price_change"}}
{"_local_timestamp": "2026-01-25T23:37:31.961774+00:00", "data": {"market": "0x2e0d80637f24684901111de46e3598eba915c40b5c09bc86f0716b085a23b7bc", "price_changes": [{"asset_id": "78985989062813388216350041507600140134209773053125182404577308955003269296652", "price": "0.09", "size": "729.03", "side": "SELL", "hash": "d64272e10d37372b4b6ca537716ef8824f602d0a", "best_bid": "0.05", "best_ask": "0.06"}, {"asset_id": "79267526005452523167220862982818067841334246307465290080685605032141457471489", "price": "0.91", "size": "729.03", "side": "BUY", "hash": "17f8b94506ce2c739b0d99b294caa33144635cc1", "best_bid": "0.94", "best_ask": "0.95"}], "timestamp": "1769384251818", "event_type": "price_change"}}
{"_local_timestamp": "2026-01-25T23:37:31.973937+00:00", "data": {"market": "0x2e0d80637f24684901111de46e3598eba915c40b5c09bc86f0716b085a23b7bc", "price_changes": [{"asset_id": "78985989062813388216350041507600140134209773053125182404577308955003269296652", "price": "0.15", "size": "36", "side": "SELL", "hash": "2f7168103a2256fbf734abc4fdc9ba0c7b326b7b", "best_bid": "0.05", "best_ask": "0.06"}, {"asset_id": "79267526005452523167220862982818067841334246307465290080685605032141457471489", "price": "0.85", "size": "36", "side": "BUY", "hash": "3eed5f502ed8b0eeb077600eaa234683833145cc", "best_bid": "0.94", "best_ask": "0.95"}], "timestamp": "1769384251819", "event_type": "price_change"}}
{"_local_timestamp": "2026-01-25T23:38:49.096759+00:00", "data": {"market": "0x2e0d80637f24684901111de46e3598eba915c40b5c09bc86f0716b085a23b7bc", "price_changes": [{"asset_id": "78985989062813388216350041507600140134209773053125182404577308955003269296652", "price": "0.02", "size": "6522.62", "side": "BUY", "hash": "e8b4f287ca1b210f172ef39280044f65180559ce", "best_bid": "0.05", "best_ask": "0.06"}, {"asset_id": "79267526005452523167220862982818067841334246307465290080685605032141457471489", "price": "0.98", "size": "6522.62", "side": "SELL", "hash": "aa4d462623565a967960d50af87571e5f43ee726", "best_bid": "0.94", "best_ask": "0.95"}], "timestamp": "1769384329003", "event_type": "price_change"}}
{"_local_timestamp": "2026-01-25T23:38:49.097450+00:00", "data": {"market": "0x2e0d80637f24684901111de46e3598eba915c40b5c09bc86f0716b085a23b7bc", "price_changes": [{"asset_id": "78985989062813388216350041507600140134209773053125182404577308955003269296652", "price": "0.03", "size": "2082.52", "side": "BUY", "hash": "e8b4f287ca1b210f172ef39280044f65180559ce", "best_bid": "0.05", "best_ask": "0.06"}, {"asset_id": "79267526005452523167220862982818067841334246307465290080685605032141457471489", "price": "0.97", "size": "2082.52", "side": "SELL", "hash": "aa4d462623565a967960d50af87571e5f43ee726", "best_bid": "0.94", "best_ask": "0.95"}], "timestamp": "1769384329003", "event_type": "price_change"}}
{"_local_timestamp": "2026-01-25T23:38:49.934150+00:00", "data": {"market": "0x2e0d80637f24684901111de46e3598eba915c40b5c09bc86f0716b085a23b7bc", "price_changes": [{"asset_id": "78985989062813388216350041507600140134209773053125182404577308955003269296652", "price": "0.02", "size": "6548.25", "side": "BUY", "hash": "0a395eb719d0c80f2616f98a3447a3c6e07d8a5f", "best_bid": "0.05", "best_ask": "0.06"}, {"asset_id": "79267526005452523167220862982818067841334246307465290080685605032141457471489", "price": "0.98", "size": "6548.25", "side": "SELL", "hash": "b1f021bb059059b0c8db644f522b058d4efad098", "best_bid": "0.94", "best_ask": "0.95"}], "timestamp": "1769384329864", "event_type": "price_change"}}
{"_local_timestamp": "2026-01-25T23:38:49.944512+00:00", "data": {"market": "0x2e0d80637f24684901111de46e3598eba915c40b5c09bc86f0716b085a23b7bc", "price_changes": [{"asset_id": "78985989062813388216350041507600140134209773053125182404577308955003269296652", "price": "0.03", "size": "2098.76", "side": "BUY", "hash": "47bf9df548767b1f3979954dbc400be28c402542", "best_bid": "0.05", "best_ask": "0.06"}, {"asset_id": "79267526005452523167220862982818067841334246307465290080685605032141457471489", "price": "0.97", "size": "2098.76", "side": "SELL", "hash": "b1affb84e85f19e638170ddea8039b0852a8456b", "best_bid": "0.94", "best_ask": "0.95"}], "timestamp": "1769384329867", "event_type": "price_change"}}
{"_local_timestamp": "2026-01-25T23:38:50.096224+00:00", "data": {"market": "0x2e0d80637f24684901111de46e3598eba915c40b5c09bc86f0716b085a23b7bc", "price_changes": [{"asset_id": "78985989062813388216350041507600140134209773053125182404577308955003269296652", "price": "0.02", "size": "4148.25", "side": "BUY", "hash": "5392e34aaa5730d0ab4dbd4f20faaeab1e159c83", "best_bid": "0.05", "best_ask": "0.06"}, {"asset_id": "79267526005452523167220862982818067841334246307465290080685605032141457471489", "price": "0.98", "size": "4148.25", "side": "SELL", "hash": "d07e0ab02fb173452f669abbbd61ea27377a74d3", "best_bid": "0.94", "best_ask": "0.95"}], "timestamp": "1769384330001", "event_type": "price_change"}}
{"_local_timestamp": "2026-01-25T23:38:50.096735+00:00", "data": {"market": "0x2e0d80637f24684901111de46e3598eba915c40b5c09bc86f0716b085a23b7bc", "price_changes": [{"asset_id": "78985989062813388216350041507600140134209773053125182404577308955003269296652", "price": "0.01", "size": "1850", "side": "BUY", "hash": "ba8507d9095b75e90443e48a72c9d2ffe62e169a", "best_bid": "0.05", "best_ask": "0.06"}, {"asset_id": "79267526005452523167220862982818067841334246307465290080685605032141457471489", "price": "0.99", "size": "1850", "side": "SELL", "hash": "cf08fe401a5bef7edde0f0388c47088a19f92634", "best_bid": "0.94", "best_ask": "0.95"}], "timestamp": "1769384330004", "event_type": "price_change"}}
{"_local_timestamp": "2026-01-25T23:38:50.137670+00:00", "data": {"market": "0x2e0d80637f24684901111de46e3598eba915c40b5c09bc86f0716b085a23b7bc", "price_changes": [{"asset_id": "78985989062813388216350041507600140134209773053125182404577308955003269296652", "price": "0.03", "size": "1658.76", "side": "BUY", "hash": "05fdcc3e18f2484f1478bf480ad32f7c07a820af", "best_bid": "0.05", "best_ask": "0.06"}, {"asset_id": "79267526005452523167220862982818067841334246307465290080685605032141457471489", "price": "0.97", "size": "1658.76", "side": "SELL", "hash": "ad462f7c0053d82f93a342933baa20632938aaf2", "best_bid": "0.94", "best_ask": "0.95"}], "timestamp": "1769384330051", "event_type": "price_change"}}
{"_local_timestamp": "2026-01-25T23:38:52.327628+00:00", "data": {"market": "0x2e0d80637f24684901111de46e3598eba915c40b5c09bc86f0716b085a23b7bc", "price_changes": [{"asset_id": "78985989062813388216350041507600140134209773053125182404577308955003269296652", "price": "0.01", "size": "11050", "side": "BUY", "hash": "c6296336ccabd1cae520579f7b800d7a64bfce2c", "best_bid": "0.05", "best_ask": "0.06"}, {"asset_id": "79267526005452523167220862982818067841334246307465290080685605032141457471489", "price": "0.99", "size": "11050", "side": "SELL", "hash": "2a57f0b9f249b548acbdb80d7e0db221e5c23c0e", "best_bid": "0.94", "best_ask": "0.95"}], "timestamp": "1769384332258", "event_type": "price_change"}}
{"_local_timestamp": "2026-01-25T23:38:52.328085+00:00", "data": {"market": "0x2e0d80637f24684901111de46e3598eba915c40b5c09bc86f0716b085a23b7bc", "price_changes": [{"asset_id": "78985989062813388216350041507600140134209773053125182404577308955003269296652", "price": "0.02", "size": "6548.25", "side": "BUY", "hash": "9709c3f19386652666a2040115374bea1b647a45", "best_bid": "0.05", "best_ask": "0.06"}, {"asset_id": "79267526005452523167220862982818067841334246307465290080685605032141457471489", "price": "0.98", "size": "6548.25", "side": "SELL", "hash": "115dba3c453f05e9eeef3c85a59459158ca1f789", "best_bid": "0.94", "best_ask": "0.95"}], "timestamp": "1769384332259", "event_type": "price_change"}}
{"_local_timestamp": "2026-01-25T23:38:52.375843+00:00", "data": {"market": "0x2e0d80637f24684901111de46e3598eba915c40b5c09bc86f0716b085a23b7bc", "price_changes": [{"asset_id": "78985989062813388216350041507600140134209773053125182404577308955003269296652", "price": "0.03", "size": "1935.76", "side": "BUY", "hash": "c4104353390110760b9b4d520d2378ff47a7a703", "best_bid": "0.05", "best_ask": "0.06"}, {"asset_id": "79267526005452523167220862982818067841334246307465290080685605032141457471489", "price": "0.97", "size": "1935.76", "side": "SELL", "hash": "1c8056f9048e121a6a8a72ae5de0222c8998f4c6", "best_bid": "0.94", "best_ask": "0.95"}], "timestamp": "1769384332311", "event_type": "price_change"}}
{"_local_timestamp": "2026-01-25T23:38:53.895809+00:00", "data": {"market": "0x2e0d80637f24684901111de46e3598eba915c40b5c09bc86f0716b085a23b7bc", "price_changes": [{"asset_id": "78985989062813388216350041507600140134209773053125182404577308955003269296652", "price": "0.03", "size": "1658.76", "side": "BUY", "hash": "2a26812cfd2c46b8e301e5ac11ec172cdd3c66d7", "best_bid": "0.05", "best_ask": "0.06"}, {"asset_id": "79267526005452523167220862982818067841334246307465290080685605032141457471489", "price": "0.97", "size": "1658.76", "side": "SELL", "hash": "a6ecdf08736386e1ce5282b0a8e75d2c4a3af4ad", "best_bid": "0.94", "best_ask": "0.95"}], "timestamp": "1769384333820", "event_type": "price_change"}}
{"_local_timestamp": "2026-01-25T23:38:53.912655+00:00", "data": {"market": "0x2e0d80637f24684901111de46e3598eba915c40b5c09bc86f0716b085a23b7bc", "price_changes": [{"asset_id": "78985989062813388216350041507600140134209773053125182404577308955003269296652", "price": "0.03", "size": "2151.76", "side": "BUY", "hash": "84de68609c0d089b78c85e0e95d4e5dcd79300e7", "best_bid": "0.05", "best_ask": "0.06"}, {"asset_id": "79267526005452523167220862982818067841334246307465290080685605032141457471489", "price": "0.97", "size": "2151.76", "side": "SELL", "hash": "07cacc5f58ab96329d1c77a38e074e4e6f84b240", "best_bid": "0.94", "best_ask": "0.95"}], "timestamp": "1769384333847", "event_type": "price_change"}}
{"_local_timestamp": "2026-01-25T23:39:59.092051+00:00", "data": {"market": "0x2e0d80637f24684901111de46e3598eba915c40b5c09bc86f0716b085a23b7bc", "price_changes": [{"asset_id": "78985989062813388216350041507600140134209773053125182404577308955003269296652", "price": "0.02", "size": "6498.25", "side": "BUY", "hash": "03eba2dc7ade08b476694b7d8134d12756752e8a", "best_bid": "0.05", "best_ask": "0.06"}, {"asset_id": "79267526005452523167220862982818067841334246307465290080685605032141457471489", "price": "0.98", "size": "6498.25", "side": "SELL", "hash": "2cc275b1f3133dd15ddb3190b57031866125e73e", "best_bid": "0.94", "best_ask": "0.95"}], "timestamp": "1769384399001", "event_type": "price_change"}}
{"_local_timestamp": "2026-01-25T23:39:59.093016+00:00", "data": {"market": "0x2e0d80637f24684901111de46e3598eba915c40b5c09bc86f0716b085a23b7bc", "price_changes": [{"asset_id": "78985989062813388216350041507600140134209773053125182404577308955003269296652", "price": "0.01", "size": "10850", "side": "BUY", "hash": "54844691f988b6a0453b7c962948f9d03cc49a6d", "best_bid": "0.05", "best_ask": "0.06"}, {"asset_id": "79267526005452523167220862982818067841334246307465290080685605032141457471489", "price": "0.99", "size": "10850", "side": "SELL", "hash": "5a990ee5a443ef1ca7001459c760356e45fa98d5", "best_bid": "0.94", "best_ask": "0.95"}], "timestamp": "1769384399004", "event_type": "price_change"}}
