{"_local_timestamp": "2026-01-25T23:33:32.343792+00:00", "data": [{"market": "0x2e0d80637f24684901111de46e3598eba915c40b5c09bc86f0716b085a23b7bc", "asset_id": "78985989062813388216350041507600140134209773053125182404577308955003269296652", "timestamp": "1769383919850", "hash": "4ec8351a42f92ec3454896e6cfa86ef73940e450", "bids": [{"price": "0.01", "size": "11050"}, {"price": "0.02", "size": "6548.25"}, {"price": "0.03", "size": "2098.76"}, {"price": "0.04", "size": "1797.43"}, {"price": "0.05", "size": "184.45"}], "asks": [{"price": "0.99", "size": "7941.07"}, {"price": "0.98", "size": "3250"}, {"price": "0.97", "size": "6.83"}, {"price": "0.95", "size": "30"}, {"price": "0.94", "size": "33"}, {"price": "0.92", "size": "700"}, {"price": "0.91", "size": "250"}, {"price": "0.9", "size": "6.97"}, {"price": "0.86", "size": "550"}, {"price": "0.8", "size": "500"}, {"price": "0.79", "size": "760"}, {"price": "0.78", "size": "2108"}, {"price": "0.7", "size": "200"}, {"price": "0.6", "size": "1625"}, {"price": "0.59", "size": "5"}, {"price": "0.5", "size": "220.2"}, {"price": "0.24", "size": "36.27"}, {"price": "0.18", "size": "36"}, {"price": "0.16", "size": "1000"}, {"price": "0.15", "size": "36"}, {"price": "0.12", "size": "2076"}, {"price": "0.1", "size": "5"}, {"price": "0.09", "size": "729.03"}, {"price": "0.08", "size": "540.56"}, {"price": "0.07", "size": "2622.57"}, {"price": "0.06", "size": "555.01"}], "event_type": "book", "last_trade_price": "0.060"}, {"market": "0x2e0d80637f24684901111de46e3598eba915c40b5c09bc86f0716b085a23b7bc", "asset_id": "79267526005452523167220862982818067841334246307465290080685605032141457471489", "timestamp": "1769383919850", "hash": "5158c3c4f96d4f79febfffd881fde716d39f5546", "bids": [{"price": "0.01", "size": "7941.07"}, {"price": "0.02", "size": "3250"}, {"price": "0.03", "size": "6.83"}, {"price": "0.05", "size": "30"}, {"price": "0.06", "size": "33"}, {"price": "0.08", "size": "700"}, {"price": "0.09", "size": "250"}, {"price": "0.1", "size": "6.97"}, {"price": "0.14", "size": "550"}, {"price": "0.2", "size": "500"}, {"price": "0.21", "size": "760"}, {"price": "0.22", "size": "2108"}, {"price": "0.3", "size": "200"}, {"price": "0.4", "size": "1625"}, {"price": "0.41", "size": "5"}, {"price": "0.5", "size": "220.2"}, {"price": "0.76", "size": "36.27"}, {"price": "0.82", "size": "36"}, {"price": "0.84", "size": "1000"}, {"price": "0.85", "size": "36"}, {"price": "0.88", "size": "2076"}, {"price": "0.9", "size": "5"}, {"price": "0.91", "size": "729.03"}, {"price": "0.92", "size": "540.56"}, {"price": "0.93", "size": "2622.57"}, {"price": "0.94", "size": "555.01"}], "asks": [{"price": "0.99", "size": "11050"}, {"price": "0.98", "size": "6548.25"}, {"price": "0.97", "size": "2098.76"}, {"price": "0.96", "size": "1797.43"}, {"price": "0.95", "size": "184.45"}], "event_type": "book", "last_trade_price": "0.060"}]}
{"_local_timestamp": "2026-01-25T23:33:33.076833+00:00", "data": {"market": "0x2e0d80637f24684901111de46e3598eba915c40b5c09bc86f0716b085a23b7bc", "price_changes": [{"asset_id": "78985989062813388216350041507600140134209773053125182404577308955003269296652", "price": "0.02", "size": "6522.62", "side": "BUY", "hash": "87a416f5bf1018c503a8d27021c8e471fb1841ee", "best_bid": "0.05", "best_ask": "0.06"}, {"asset_id": "79267526005452523167220862982818067841334246307465290080685605032141457471489", "price": "0.98", "size": "6522.62", "side": "SELL", "hash": "fc636aeb98466469c3fba2d5308b7fe4d8ed82db", "best_bid": "0.94", "best_ask": "0.95"}], "timestamp": "1769384012997", "event_type": "price_change"}}
{"_local_timestamp": "2026-01-25T23:33:33.077293+00:00", "data": {"market": "0x2e0d80637f24684901111de46e3598eba915c40b5c09bc86f0716b085a23b7bc", "price_changes": [{"asset_id": "78985989062813388216350041507600140134209773053125182404577308955003269296652", "price": "0.03", "size": "2082.52", "side": "BUY", "hash": "87a416f5bf1018c503a8d27021c8e471fb1841ee", "best_bid": "0.05", "best_ask": "0.06"}, {"asset_id": "79267526005452523167220862982818067841334246307465290080685605032141457471489", "price": "0.97", "size": "2082.52", "side": "SELL", "hash": "fc636aeb98466469c3fba2d5308b7fe4d8ed82db", "best_bid": "0.94", "best_ask": "0.95"}], "timestamp": "1769384012997", "event_type": "price_change"}}
{"_local_timestamp": "2026-01-25T23:33:33.462090+00:00", "data": {"market": "0x2e0d80637f24684901111de46e3598eba915c40b5c09bc86f0716b085a23b7bc", "price_changes": [{"asset_id": "78985989062813388216350041507600140134209773053125182404577308955003269296652", "price": "0.02", "size": "6548.25", "side": "BUY", "hash": "b929396eeafe367f835e2fad67c7f361013d4ef8", "best_bid": "0.05", "best_ask": "0.06"}, {"asset_id": "79267526005452523167220862982818067841334246307465290080685605032141457471489", "price": "0.98", "size": "6548.25", "side": "SELL", "hash": "9334170ef435322f5fba6d247aff264293914399", "best_bid": "0.94", "best_ask": "0.95"}], "timestamp": "1769384013287", "event_type": "price_change"}}
{"_local_timestamp": "2026-01-25T23:33:33.472124+00:00", "data": {"market": "0x2e0d80637f24684901111de46e3598eba915c40b5c09bc86f0716b085a23b7bc", "price_changes": [{"asset_id": "78985989062813388216350041507600140134209773053125182404577308955003269296652", "price": "0.03", "size": "2098.76", "side": "BUY", "hash": "42d3ba8aa159059451cab47587a9b8e591bbd390", "best_bid": "0.05", "best_ask": "0.06"}, {"asset_id": "79267526005452523167220862982818067841334246307465290080685605032141457471489", "price": "0.97", "size": "2098.76", "side": "SELL", "hash": "999e445cad04457e2d20232b99af9439868fc509", "best_bid": "0.94", "best_ask": "0.95"}], "timestamp": "1769384013288", "event_type": "price_change"}}
{"_local_timestamp": "2026-01-25T23:34:49.832987+00:00", "data": {"market": "0x2e0d80637f24684901111de46e3598eba915c40b5c09bc86f0716b085a23b7bc", "price_changes": [{"asset_id": "78985989062813388216350041507600140134209773053125182404577308955003269296652", "price": "0.02", "size": "6522.62", "side": "BUY", "hash": "31ac355ccffb38dbd672710f73012d64e7f8ad83", "best_bid": "0.05", "best_ask": "0.06"}, {"asset_id": "79267526005452523167220862982818067841334246307465290080685605032141457471489", "price": "0.98", "size": "6522.62", "side": "SELL", "hash": "d75a443bcea2e39a1402beccd30637bb20c59029", "best_bid": "0.94", "best_ask": "0.95"}], "timestamp": "1769384089764", "event_type": "price_change"}}
{"_local_timestamp": "2026-01-25T23:34:49.833946+00:00", "data": {"market": "0x2e0d80637f24684901111de46e3598eba915c40b5c09bc86f0716b085a23b7bc", "price_changes": [{"asset_id": "78985989062813388216350041507600140134209773053125182404577308955003269296652", "price": "0.03", "size": "2082.52", "side": "BUY", "hash": "31ac355ccffb38dbd672710f73012d64e7f8ad83", "best_bid": "0.05", "best_ask": "0.06"}, {"asset_id": "79267526005452523167220862982818067841334246307465290080685605032141457471489", "price": "0.97", "size": "2082.52", "side": "SELL", "hash": "d75a443bcea2e39a1402beccd30637bb20c59029", "best_bid": "0.94", "best_ask": "0.95"}], "timestamp": "1769384089764", "event_type": "price_change"}}
{"_local_timestamp": "2026-01-25T23:34:52.993142+00:00", "data": {"market": "0x2e0d80637f24684901111de46e3598eba915c40b5c09bc86f0716b085a23b7bc", "price_changes": [{"asset_id": "78985989062813388216350041507600140134209773053125182404577308955003269296652", "price": "0.03", "size": "2098.76", "side": "BUY", "hash": "08c0b27b318d1ec8513b15f1af0ba09e165780d9", "best_bid": "0.05", "best_ask": "0.06"}, {"asset_id": "79267526005452523167220862982818067841334246307465290080685605032141457471489", "price": "0.97", "size": "2098.76", "side": "SELL", "hash": "3eab943477cd751f2d1b555493667679e2fd0c8f", "best_bid": "0.94", "best_ask": "0.95"}], "timestamp": "1769384092923", "event_type": "price_change"}}
{"_local_timestamp": "2026-01-25T23:34:52.993527+00:00", "data": {"market": "0x2e0d80637f24684901111de46e3598eba915c40b5c09bc86f0716b085a23b7bc", "price_changes": [{"asset_id": "78985989062813388216350041507600140134209773053125182404577308955003269296652", "price": "0.02", "size": "6548.25", "side": "BUY", "hash": "de80637a9531da4a28f2b9f03b64db3c405f1523", "best_bid": "0.05", "best_ask": "0.06"}, {"asset_id": "79267526005452523167220862982818067841334246307465290080685605032141457471489", "price": "0.98", "size": "6548.25", "side": "SELL", "hash": "f0905f9b396e986b989c3f90a24f5f103ed1d434", "best_bid": "0.94", "best_ask": "0.95"}], "timestamp": "1769384092924", "event_type": "price_change"}}
