{"_local_timestamp": "2026-01-25T23:40:37.856406+00:00", "data": [{"market": "0xc46a57c69550b00b36da711847f595b75a57a3f3379772e8d8e3a7e346566292", "asset_id": "90569915957016922438265670672631883761918110708154445706455817507256909368075", "timestamp": "1769384431310", "hash": "7607dfcbf816340a12274cd5c5fd86f04350892d", "bids": [{"price": "0.01", "size": "205"}, {"price": "0.02", "size": "700"}, {"price": "0.03", "size": "500"}, {"price": "0.04", "size": "137.5"}, {"price": "0.05", "size": "168"}, {"price": "0.06", "size": "100"}, {"price": "0.07", "size": "185.71"}, {"price": "0.08", "size": "130"}, {"price": "0.13", "size": "46.88"}], "asks": [{"price": "0.99", "size": "5000"}, {"price": "0.98", "size": "3500"}, {"price": "0.95", "size": "330"}, {"price": "0.94", "size": "33"}, {"price": "0.92", "size": "300"}, {"price": "0.9", "size": "100"}, {"price": "0.88", "size": "325"}, {"price": "0.86", "size": "100"}, {"price": "0.82", "size": "18.68"}, {"price": "0.81", "size": "195.88"}, {"price": "0.79", "size": "50"}, {"price": "0.73", "size": "150"}, {"price": "0.69", "size": "66.66"}, {"price": "0.65", "size": "50"}, {"price": "0.63", "size": "64"}, {"price": "0.62", "size": "5"}, {"price": "0.44", "size": "66.66"}, {"price": "0.36", "size": "20.31"}, {"price": "0.35", "size": "16.92"}, {"price": "0.24", "size": "16.12"}, {"price": "0.22", "size": "39.99"}, {"price": "0.19", "size": "66.66"}, {"price": "0.18", "size": "129.99"}], "event_type": "book", "last_trade_price": "0.170"}, {"market": "0xc46a57c69550b00b36da711847f595b75a57a3f3379772e8d8e3a7e346566292", "asset_id": "3631045695117247950541716594081686656352345743494029984905297385780170551736", "timestamp": "1769384431310", "hash": "893abbd6fe548121bbdd51988fa2df2687b551ac", "bids": [{"price": "0.01", "size": "5000"}, {"price": "0.02", "size": "3500"}, {"price": "0.05", "size": "330"}, {"price": "0.06", "size": "33"}, {"price": "0.08", "size": "300"}, {"price": "0.1", "size": "100"}, {"price": "0.12", "size": "325"}, {"price": "0.14", "size": "100"}, {"price": "0.18", "size": "18.68"}, {"price": "0.19", "size": "195.88"}, {"price": "0.21", "size": "50"}, {"price": "0.27", "size": "150"}, {"price": "0.31", "size": "66.66"}, {"price": "0.35", "size": "50"}, {"price": "0.37", "size": "64"}, {"price": "0.38", "size": "5"}, {"price": "0.56", "size": "66.66"}, {"price": "0.64", "size": "20.31"}, {"price": "0.65", "size": "16.92"}, {"price": "0.76", "size": "16.12"}, {"price": "0.78", "size": "39.99"}, {"price": "0.81", "size": "66.66"}, {"price": "0.82", "size": "129.99"}], "asks": [{"price": "0.99", "size": "205"}, {"price": "0.98", "size": "700"}, {"price": "0.97", "size": "500"}, {"price": "0.96", "size": "137.5"}, {"price": "0.95", "size": "168"}, {"price": "0.94", "size": "100"}, {"price": "0.93", "size": "185.71"}, {"price": "0.92", "size": "130"}, {"price": "0.87", "size": "46.88"}], "event_type": "book", "last_trade_price": "0.170"}]}
{"_local_timestamp": "2026-01-25T23:40:40.467683+00:00", "data": {"market": "0xc46a57c69550b00b36da711847f595b75a57a3f3379772e8d8e3a7e346566292", "price_changes": [{"asset_id": "3631045695117247950541716594081686656352345743494029984905297385780170551736", "price": "0.12", "size": "200", "side": "BUY", "hash": "aab66bc3ea5e9fcd5955ac247860b183535f632b", "best_bid": "0.82", "best_ask": "0.87"}, {"asset_id": "90569915957016922438265670672631883761918110708154445706455817507256909368075", "price": "0.88", "size": "200", "side": "SELL", "hash": "75943cfdd87d6d2df353253e54365499960e0657", "best_bid": "0.13", "best_ask": "0.18"}], "timestamp": "1769384440274", "event_type": "price_change"}}
{"_local_timestamp": "2026-01-25T23:40:40.827076+00:00", "data": {"market": "0xc46a57c69550b00b36da711847f595b75a57a3f3379772e8d8e3a7e346566292", "price_changes": [{"asset_id": "3631045695117247950541716594081686656352345743494029984905297385780170551736", "price": "0.19", "size": "295.88", "side": "BUY", "hash": "9de54aa9bfb6713b5e246b46d09d09dd5ccf630b", "best_bid": "0.82", "best_ask": "0.87"}, {"asset_id": "90569915957016922438265670672631883761918110708154445706455817507256909368075", "price": "0.81", "size": "295.88", "side": "SELL", "hash": "08c74a26bc0d63410ee7466b946fe0cadd955621", "best_bid": "0.13", "best_ask": "0.18"}], "timestamp": "1769384440628", "event_type": "price_change"}}
{"_local_timestamp": "2026-01-25T23:40:40.842018+00:00", "data": {"market": "0xc46a57c69550b00b36da711847f595b75a57a3f3379772e8d8e3a7e346566292", "price_changes": [{"asset_id": "3631045695117247950541716594081686656352345743494029984905297385780170551736", "price": "0.13", "size": "125", "side": "BUY", "hash": "cf4dc7c6c3f9455c996f7e2bef796c475d0cb87c", "best_bid": "0.82", "best_ask": "0.87"}, {"asset_id": "90569915957016922438265670672631883761918110708154445706455817507256909368075", "price": "0.87", "size": "125", "side": "SELL", "hash": "eee21a1a5d394c5b2ca93b233f99e8bc55f187a2", "best_bid": "0.13", "best_ask": "0.18"}], "timestamp": "1769384440660", "event_type": "price_change"}}
{"_local_timestamp": "2026-01-25T23:40:59.171661+00:00", "data": {"market": "0xc46a57c69550b00b36da711847f595b75a57a3f3379772e8d8e3a7e346566292", "price_changes": [{"asset_id": "3631045695117247950541716594081686656352345743494029984905297385780170551736", "price": "0.08", "size": "100", "side": "BUY", "hash": "9ab276168ca7ef82efad66e945e9f7ab24bf06f4", "best_bid": "0.82", "best_ask": "0.87"}, {"asset_id": "90569915957016922438265670672631883761918110708154445706455817507256909368075", "price": "0.92", "size": "100", "side": "SELL", "hash": "7ec8f323963b7c7f07d46dda2b99cd7a45f63d7a", "best_bid": "0.13", "best_ask": "0.18"}], "timestamp": "1769384459091", "event_type": "price_change"}}
{"_local_timestamp": "2026-01-25T23:40:59.541009+00:00", "data": {"market": "0xc46a57c69550b00b36da711847f595b75a57a3f3379772e8d8e3a7e346566292", "price_changes": [{"asset_id": "3631045695117247950541716594081686656352345743494029984905297385780170551736", "price": "0.09", "size": "200", "side": "BUY", "hash": "16d5060cba97e3418fd9b99dd07f3b7264c4718e", "best_bid": "0.82", "best_ask": "0.87"}, {"asset_id": "90569915957016922438265670672631883761918110708154445706455817507256909368075", "price": "0.91", "size": "200", "side": "SELL", "hash": "1a5f7e97471e1ee015e7c043ce866d974c10324c", "best_bid": "0.13", "best_ask": "0.18"}], "timestamp": "1769384459435", "event_type": "price_change"}}
{"_local_timestamp": "2026-01-25T23:41:09.300345+00:00", "data": {"market": "0xc46a57c69550b00b36da711847f595b75a57a3f3379772e8d8e3a7e346566292", "price_changes": [{"asset_id": "90569915957016922438265670672631883761918110708154445706455817507256909368075", "price": "0.13", "size": "23.88", "side": "BUY", "hash": "18654cbc2bdb76a7e85782e41343b8333587a330", "best_bid": "0.13", "best_ask": "0.18"}, {"asset_id": "3631045695117247950541716594081686656352345743494029984905297385780170551736", "price": "0.87", "size": "23.88", "side": "SELL", "hash": "acf208dd7c09cdcab7149655362c6307fc32d79c", "best_bid": "0.82", "best_ask": "0.87"}], "timestamp": "1769384469230", "event_type": "price_change"}}
{"_local_timestamp": "2026-01-25T23:41:12.216030+00:00", "data": {"market": "0xc46a57c69550b00b36da711847f595b75a57a3f3379772e8d8e3a7e346566292", "price_changes": [{"asset_id": "90569915957016922438265670672631883761918110708154445706455817507256909368075", "price": "0.13", "size": "0", "side": "BUY", "hash": "7971de5437623fe197f9ac7f7e829be2e508a7a9", "best_bid": "0.08", "best_ask": "0.18"}, {"asset_id": "3631045695117247950541716594081686656352345743494029984905297385780170551736", "price": "0.87", "size": "0", "side": "SELL", "hash": "cc86ec53bc49d9d43a8b3dd0344c44006757047f", "best_bid": "0.82", "best_ask": "0.92"}], "timestamp": "1769384472092", "event_type": "price_change"}}
{"_local_timestamp": "2026-01-25T23:41:12.351714+00:00", "data": {"market": "0xc46a57c69550b00b36da711847f595b75a57a3f3379772e8d8e3a7e346566292", "price_changes": [{"asset_id": "90569915957016922438265670672631883761918110708154445706455817507256909368075", "price": "0.08", "size": "160", "side": "BUY", "hash": "5d702de2c5612b2818f76b987d894f743c03630d", "best_bid": "0.08", "best_ask": "0.18"}, {"asset_id": "3631045695117247950541716594081686656352345743494029984905297385780170551736", "price": "0.92", "size": "160", "side": "SELL", "hash": "bef9429a8ddddebff946c3d7a194e113e10b0f0e", "best_bid": "0.82", "best_ask": "0.92"}], "timestamp": "1769384472283", "event_type": "price_change"}}
{"_local_timestamp": "2026-01-25T23:41:17.126036+00:00", "data": {"market": "0xc46a57c69550b00b36da711847f595b75a57a3f3379772e8d8e3a7e346566292", "price_changes": [{"asset_id": "90569915957016922438265670672631883761918110708154445706455817507256909368075", "price": "0.08", "size": "60", "side": "BUY", "hash": "336978e893db42c87848ca9bb5a5bca71f70f244", "best_bid": "0.08", "best_ask": "0.18"}, {"asset_id": "3631045695117247950541716594081686656352345743494029984905297385780170551736", "price": "0.92", "size": "60", "side": "SELL", "hash": "9b60555abb961b1fc6f5e78e1bf5674555012460", "best_bid": "0.82", "best_ask": "0.92"}], "timestamp": "1769384476989", "event_type": "price_change"}}
{"_local_timestamp": "2026-01-25T23:41:17.263631+00:00", "data": {"market": "0xc46a57c69550b00b36da711847f595b75a57a3f3379772e8d8e3a7e346566292", "price_changes": [{"asset_id": "90569915957016922438265670672631883761918110708154445706455817507256909368075", "price": "0.09", "size": "23.88", "side": "BUY", "hash": "0a588d55e4e43c9d6c1c007141d82c892cfe9e93", "best_bid": "0.09", "best_ask": "0.18"}, {"asset_id": "3631045695117247950541716594081686656352345743494029984905297385780170551736", "price": "0.91", "size": "23.88", "side": "SELL", "hash": "cd7ebc08cd196ef5cdad5098dd324a819d4e9fa3", "best_bid": "0.82", "best_ask": "0.91"}], "timestamp": "1769384477143", "event_type": "price_change"}}
{"_local_timestamp": "2026-01-25T23:41:17.788340+00:00", "data": {"market": "0xc46a57c69550b00b36da711847f595b75a57a3f3379772e8d8e3a7e346566292", "price_changes": [{"asset_id": "90569915957016922438265670672631883761918110708154445706455817507256909368075", "price": "0.09", "size": "123.88", "side": "BUY", "hash": "1067aea926091151e171ba7fbe0d5ecfa64a02fb", "best_bid": "0.09", "best_ask": "0.18"}, {"asset_id": "3631045695117247950541716594081686656352345743494029984905297385780170551736", "price": "0.91", "size": "123.88", "side": "SELL", "hash": "cab1947ce731f13c73af08f8b178c95aba5b3509", "best_bid": "0.82", "best_ask": "0.91"}], "timestamp": "1769384477652", "event_type": "price_change"}}
{"_local_timestamp": "2026-01-25T23:41:18.006517+00:00", "data": {"market": "0xc46a57c69550b00b36da711847f595b75a57a3f3379772e8d8e3a7e346566292", "price_changes": [{"asset_id": "90569915957016922438265670672631883761918110708154445706455817507256909368075", "price": "0.08", "size": "30", "side": "BUY", "hash": "e8be53b2f7e32097bb407c65dd44e1dfe84bc0ff", "best_bid": "0.09", "best_ask": "0.18"}, {"asset_id": "3631045695117247950541716594081686656352345743494029984905297385780170551736", "price": "0.92", "size": "30", "side": "SELL", "hash": "d89ed6d52cde6215707573fe2a20488ca2482482", "best_bid": "0.82", "best_ask": "0.91"}], "timestamp": "1769384477854", "event_type": "price_change"}}
{"_local_timestamp": "2026-01-25T23:41:18.099386+00:00", "data": {"market": "0xc46a57c69550b00b36da711847f595b75a57a3f3379772e8d8e3a7e346566292", "price_changes": [{"asset_id": "90569915957016922438265670672631883761918110708154445706455817507256909368075", "price": "0.09", "size": "153.88", "side": "BUY", "hash": "c49f8b9abc0feba5f93c5c845fac71f5677acab9", "best_bid": "0.09", "best_ask": "0.18"}, {"asset_id": "3631045695117247950541716594081686656352345743494029984905297385780170551736", "price": "0.91", "size": "153.88", "side": "SELL", "hash": "bd652c89c2a042bae3c5d546657868ecaace550d", "best_bid": "0.82", "best_ask": "0.91"}], "timestamp": "1769384477928", "event_type": "price_change"}}
{"_local_timestamp": "2026-01-25T23:41:18.854148+00:00", "data": {"market": "0xc46a57c69550b00b36da711847f595b75a57a3f3379772e8d8e3a7e346566292", "price_changes": [{"asset_id": "3631045695117247950541716594081686656352345743494029984905297385780170551736", "price": "0.92", "size": "0", "side": "SELL", "hash": "69968fd29fd3d761153453a7507ff02560862dbc", "best_bid": "0.82", "best_ask": "0.91"}, {"asset_id": "90569915957016922438265670672631883761918110708154445706455817507256909368075", "price": "0.08", "size": "0", "side": "BUY", "hash": "c99cb92dbec7168cd933fa375df0c3a61ba95b3f", "best_bid": "0.09", "best_ask": "0.18"}], "timestamp": "1769384478580", "event_type": "price_change"}}
{"_local_timestamp": "2026-01-25T23:41:18.859501+00:00", "data": {"market": "0xc46a57c69550b00b36da711847f595b75a57a3f3379772e8d8e3a7e346566292", "price_changes": [{"asset_id": "3631045695117247950541716594081686656352345743494029984905297385780170551736", "price": "0.9", "size": "30", "side": "SELL", "hash": "6a489632fef916ee9ae3130207907f14b19b433b", "best_bid": "0.82", "best_ask": "0.9"}, {"asset_id": "90569915957016922438265670672631883761918110708154445706455817507256909368075", "price": "0.1", "size": "30", "side": "BUY", "hash": "026185114bd61c64ab9d94508a24816f390f4695", "best_bid": "0.1", "best_ask": "0.18"}], "timestamp": "1769384478635", "event_type": "price_change"}}
{"_local_timestamp": "2026-01-25T23:41:21.580244+00:00", "data": {"market": "0xc46a57c69550b00b36da711847f595b75a57a3f3379772e8d8e3a7e346566292", "price_changes": [{"asset_id": "90569915957016922438265670672631883761918110708154445706455817507256909368075", "price": "0.09", "size": "53.88", "side": "BUY", "hash": "902194e7004c3217f4b11255effe401b0f0a4fee", "best_bid": "0.1", "best_ask": "0.18"}, {"asset_id": "3631045695117247950541716594081686656352345743494029984905297385780170551736", "price": "0.91", "size": "53.88", "side": "SELL", "hash": "7808079339dd844516c1017dfbbe711e2940e87a", "best_bid": "0.82", "best_ask": "0.9"}], "timestamp": "1769384481477", "event_type": "price_change"}}
{"_local_timestamp": "2026-01-25T23:41:21.802149+00:00", "data": {"market": "0xc46a57c69550b00b36da711847f595b75a57a3f3379772e8d8e3a7e346566292", "price_changes": [{"asset_id": "90569915957016922438265670672631883761918110708154445706455817507256909368075", "price": "0.09", "size": "23.88", "side": "BUY", "hash": "e5812cade823403b53dcdf4c4a002a12c28cea27", "best_bid": "0.1", "best_ask": "0.18"}, {"asset_id": "3631045695117247950541716594081686656352345743494029984905297385780170551736", "price": "0.91", "size": "23.88", "side": "SELL", "hash": "5b7f0d69898eea5abbb41f20fbe474b271ae3a5c", "best_bid": "0.82", "best_ask": "0.9"}], "timestamp": "1769384481697", "event_type": "price_change"}}
{"_local_timestamp": "2026-01-25T23:41:21.857622+00:00", "data": {"market": "0xc46a57c69550b00b36da711847f595b75a57a3f3379772e8d8e3a7e346566292", "price_changes": [{"asset_id": "90569915957016922438265670672631883761918110708154445706455817507256909368075", "price": "0.07", "size": "215.71", "side": "BUY", "hash": "1c5be0b6d66bc9f161979d95bd3dc5b9f11e5af3", "best_bid": "0.1", "best_ask": "0.18"}, {"asset_id": "3631045695117247950541716594081686656352345743494029984905297385780170551736", "price": "0.93", "size": "215.71", "side": "SELL", "hash": "d6627282a8b3a58ed7396b08860f4c22dd96341c", "best_bid": "0.82", "best_ask": "0.9"}], "timestamp": "1769384481750", "event_type": "price_change"}}
{"_local_timestamp": "2026-01-25T23:41:22.223381+00:00", "data": {"market": "0xc46a57c69550b00b36da711847f595b75a57a3f3379772e8d8e3a7e346566292", "price_changes": [{"asset_id": "90569915957016922438265670672631883761918110708154445706455817507256909368075", "price": "0.1", "size": "130", "side": "BUY", "hash": "15232b8095f99f2b2533f33c6ed802913072e983", "best_bid": "0.1", "best_ask": "0.18"}, {"asset_id": "3631045695117247950541716594081686656352345743494029984905297385780170551736", "price": "0.9", "size": "130", "side": "SELL", "hash": "2af7fbcbdbb1f8f87a0dafe2333d1ac5cf3280d8", "best_bid": "0.82", "best_ask": "0.9"}], "timestamp": "1769384482114", "event_type": "price_change"}}
{"_local_timestamp": "2026-01-25T23:41:22.720928+00:00", "data": {"market": "0xc46a57c69550b00b36da711847f595b75a57a3f3379772e8d8e3a7e346566292", "price_changes": [{"asset_id": "3631045695117247950541716594081686656352345743494029984905297385780170551736", "price": "0.9", "size": "100", "side": "SELL", "hash": "3ba156000653e019f291c749c7a032dcc2202bcc", "best_bid": "0.82", "best_ask": "0.9"}, {"asset_id": "90569915957016922438265670672631883761918110708154445706455817507256909368075", "price": "0.1", "size": "100", "side": "BUY", "hash": "6bec1b57eed31a507cdc796b10d57dd1a09fca0f", "best_bid": "0.1", "best_ask": "0.18"}], "timestamp": "1769384482594", "event_type": "price_change"}}
{"_local_timestamp": "2026-01-25T23:41:22.796490+00:00", "data": {"market": "0xc46a57c69550b00b36da711847f595b75a57a3f3379772e8d8e3a7e346566292", "price_changes": [{"asset_id": "3631045695117247950541716594081686656352345743494029984905297385780170551736", "price": "0.92", "size": "30", "side": "SELL", "hash": "cfad2d631b79d88261b0d4ea5f9f4e7bca575e09", "best_bid": "0.82", "best_ask": "0.9"}, {"asset_id": "90569915957016922438265670672631883761918110708154445706455817507256909368075", "price": "0.08", "size": "30", "side": "BUY", "hash": "4f39a89cdace1a3d94e0b9f71fb91ccfb860b352", "best_bid": "0.1", "best_ask": "0.18"}], "timestamp": "1769384482685", "event_type": "price_change"}}
{"_local_timestamp": "2026-01-25T23:41:24.335410+00:00", "data": {"market": "0xc46a57c69550b00b36da711847f595b75a57a3f3379772e8d8e3a7e346566292", "price_changes": [{"asset_id": "90569915957016922438265670672631883761918110708154445706455817507256909368075", "price": "0.07", "size": "185.71", "side": "BUY", "hash": "93ec968488fdf96c5fc2fdf936d7eede85b24adc", "best_bid": "0.1", "best_ask": "0.18"}, {"asset_id": "3631045695117247950541716594081686656352345743494029984905297385780170551736", "price": "0.93", "size": "185.71", "side": "SELL", "hash": "d18056bfc137ebafa67248f8b0db99d560986918", "best_bid": "0.82", "best_ask": "0.9"}], "timestamp": "1769384484236", "event_type": "price_change"}}
{"_local_timestamp": "2026-01-25T23:41:24.510818+00:00", "data": {"market": "0xc46a57c69550b00b36da711847f595b75a57a3f3379772e8d8e3a7e346566292", "price_changes": [{"asset_id": "90569915957016922438265670672631883761918110708154445706455817507256909368075", "price": "0.1", "size": "130", "side": "BUY", "hash": "6c95186a2142714595adf334d6b085c643043cc4", "best_bid": "0.1", "best_ask": "0.18"}, {"asset_id": "3631045695117247950541716594081686656352345743494029984905297385780170551736", "price": "0.9", "size": "130", "side": "SELL", "hash": "b8c29156fa6ee3dc3999606d91fdf669a9dc638c", "best_bid": "0.82", "best_ask": "0.9"}], "timestamp": "1769384484396", "event_type": "price_change"}}
{"_local_timestamp": "2026-01-25T23:41:25.755902+00:00", "data": {"market": "0xc46a57c69550b00b36da711847f595b75a57a3f3379772e8d8e3a7e346566292", "price_changes": [{"asset_id": "90569915957016922438265670672631883761918110708154445706455817507256909368075", "price": "0.1", "size": "30", "side": "BUY", "hash": "47b4bb67e2a0b9107bd5dff9667a404f4dc315c3", "best_bid": "0.1", "best_ask": "0.18"}, {"asset_id": "3631045695117247950541716594081686656352345743494029984905297385780170551736", "price": "0.9", "size": "30", "side": "SELL", "hash": "1b8a5f46ff1f588a7304852031afe92a622e709a", "best_bid": "0.82", "best_ask": "0.9"}], "timestamp": "1769384485658", "event_type": "price_change"}}
{"_local_timestamp": "2026-01-25T23:41:26.091826+00:00", "data": {"market": "0xc46a57c69550b00b36da711847f595b75a57a3f3379772e8d8e3a7e346566292", "price_changes": [{"asset_id": "3631045695117247950541716594081686656352345743494029984905297385780170551736", "price": "0.92", "size": "0", "side": "SELL", "hash": "fd42d4c0c22cec3af6fe6c62cb2ee7ba629b774b", "best_bid": "0.82", "best_ask": "0.9"}, {"asset_id": "90569915957016922438265670672631883761918110708154445706455817507256909368075", "price": "0.08", "size": "0", "side": "BUY", "hash": "6eae9929ec7659847fd0ca6f06b4e685c0de6060", "best_bid": "0.1", "best_ask": "0.18"}], "timestamp": "1769384485986", "event_type": "price_change"}}
{"_local_timestamp": "2026-01-25T23:41:26.168033+00:00", "data": {"market": "0xc46a57c69550b00b36da711847f595b75a57a3f3379772e8d8e3a7e346566292", "price_changes": [{"asset_id": "3631045695117247950541716594081686656352345743494029984905297385780170551736", "price": "0.89", "size": "30", "side": "SELL", "hash": "3e42b7d9b46dd2ac76c90970042306f7ff43dace", "best_bid": "0.82", "best_ask": "0.89"}, {"asset_id": "90569915957016922438265670672631883761918110708154445706455817507256909368075", "price": "0.11", "size": "30", "side": "BUY", "hash": "b92aaa1f611d372be23282b9f52c7b306fec3265", "best_bid": "0.11", "best_ask": "0.18"}], "timestamp": "1769384486063", "event_type": "price_change"}}
{"_local_timestamp": "2026-01-25T23:41:26.476169+00:00", "data": {"market": "0xc46a57c69550b00b36da711847f595b75a57a3f3379772e8d8e3a7e346566292", "price_changes": [{"asset_id": "90569915957016922438265670672631883761918110708154445706455817507256909368075", "price": "0.08", "size": "100", "side": "BUY", "hash": "73b805b920373c29d00b79de46873d106694144a", "best_bid": "0.11", "best_ask": "0.18"}, {"asset_id": "3631045695117247950541716594081686656352345743494029984905297385780170551736", "price": "0.92", "size": "100", "side": "SELL", "hash": "7b21c002d2e9d4a69cd8b65e87b7f6ea8401e941", "best_bid": "0.82", "best_ask": "0.89"}], "timestamp": "1769384486360", "event_type": "price_change"}}
{"_local_timestamp": "2026-01-25T23:41:26.809624+00:00", "data": {"market": "0xc46a57c69550b00b36da711847f595b75a57a3f3379772e8d8e3a7e346566292", "price_changes": [{"asset_id": "90569915957016922438265670672631883761918110708154445706455817507256909368075", "price": "0.1", "size": "0", "side": "BUY", "hash": "6457d6bdf0bde250e1bf05154ae2bc54607a5443", "best_bid": "0.11", "best_ask": "0.18"}, {"asset_id": "3631045695117247950541716594081686656352345743494029984905297385780170551736", "price": "0.9", "size": "0", "side": "SELL", "hash": "2b4f72d6a1f1303ee7717f3a993d65acc1a86d90", "best_bid": "0.82", "best_ask": "0.89"}], "timestamp": "1769384486704", "event_type": "price_change"}}
{"_local_timestamp": "2026-01-25T23:41:27.047674+00:00", "data": {"market": "0xc46a57c69550b00b36da711847f595b75a57a3f3379772e8d8e3a7e346566292", "price_changes": [{"asset_id": "90569915957016922438265670672631883761918110708154445706455817507256909368075", "price": "0.08", "size": "130", "side": "BUY", "hash": "39398ff13f4af3528e5ac3fba7480287ae20d84e", "best_bid": "0.11", "best_ask": "0.18"}, {"asset_id": "3631045695117247950541716594081686656352345743494029984905297385780170551736", "price": "0.92", "size": "130", "side": "SELL", "hash": "0bfe3e2a2410b311e494ff5e4916806e420fa254", "best_bid": "0.82", "best_ask": "0.89"}], "timestamp": "1769384486923", "event_type": "price_change"}}
{"_local_timestamp": "2026-01-25T23:41:29.188490+00:00", "data": {"market": "0xc46a57c69550b00b36da711847f595b75a57a3f3379772e8d8e3a7e346566292", "price_changes": [{"asset_id": "3631045695117247950541716594081686656352345743494029984905297385780170551736", "price": "0.89", "size": "0", "side": "SELL", "hash": "a17821cd23e39a6258cc3660f34b51c13f44186b", "best_bid": "0.82", "best_ask": "0.91"}, {"asset_id": "90569915957016922438265670672631883761918110708154445706455817507256909368075", "price": "0.11", "size": "0", "side": "BUY", "hash": "b146ea8304cfe5890b6c4f6af3c50104394987c3", "best_bid": "0.09", "best_ask": "0.18"}], "timestamp": "1769384489094", "event_type": "price_change"}}
{"_local_timestamp": "2026-01-25T23:41:29.259999+00:00", "data": {"market": "0xc46a57c69550b00b36da711847f595b75a57a3f3379772e8d8e3a7e346566292", "price_changes": [{"asset_id": "3631045695117247950541716594081686656352345743494029984905297385780170551736", "price": "0.91", "size": "53.88", "side": "SELL", "hash": "84b6e337d45c288edc4846e3e3f49ffa42bc2969", "best_bid": "0.82", "best_ask": "0.91"}, {"asset_id": "90569915957016922438265670672631883761918110708154445706455817507256909368075", "price": "0.09", "size": "53.88", "side": "BUY", "hash": "f789b62e31eeeac8b5a89ea6998ba27c9c779af7", "best_bid": "0.09", "best_ask": "0.18"}], "timestamp": "1769384489158", "event_type": "price_change"}}
{"_local_timestamp": "2026-01-25T23:41:30.260796+00:00", "data": {"market": "0xc46a57c69550b00b36da711847f595b75a57a3f3379772e8d8e3a7e346566292", "price_changes": [{"asset_id": "90569915957016922438265670672631883761918110708154445706455817507256909368075", "price": "0.08", "size": "30", "side": "BUY", "hash": "d8dc09aae325f25a3933b1dfba5691f6dcc3e644", "best_bid": "0.09", "best_ask": "0.18"}, {"asset_id": "3631045695117247950541716594081686656352345743494029984905297385780170551736", "price": "0.92", "size": "30", "side": "SELL", "hash": "e57b847ad2361c9d0d1114d9fc9d7d77d8b6c118", "best_bid": "0.82", "best_ask": "0.91"}], "timestamp": "1769384490112", "event_type": "price_change"}}
{"_local_timestamp": "2026-01-25T23:41:30.838376+00:00", "data": {"market": "0xc46a57c69550b00b36da711847f595b75a57a3f3379772e8d8e3a7e346566292", "price_changes": [{"asset_id": "90569915957016922438265670672631883761918110708154445706455817507256909368075", "price": "0.1", "size": "100", "side": "BUY", "hash": "f9d2f3d2d437212007971013870a420bb7516b3c", "best_bid": "0.1", "best_ask": "0.18"}, {"asset_id": "3631045695117247950541716594081686656352345743494029984905297385780170551736", "price": "0.9", "size": "100", "side": "SELL", "hash": "da37921f2178dacca6b8d524682b801a62afcdfe", "best_bid": "0.82", "best_ask": "0.9"}], "timestamp": "1769384490700", "event_type": "price_change"}}
{"_local_timestamp": "2026-01-25T23:41:32.238412+00:00", "data": {"market": "0xc46a57c69550b00b36da711847f595b75a57a3f3379772e8d8e3a7e346566292", "price_changes": [{"asset_id": "3631045695117247950541716594081686656352345743494029984905297385780170551736", "price": "0.08", "size": "0", "side": "BUY", "hash": "84e8584348933f2d95b100676dc395d21f169c4b", "best_bid": "0.82", "best_ask": "0.9"}, {"asset_id": "90569915957016922438265670672631883761918110708154445706455817507256909368075", "price": "0.92", "size": "0", "side": "SELL", "hash": "5f10ef31e55e4a4697eccf90db9d88f5b89bb74a", "best_bid": "0.1", "best_ask": "0.18"}], "timestamp": "1769384492071", "event_type": "price_change"}}
{"_local_timestamp": "2026-01-25T23:41:32.411042+00:00", "data": {"market": "0xc46a57c69550b00b36da711847f595b75a57a3f3379772e8d8e3a7e346566292", "price_changes": [{"asset_id": "3631045695117247950541716594081686656352345743494029984905297385780170551736", "price": "0.91", "size": "23.88", "side": "SELL", "hash": "b69df05dbc7f66181e554f27157d445d8acad501", "best_bid": "0.82", "best_ask": "0.9"}, {"asset_id": "90569915957016922438265670672631883761918110708154445706455817507256909368075", "price": "0.09", "size": "23.88", "side": "BUY", "hash": "372a40051ee627ff40f399dc662eefb16395a363", "best_bid": "0.1", "best_ask": "0.18"}], "timestamp": "1769384492266", "event_type": "price_change"}}
{"_local_timestamp": "2026-01-25T23:41:32.513085+00:00", "data": {"market": "0xc46a57c69550b00b36da711847f595b75a57a3f3379772e8d8e3a7e346566292", "price_changes": [{"asset_id": "3631045695117247950541716594081686656352345743494029984905297385780170551736", "price": "0.92", "size": "60", "side": "SELL", "hash": "250ee4449034abbb8a89ba875e71d19511ab9c67", "best_bid": "0.82", "best_ask": "0.9"}, {"asset_id": "90569915957016922438265670672631883761918110708154445706455817507256909368075", "price": "0.08", "size": "60", "side": "BUY", "hash": "c0880c118dbb0e106afc6ecb8cf54f83df15ebfe", "best_bid": "0.1", "best_ask": "0.18"}], "timestamp": "1769384492347", "event_type": "price_change"}}
{"_local_timestamp": "2026-01-25T23:41:32.513555+00:00", "data": {"market": "0xc46a57c69550b00b36da711847f595b75a57a3f3379772e8d8e3a7e346566292", "price_changes": [{"asset_id": "3631045695117247950541716594081686656352345743494029984905297385780170551736", "price": "0.09", "size": "300", "side": "BUY", "hash": "5273ec1cba4339538f2ac81914013f3f603aaf89", "best_bid": "0.82", "best_ask": "0.9"}, {"asset_id": "90569915957016922438265670672631883761918110708154445706455817507256909368075", "price": "0.91", "size": "300", "side": "SELL", "hash": "da1bb1f1b1301a4ed1d0fde7d611c85e8837f967", "best_bid": "0.1", "best_ask": "0.18"}], "timestamp": "1769384492352", "event_type": "price_change"}}
{"_local_timestamp": "2026-01-25T23:41:33.417622+00:00", "data": {"market": "0xc46a57c69550b00b36da711847f595b75a57a3f3379772e8d8e3a7e346566292", "price_changes": [{"asset_id": "90569915957016922438265670672631883761918110708154445706455817507256909368075", "price": "0.08", "size": "30", "side": "BUY", "hash": "a8b8d53d3f76f22b93ca5c953ed3c1177bb68382", "best_bid": "0.1", "best_ask": "0.18"}, {"asset_id": "3631045695117247950541716594081686656352345743494029984905297385780170551736", "price": "0.92", "size": "30", "side": "SELL", "hash": "4a82a78ff6d39bfe0ae76f43ff6f0a7a6fdb536a", "best_bid": "0.82", "best_ask": "0.9"}], "timestamp": "1769384493270", "event_type": "price_change"}}
{"_local_timestamp": "2026-01-25T23:41:33.479533+00:00", "data": {"market": "0xc46a57c69550b00b36da711847f595b75a57a3f3379772e8d8e3a7e346566292", "price_changes": [{"asset_id": "90569915957016922438265670672631883761918110708154445706455817507256909368075", "price": "0.1", "size": "130", "side": "BUY", "hash": "75e9b7a6f0a73ddeb388f3ba8cbf938c219ce551", "best_bid": "0.1", "best_ask": "0.18"}, {"asset_id": "3631045695117247950541716594081686656352345743494029984905297385780170551736", "price": "0.9", "size": "130", "side": "SELL", "hash": "e2cee603660cf8e3e0ed681fc2334469980826a8", "best_bid": "0.82", "best_ask": "0.9"}], "timestamp": "1769384493326", "event_type": "price_change"}}
{"_local_timestamp": "2026-01-25T23:41:34.200566+00:00", "data": {"market": "0xc46a57c69550b00b36da711847f595b75a57a3f3379772e8d8e3a7e346566292", "price_changes": [{"asset_id": "3631045695117247950541716594081686656352345743494029984905297385780170551736", "price": "0.92", "size": "0", "side": "SELL", "hash": "68cdc26c22cf112112bda621a3f1dcb617f3894a", "best_bid": "0.82", "best_ask": "0.9"}, {"asset_id": "90569915957016922438265670672631883761918110708154445706455817507256909368075", "price": "0.08", "size": "0", "side": "BUY", "hash": "90183bcd91d03176a5c00a4b0709fd7600bc2cca", "best_bid": "0.1", "best_ask": "0.18"}], "timestamp": "1769384494046", "event_type": "price_change"}}
{"_local_timestamp": "2026-01-25T23:41:34.286500+00:00", "data": {"market": "0xc46a57c69550b00b36da711847f595b75a57a3f3379772e8d8e3a7e346566292", "price_changes": [{"asset_id": "3631045695117247950541716594081686656352345743494029984905297385780170551736", "price": "0.89", "size": "30", "side": "SELL", "hash": "995f0012df3d586064d941cb92f02e8360420112", "best_bid": "0.82", "best_ask": "0.89"}, {"asset_id": "90569915957016922438265670672631883761918110708154445706455817507256909368075", "price": "0.11", "size": "30", "side": "BUY", "hash": "7b532a12a3067d6966e306193d16d26e405b52ef", "best_bid": "0.11", "best_ask": "0.18"}], "timestamp": "1769384494120", "event_type": "price_change"}}
{"_local_timestamp": "2026-01-25T23:41:34.602999+00:00", "data": {"market": "0xc46a57c69550b00b36da711847f595b75a57a3f3379772e8d8e3a7e346566292", "price_changes": [{"asset_id": "90569915957016922438265670672631883761918110708154445706455817507256909368075", "price": "0.1", "size": "30", "side": "BUY", "hash": "c4c785cc33aebd07d70b1aa98e4c02a03ef1224c", "best_bid": "0.11", "best_ask": "0.18"}, {"asset_id": "3631045695117247950541716594081686656352345743494029984905297385780170551736", "price": "0.9", "size": "30", "side": "SELL", "hash": "4209d4002cf860f6d99b142befd2d4bc6984e889", "best_bid": "0.82", "best_ask": "0.89"}], "timestamp": "1769384494440", "event_type": "price_change"}}
{"_local_timestamp": "2026-01-25T23:41:35.025816+00:00", "data": {"market": "0xc46a57c69550b00b36da711847f595b75a57a3f3379772e8d8e3a7e346566292", "price_changes": [{"asset_id": "90569915957016922438265670672631883761918110708154445706455817507256909368075", "price": "0.1", "size": "0", "side": "BUY", "hash": "ef111639bed8c382c2971ecc8997f9a9cb7a2523", "best_bid": "0.11", "best_ask": "0.18"}, {"asset_id": "3631045695117247950541716594081686656352345743494029984905297385780170551736", "price": "0.9", "size": "0", "side": "SELL", "hash": "5a26d19300b45576f2a65d9cb3c8fb7210c72e5f", "best_bid": "0.82", "best_ask": "0.89"}], "timestamp": "1769384494857", "event_type": "price_change"}}
{"_local_timestamp": "2026-01-25T23:41:35.075770+00:00", "data": {"market": "0xc46a57c69550b00b36da711847f595b75a57a3f3379772e8d8e3a7e346566292", "price_changes": [{"asset_id": "90569915957016922438265670672631883761918110708154445706455817507256909368075", "price": "0.07", "size": "215.71", "side": "BUY", "hash": "9f1c3d38bb057576ac105b3b2fdcfa750fcf1774", "best_bid": "0.11", "best_ask": "0.18"}, {"asset_id": "3631045695117247950541716594081686656352345743494029984905297385780170551736", "price": "0.93", "size": "215.71", "side": "SELL", "hash": "a2675f3a4c8f2b8a2c0c2eea7c9246f22f23d6ee", "best_bid": "0.82", "best_ask": "0.89"}], "timestamp": "1769384494914", "event_type": "price_change"}}
{"_local_timestamp": "2026-01-25T23:41:35.164187+00:00", "data": {"market": "0xc46a57c69550b00b36da711847f595b75a57a3f3379772e8d8e3a7e346566292", "price_changes": [{"asset_id": "90569915957016922438265670672631883761918110708154445706455817507256909368075", "price": "0.08", "size": "100", "side": "BUY", "hash": "875246d93031dcbd1ef3a0f2fb351faa4f82599d", "best_bid": "0.11", "best_ask": "0.18"}, {"asset_id": "3631045695117247950541716594081686656352345743494029984905297385780170551736", "price": "0.92", "size": "100", "side": "SELL", "hash": "8600ab60c091af54af11a3ce820357054a7516ad", "best_bid": "0.82", "best_ask": "0.89"}], "timestamp": "1769384494996", "event_type": "price_change"}}
{"_local_timestamp": "2026-01-25T23:41:35.432274+00:00", "data": {"market": "0xc46a57c69550b00b36da711847f595b75a57a3f3379772e8d8e3a7e346566292", "price_changes": [{"asset_id": "3631045695117247950541716594081686656352345743494029984905297385780170551736", "price": "0.89", "size": "0", "side": "SELL", "hash": "7977263efca36a2b29b14ba5daa4938f5c419bf5", "best_bid": "0.82", "best_ask": "0.91"}, {"asset_id": "90569915957016922438265670672631883761918110708154445706455817507256909368075", "price": "0.11", "size": "0", "side": "BUY", "hash": "919676f1fb89356f123040a4710b0d23c1059b8a", "best_bid": "0.09", "best_ask": "0.18"}], "timestamp": "1769384495300", "event_type": "price_change"}}
{"_local_timestamp": "2026-01-25T23:41:35.494844+00:00", "data": {"market": "0xc46a57c69550b00b36da711847f595b75a57a3f3379772e8d8e3a7e346566292", "price_changes": [{"asset_id": "3631045695117247950541716594081686656352345743494029984905297385780170551736", "price": "0.92", "size": "130", "side": "SELL", "hash": "161384c0598b116496fb080ca2fe2137e8953641", "best_bid": "0.82", "best_ask": "0.91"}, {"asset_id": "90569915957016922438265670672631883761918110708154445706455817507256909368075", "price": "0.08", "size": "130", "side": "BUY", "hash": "5b2f075660d93cee4d616872e1b89a9e69462949", "best_bid": "0.09", "best_ask": "0.18"}], "timestamp": "1769384495361", "event_type": "price_change"}}
{"_local_timestamp": "2026-01-25T23:41:36.916484+00:00", "data": {"market": "0xc46a57c69550b00b36da711847f595b75a57a3f3379772e8d8e3a7e346566292", "price_changes": [{"asset_id": "90569915957016922438265670672631883761918110708154445706455817507256909368075", "price": "0.07", "size": "185.71", "side": "BUY", "hash": "afd02420176ae76befae181bb0d0cd8b33e71ba6", "best_bid": "0.09", "best_ask": "0.18"}, {"asset_id": "3631045695117247950541716594081686656352345743494029984905297385780170551736", "price": "0.93", "size": "185.71", "side": "SELL", "hash": "3d3a18268df3a51a7c38d42fb631149c6b9fc46e", "best_bid": "0.82", "best_ask": "0.91"}], "timestamp": "1769384496769", "event_type": "price_change"}}
{"_local_timestamp": "2026-01-25T23:41:36.967436+00:00", "data": {"market": "0xc46a57c69550b00b36da711847f595b75a57a3f3379772e8d8e3a7e346566292", "price_changes": [{"asset_id": "90569915957016922438265670672631883761918110708154445706455817507256909368075", "price": "0.08", "size": "160", "side": "BUY", "hash": "ec2e81f8ed347bb5f3399bc2d7140e1fa5e446d5", "best_bid": "0.09", "best_ask": "0.18"}, {"asset_id": "3631045695117247950541716594081686656352345743494029984905297385780170551736", "price": "0.92", "size": "160", "side": "SELL", "hash": "f3e54d4611f869b3f7087b351b8be9daa36fc177", "best_bid": "0.82", "best_ask": "0.91"}], "timestamp": "1769384496835", "event_type": "price_change"}}
{"_local_timestamp": "2026-01-25T23:41:38.956745+00:00", "data": {"market": "0xc46a57c69550b00b36da711847f595b75a57a3f3379772e8d8e3a7e346566292", "price_changes": [{"asset_id": "90569915957016922438265670672631883761918110708154445706455817507256909368075", "price": "0.08", "size": "60", "side": "BUY", "hash": "264504534f9bddc27df2183f34aff69680e54e24", "best_bid": "0.09", "best_ask": "0.18"}, {"asset_id": "3631045695117247950541716594081686656352345743494029984905297385780170551736", "price": "0.92", "size": "60", "side": "SELL", "hash": "3a1f051a2cf30a8020e836f946ba2bc3b7d80948", "best_bid": "0.82", "best_ask": "0.91"}], "timestamp": "1769384498791", "event_type": "price_change"}}
{"_local_timestamp": "2026-01-25T23:41:39.657849+00:00", "data": {"market": "0xc46a57c69550b00b36da711847f595b75a57a3f3379772e8d8e3a7e346566292", "price_changes": [{"asset_id": "90569915957016922438265670672631883761918110708154445706455817507256909368075", "price": "0.09", "size": "123.88", "side": "BUY", "hash": "9ade6da355b55c1a698f55fb6960888306b279d6", "best_bid": "0.09", "best_ask": "0.18"}, {"asset_id": "3631045695117247950541716594081686656352345743494029984905297385780170551736", "price": "0.91", "size": "123.88", "side": "SELL", "hash": "09d9ab082f776592fd631cd98de03d492c629721", "best_bid": "0.82", "best_ask": "0.91"}], "timestamp": "1769384499502", "event_type": "price_change"}}
{"_local_timestamp": "2026-01-25T23:41:39.931233+00:00", "data": {"market": "0xc46a57c69550b00b36da711847f595b75a57a3f3379772e8d8e3a7e346566292", "price_changes": [{"asset_id": "90569915957016922438265670672631883761918110708154445706455817507256909368075", "price": "0.08", "size": "30", "side": "BUY", "hash": "7b9c0d562b997b6c0237895ad7e1e20d335d8197", "best_bid": "0.09", "best_ask": "0.18"}, {"asset_id": "3631045695117247950541716594081686656352345743494029984905297385780170551736", "price": "0.92", "size": "30", "side": "SELL", "hash": "2b32b0469dde79967279eed325de9128aa62aa35", "best_bid": "0.82", "best_ask": "0.91"}], "timestamp": "1769384499786", "event_type": "price_change"}}
{"_local_timestamp": "2026-01-25T23:41:39.989452+00:00", "data": {"market": "0xc46a57c69550b00b36da711847f595b75a57a3f3379772e8d8e3a7e346566292", "price_changes": [{"asset_id": "90569915957016922438265670672631883761918110708154445706455817507256909368075", "price": "0.09", "size": "153.88", "side": "BUY", "hash": "4aaec3cc60a2d987ad0dfefa133bc3c883129ca3", "best_bid": "0.09", "best_ask": "0.18"}, {"asset_id": "3631045695117247950541716594081686656352345743494029984905297385780170551736", "price": "0.91", "size": "153.88", "side": "SELL", "hash": "b728d11f495cb170cf8caee2632ff8f390c4eba7", "best_bid": "0.82", "best_ask": "0.91"}], "timestamp": "1769384499837", "event_type": "price_change"}}
{"_local_timestamp": "2026-01-25T23:41:40.553956+00:00", "data": {"market": "0xc46a57c69550b00b36da711847f595b75a57a3f3379772e8d8e3a7e346566292", "price_changes": [{"asset_id": "3631045695117247950541716594081686656352345743494029984905297385780170551736", "price": "0.92", "size": "0", "side": "SELL", "hash": "e482b4fdf52ff451b4d8314173761fd70e2743f1", "best_bid": "0.82", "best_ask": "0.91"}, {"asset_id": "90569915957016922438265670672631883761918110708154445706455817507256909368075", "price": "0.08", "size": "0", "side": "BUY", "hash": "5c21c59bb80efbfa8a084c8237151841261b054c", "best_bid": "0.09", "best_ask": "0.18"}], "timestamp": "1769384500487", "event_type": "price_change"}}
{"_local_timestamp": "2026-01-25T23:41:40.586310+00:00", "data": {"market": "0xc46a57c69550b00b36da711847f595b75a57a3f3379772e8d8e3a7e346566292", "price_changes": [{"asset_id": "90569915957016922438265670672631883761918110708154445706455817507256909368075", "price": "0.09", "size": "186.88", "side": "BUY", "hash": "b75e29fffbefe37e6061346db3e39a9c32e5174d", "best_bid": "0.09", "best_ask": "0.18"}, {"asset_id": "3631045695117247950541716594081686656352345743494029984905297385780170551736", "price": "0.91", "size": "186.88", "side": "SELL", "hash": "e5c54d2792184eb3202193395971bbf85a358246", "best_bid": "0.82", "best_ask": "0.91"}], "timestamp": "1769384500513", "event_type": "price_change"}}
{"_local_timestamp": "2026-01-25T23:41:40.609218+00:00", "data": {"market": "0xc46a57c69550b00b36da711847f595b75a57a3f3379772e8d8e3a7e346566292", "price_changes": [{"asset_id": "3631045695117247950541716594081686656352345743494029984905297385780170551736", "price": "0.9", "size": "30", "side": "SELL", "hash": "91c7add4193fd5311393e3bfdf40fd4b13ffc031", "best_bid": "0.82", "best_ask": "0.9"}, {"asset_id": "90569915957016922438265670672631883761918110708154445706455817507256909368075", "price": "0.1", "size": "30", "side": "BUY", "hash": "ca7e83c3e20b464bb3d3329d299c4387622dadc8", "best_bid": "0.1", "best_ask": "0.18"}], "timestamp": "1769384500542", "event_type": "price_change"}}
{"_local_timestamp": "2026-01-25T23:41:43.310432+00:00", "data": {"market": "0xc46a57c69550b00b36da711847f595b75a57a3f3379772e8d8e3a7e346566292", "price_changes": [{"asset_id": "90569915957016922438265670672631883761918110708154445706455817507256909368075", "price": "0.09", "size": "86.88", "side": "BUY", "hash": "46715c704864c5c2f4eccab6e971462d7166d24a", "best_bid": "0.1", "best_ask": "0.18"}, {"asset_id": "3631045695117247950541716594081686656352345743494029984905297385780170551736", "price": "0.91", "size": "86.88", "side": "SELL", "hash": "2114f97071d8158dfdaed45c57dc1bb607a1453d", "best_bid": "0.82", "best_ask": "0.9"}], "timestamp": "1769384503244", "event_type": "price_change"}}
{"_local_timestamp": "2026-01-25T23:41:44.047265+00:00", "data": {"market": "0xc46a57c69550b00b36da711847f595b75a57a3f3379772e8d8e3a7e346566292", "price_changes": [{"asset_id": "90569915957016922438265670672631883761918110708154445706455817507256909368075", "price": "0.1", "size": "130", "side": "BUY", "hash": "90b2f87b4c595b9f9b80deb7b9ab3b495c3f45b7", "best_bid": "0.1", "best_ask": "0.18"}, {"asset_id": "3631045695117247950541716594081686656352345743494029984905297385780170551736", "price": "0.9", "size": "130", "side": "SELL", "hash": "513e1d170da608b8be78ebad5506585521b657b9", "best_bid": "0.82", "best_ask": "0.9"}], "timestamp": "1769384503974", "event_type": "price_change"}}
{"_local_timestamp": "2026-01-25T23:41:44.404948+00:00", "data": {"market": "0xc46a57c69550b00b36da711847f595b75a57a3f3379772e8d8e3a7e346566292", "price_changes": [{"asset_id": "90569915957016922438265670672631883761918110708154445706455817507256909368075", "price": "0.09", "size": "56.88", "side": "BUY", "hash": "02a479438effb26c89746513c820098fdc062c34", "best_bid": "0.1", "best_ask": "0.18"}, {"asset_id": "3631045695117247950541716594081686656352345743494029984905297385780170551736", "price": "0.91", "size": "56.88", "side": "SELL", "hash": "03b988d196109777bb651e46553cb577690baf3f", "best_bid": "0.82", "best_ask": "0.9"}], "timestamp": "1769384504329", "event_type": "price_change"}}
{"_local_timestamp": "2026-01-25T23:41:44.694203+00:00", "data": {"market": "0xc46a57c69550b00b36da711847f595b75a57a3f3379772e8d8e3a7e346566292", "price_changes": [{"asset_id": "90569915957016922438265670672631883761918110708154445706455817507256909368075", "price": "0.1", "size": "160", "side": "BUY", "hash": "d4df8fdb334defa48f8bc43aa3bf0cf9924eaebc", "best_bid": "0.1", "best_ask": "0.18"}, {"asset_id": "3631045695117247950541716594081686656352345743494029984905297385780170551736", "price": "0.9", "size": "160", "side": "SELL", "hash": "f89668b843c12ec5bb61b5909440a8f2e3dc5f47", "best_bid": "0.82", "best_ask": "0.9"}], "timestamp": "1769384504620", "event_type": "price_change"}}
