{"_local_timestamp": "2026-01-25T23:40:37.856406+00:00", "data": [{"market": "0xc46a57c69550b00b36da711847f595b75a57a3f3379772e8d8e3a7e346566292", "asset_id": "90569915957016922438265670672631883761918110708154445706455817507256909368075", "timestamp": "1769384431310", "hash": "7607dfcbf816340a12274cd5c5fd86f04350892d", "bids": [{"price": "0.01", "size": "205"}, {"price": "0.02", "size": "700"}, {"price": "0.03", "size": "500"}, {"price": "0.04", "size": "137.5"}, {"price": "0.05", "size": "168"}, {"price": "0.06", "size": "100"}, {"price": "0.07", "size": "185.71"}, {"price": "0.08", "size": "130"}, {"price": "0.13", "size": "46.88"}], "asks": [{"price": "0.99", "size": "5000"}, {"price": "0.98", "size": "3500"}, {"price": "0.95", "size": "330"}, {"price": "0.94", "size": "33"}, {"price": "0.92", "size": "300"}, {"price": "0.9", "size": "100"}, {"price": "0.88", "size": "325"}, {"price": "0.86", "size": "100"}, {"price": "0.82", "size": "18.68"}, {"price": "0.81", "size": "195.88"}, {"price": "0.79", "size": "50"}, {"price": "0.73", "size": "150"}, {"price": "0.69", "size": "66.66"}, {"price": "0.65", "size": "50"}, {"price": "0.63", "size": "64"}, {"price": "0.62", "size": "5"}, {"price": "0.44", "size": "66.66"}, {"price": "0.36", "size": "20.31"}, {"price": "0.35", "size": "16.92"}, {"price": "0.24", "size": "16.12"}, {"price": "0.22", "size": "39.99"}, {"price": "0.19", "size": "66.66"}, {"price": "0.18", "size": "129.99"}], "event_type": "book", "last_trade_price": "0.170"}, {"market": "0xc46a57c69550b00b36da711847f595b75a57a3f3379772e8d8e3a7e346566292", "asset_id": "3631045695117247950541716594081686656352345743494029984905297385780170551736", "timestamp": "1769384431310", "hash": "893abbd6fe548121bbdd51988fa2df2687b551ac", "bids": [{"price": "0.01", "size": "5000"}, {"price": "0.02", "size": "3500"}, {"price": "0.05", "size": "330"}, {"price": "0.06", "size": "33"}, {"price": "0.08", "size": "300"}, {"price": "0.1", "size": "100"}, {"price": "0.12", "size": "325"}, {"price": "0.14", "size": "100"}, {"price": "0.18", "size": "18.68"}, {"price": "0.19", "size": "195.88"}, {"price": "0.21", "size": "50"}, {"price": "0.27", "size": "150"}, {"price": "0.31", "size": "66.66"}, {"price": "0.35", "size": "50"}, {"price": "0.37", "size": "64"}, {"price": "0.38", "size": "5"}, {"price": "0.56", "size": "66.66"}, {"price": "0.64", "size": "20.31"}, {"price": "0.65", "size": "16.92"}, {"price": "0.76", "size": "16.12"}, {"price": "0.78", "size": "39.99"}, {"price": "0.81", "size": "66.66"}, {"price": "0.82", "size": "129.99"}], "asks": [{"price": "0.99", "size": "205"}, {"price": "0.98", "size": "700"}, {"price": "0.97", "size": "500"}, {"price": "0.96", "size": "137.5"}, {"price": "0.95", "size": "168"}, {"price": "0.94", "size": "100"}, {"price": "0.93", "size": "185.71"}, {"price": "0.92", "size": "130"}, {"price": "0.87", "size": "46.88"}], "event_type": "book", "last_trade_price": "0.170"}]}
{"_local_timestamp": "2026-01-25T23:40:40.467683+00:00", "data": {"market": "0xc46a57c69550b00b36da711847f595b75a57a3f3379772e8d8e3a7e346566292", "price_changes": [{"asset_id": "3631045695117247950541716594081686656352345743494029984905297385780170551736", "price": "0.12", "size": "200", "side": "BUY", "hash": "aab66bc3ea5e9fcd5955ac247860b183535f632b", "best_bid": "0.82", "best_ask": "0.87"}, {"asset_id": "90569915957016922438265670672631883761918110708154445706455817507256909368075", "price": "0.88", "size": "200", "side": "SELL", "hash": "75943cfdd87d6d2df353253e54365499960e0657", "best_bid": "0.13", "best_ask": "0.18"}], "timestamp": "1769384440274", "event_type": "price_change"}}
{"_local_timestamp": "2026-01-25T23:40:40.827076+00:00", "data": {"market": "0xc46a57c69550b00b36da711847f595b75a57a3f3379772e8d8e3a7e346566292", "price_changes": [{"asset_id": "3631045695117247950541716594081686656352345743494029984905297385780170551736", "price": "0.19", "size": "295.88", "side": "BUY", "hash": "9de54aa9bfb6713b5e246b46d09d09dd5ccf630b", "best_bid": "0.82", "best_ask": "0.87"}, {"asset_id": "90569915957016922438265670672631883761918110708154445706455817507256909368075", "price": "0.81", "size": "295.88", "side": "SELL", "hash": "08c74a26bc0d63410ee7466b946fe0cadd955621", "best_bid": "0.13", "best_ask": "0.18"}], "timestamp": "1769384440628", "event_type": "price_change"}}
{"_local_timestamp": "2026-01-25T23:40:40.842018+00:00", "data": {"market": "0xc46a57c69550b00b36da711847f595b75a57a3f3379772e8d8e3a7e346566292", "price_changes": [{"asset_id": "3631045695117247950541716594081686656352345743494029984905297385780170551736", "price": "0.13", "size": "125", "side": "BUY", "hash": "cf4dc7c6c3f9455c996f7e2bef796c475d0cb87c", "best_bid": "0.82", "best_ask": "0.87"}, {"asset_id": "90569915957016922438265670672631883761918110708154445706455817507256909368075", "price": "0.87", "size": "125", "side": "SELL", "hash": "eee21a1a5d394c5b2ca93b233f99e8bc55f187a2", "best_bid": "0.13", "best_ask": "0.18"}], "timestamp": "1769384440660", "event_type": "price_change"}}
{"_local_timestamp": "2026-01-25T23:40:59.171661+00:00", "data": {"market": "0xc46a57c69550b00b36da711847f595b75a57a3f3379772e8d8e3a7e346566292", "price_changes": [{"asset_id": "3631045695117247950541716594081686656352345743494029984905297385780170551736", "price": "0.08", "size": "100", "side": "BUY", "hash": "9ab276168ca7ef82efad66e945e9f7ab24bf06f4", "best_bid": "0.82", "best_ask": "0.87"}, {"asset_id": "90569915957016922438265670672631883761918110708154445706455817507256909368075", "price": "0.92", "size": "100", "side": "SELL", "hash": "7ec8f323963b7c7f07d46dda2b99cd7a45f63d7a", "best_bid": "0.13", "best_ask": "0.18"}], "timestamp": "1769384459091", "event_type": "price_change"}}
{"_local_timestamp": "2026-01-25T23:40:59.541009+00:00", "data": {"market": "0xc46a57c69550b00b36da711847f595b75a57a3f3379772e8d8e3a7e346566292", "price_changes": [{"asset_id": "3631045695117247950541716594081686656352345743494029984905297385780170551736", "price": "0.09", "size": "200", "side": "BUY", "hash": "16d5060cba97e3418fd9b99dd07f3b7264c4718e", "best_bid": "0.82", "best_ask": "0.87"}, {"asset_id": "90569915957016922438265670672631883761918110708154445706455817507256909368075", "price": "0.91", "size": "200", "side": "SELL", "hash": "1a5f7e97471e1ee015e7c043ce866d974c10324c", "best_bid": "0.13", "best_ask": "0.18"}], "timestamp": "1769384459435", "event_type": "price_change"}}
{"_local_timestamp": "2026-01-25T23:41:09.300345+00:00", "data": {"market": "0xc46a57c69550b00b36da711847f595b75a57a3f3379772e8d8e3a7e346566292", "price_changes": [{"asset_id": "90569915957016922438265670672631883761918110708154445706455817507256909368075", "price": "0.13", "size": "23.88", "side": "BUY", "hash": "18654cbc2bdb76a7e85782e41343b8333587a330", "best_bid": "0.13", "best_ask": "0.18"}, {"asset_id": "3631045695117247950541716594081686656352345743494029984905297385780170551736", "price": "0.87", "size": "23.88", "side": "SELL", "hash": "acf208dd7c09cdcab7149655362c6307fc32d79c", "best_bid": "0.82", "best_ask": "0.87"}], "timestamp": "1769384469230", "event_type": "price_change"}}
{"_local_timestamp": "2026-01-25T23:41:12.216030+00:00", "data": {"market": "0xc46a57c69550b00b36da711847f595b75a57a3f3379772e8d8e3a7e346566292", "price_changes": [{"asset_id": "90569915957016922438265670672631883761918110708154445706455817507256909368075", "price": "0.13", "size": "0", "side": "BUY", "hash": "7971de5437623fe197f9ac7f7e829be2e508a7a9", "best_bid": "0.08", "best_ask": "0.18"}, {"asset_id": "3631045695117247950541716594081686656352345743494029984905297385780170551736", "price": "0.87", "size": "0", "side": "SELL", "hash": "cc86ec53bc49d9d43a8b3dd0344c44006757047f", "best_bid": "0.82", "best_ask": "0.92"}], "timestamp": "1769384472092", "event_type": "price_change"}}
{"_local_timestamp": "2026-01-25T23:41:12.351714+00:00", "data": {"market": "0xc46a57c69550b00b36da711847f595b75a57a3f3379772e8d8e3a7e346566292", "price_changes": [{"asset_id": "90569915957016922438265670672631883761918110708154445706455817507256909368075", "price": "0.08", "size": "160", "side": "BUY", "hash": "5d702de2c5612b2818f76b987d894f743c03630d", "best_bid": "0.08", "best_ask": "0.18"}, {"asset_id": "3631045695117247950541716594081686656352345743494029984905297385780170551736", "price": "0.92", "size": "160", "side": "SELL", "hash": "bef9429a8ddddebff946c3d7a194e113e10b0f0e", "best_bid": "0.82", "best_ask": "0.92"}], "timestamp": "1769384472283", "event_type": "price_change"}}
