{"_local_timestamp": "2026-01-25T23:33:28.565293+00:00", "data": [{"market": "0x57630ca87de434c74db1c388ed88c1920a6d1dfcf4094ef14a415dcc5049babc", "asset_id": "63288727222857538715525574191584916211293137089612615781724211046379219138896", "timestamp": "1769383987310", "hash": "a773fac4c690c3cc40333de43153c6723b2d26cf", "bids": [{"price": "0.01", "size": "6350"}, {"price": "0.02", "size": "2750"}, {"price": "0.03", "size": "250"}, {"price": "0.05", "size": "300"}, {"price": "0.07", "size": "1314.28"}, {"price": "0.11", "size": "634.09"}, {"price": "0.15", "size": "213.33"}, {"price": "0.16", "size": "1150"}, {"price": "0.19", "size": "547.36"}, {"price": "0.21", "size": "1998"}, {"price": "0.23", "size": "163.04"}, {"price": "0.26", "size": "92.3"}, {"price": "0.29", "size": "6"}, {"price": "0.3", "size": "3296.66"}, {"price": "0.34", "size": "125"}, {"price": "0.35", "size": "37.14"}, {"price": "0.36", "size": "30.55"}, {"price": "0.67", "size": "2100"}, {"price": "0.68", "size": "300"}, {"price": "0.69", "size": "562.5"}], "asks": [{"price": "0.99", "size": "3760"}, {"price": "0.98", "size": "2000"}, {"price": "0.96", "size": "250"}, {"price": "0.92", "size": "101"}, {"price": "0.85", "size": "333.3"}, {"price": "0.84", "size": "702.61"}, {"price": "0.83", "size": "159.66"}, {"price": "0.82", "size": "41.66"}, {"price": "0.81", "size": "68.42"}, {"price": "0.8", "size": "50"}, {"price": "0.79", "size": "52.38"}, {"price": "0.78", "size": "493.18"}, {"price": "0.77", "size": "22"}, {"price": "0.75", "size": "75"}, {"price": "0.74", "size": "475.59"}, {"price": "0.73", "size": "133.23"}, {"price": "0.72", "size": "504.05"}], "event_type": "book", "last_trade_price": "0.280"}, {"market": "0x57630ca87de434c74db1c388ed88c1920a6d1dfcf4094ef14a415dcc5049babc", "asset_id": "75971664127723976087466985937865139676371988915908568595607526815212140357980", "timestamp": "1769383987310", "hash": "5a5bb14b23a0537b77dbeb0e13d1c3f928116b42", "bids": [{"price": "0.01", "size": "3760"}, {"price": "0.02", "size": "2000"}, {"price": "0.04", "size": "250"}, {"price": "0.08", "size": "101"}, {"price": "0.15", "size": "333.3"}, {"price": "0.16", "size": "702.61"}, {"price": "0.17", "size": "159.66"}, {"price": "0.18", "size": "41.66"}, {"price": "0.19", "size": "68.42"}, {"price": "0.2", "size": "50"}, {"price": "0.21", "size": "52.38"}, {"price": "0.22", "size": "493.18"}, {"price": "0.23", "size": "22"}, {"price": "0.25", "size": "75"}, {"price": "0.26", "size": "475.59"}, {"price": "0.27", "size": "133.23"}, {"price": "0.28", "size": "504.05"}], "asks": [{"price": "0.99", "size": "6350"}, {"price": "0.98", "size": "2750"}, {"price": "0.97", "size": "250"}, {"price": "0.95", "size": "300"}, {"price": "0.93", "size": "1314.28"}, {"price": "0.89", "size": "634.09"}, {"price": "0.85", "size": "213.33"}, {"price": "0.84", "size": "1150"}, {"price": "0.81", "size": "547.36"}, {"price": "0.79", "size": "1998"}, {"price": "0.77", "size": "163.04"}, {"price": "0.74", "size": "92.3"}, {"price": "0.71", "size": "6"}, {"price": "0.7", "size": "3296.66"}, {"price": "0.66", "size": "125"}, {"price": "0.65", "size": "37.14"}, {"price": "0.64", "size": "30.55"}, {"price": "0.33", "size": "2100"}, {"price": "0.32", "size": "300"}, {"price": "0.31", "size": "562.5"}], "event_type": "book", "last_trade_price": "0.280"}]}
{"_local_timestamp": "2026-01-25T23:33:33.314831+00:00", "data": {"market": "0x57630ca87de434c74db1c388ed88c1920a6d1dfcf4094ef14a415dcc5049babc", "price_changes": [{"asset_id": "63288727222857538715525574191584916211293137089612615781724211046379219138896", "price": "0.23", "size": "113.04", "side": "BUY", "hash": "0ecd83fa2d527ef3f9b80e6a1df1b4794323b8a8", "best_bid": "0.69", "best_ask": "0.72"}, {"asset_id": "75971664127723976087466985937865139676371988915908568595607526815212140357980", "price": "0.77", "size": "113.04", "side": "SELL", "hash": "ce49eaa3fdffb9993f50798872766a29a93276ee", "best_bid": "0.28", "best_ask": "0.31"}], "timestamp": "1769384013145", "event_type": "price_change"}}
{"_local_timestamp": "2026-01-25T23:33:33.663502+00:00", "data": {"market": "0x57630ca87de434c74db1c388ed88c1920a6d1dfcf4094ef14a415dcc5049babc", "price_changes": [{"asset_id": "63288727222857538715525574191584916211293137089612615781724211046379219138896", "price": "0.2", "size": "50", "side": "BUY", "hash": "aab3f8ef41e0cf2d4adca54c584ef74da29d84b2", "best_bid": "0.69", "best_ask": "0.72"}, {"asset_id": "75971664127723976087466985937865139676371988915908568595607526815212140357980", "price": "0.8", "size": "50", "side": "SELL", "hash": "88cb63aeb3a5de099c5689f23ce088b1b5d7790e", "best_bid": "0.28", "best_ask": "0.31"}], "timestamp": "1769384013528", "event_type": "price_change"}}
{"_local_timestamp": "2026-01-25T23:34:19.913242+00:00", "data": {"market": "0x57630ca87de434c74db1c388ed88c1920a6d1dfcf4094ef14a415dcc5049babc", "price_changes": [{"asset_id": "63288727222857538715525574191584916211293137089612615781724211046379219138896", "price": "0.21", "size": "0", "side": "BUY", "hash": "94628e7aaee83aaef2ece159fbb207dd60ae4ecf", "best_bid": "0.69", "best_ask": "0.72"}, {"asset_id": "75971664127723976087466985937865139676371988915908568595607526815212140357980", "price": "0.79", "size": "0", "side": "SELL", "hash": "1ec6e4f3523dc8bd26f168b387e8221bb9464b7e", "best_bid": "0.28", "best_ask": "0.31"}], "timestamp": "1769384059759", "event_type": "price_change"}}
{"_local_timestamp": "2026-01-25T23:34:27.799092+00:00", "data": {"market": "0x57630ca87de434c74db1c388ed88c1920a6d1dfcf4094ef14a415dcc5049babc", "price_changes": [{"asset_id": "63288727222857538715525574191584916211293137089612615781724211046379219138896", "price": "0.16", "size": "1000", "side": "BUY", "hash": "46804b6669abe3bd604d00d881ed8fcd051518db", "best_bid": "0.69", "best_ask": "0.72"}, {"asset_id": "75971664127723976087466985937865139676371988915908568595607526815212140357980", "price": "0.84", "size": "1000", "side": "SELL", "hash": "c57839981207f7d8fa6d82033d53ceff1940a1a5", "best_bid": "0.28", "best_ask": "0.31"}], "timestamp": "1769384067582", "event_type": "price_change"}}
{"_local_timestamp": "2026-01-25T23:34:27.985152+00:00", "data": {"market": "0x57630ca87de434c74db1c388ed88c1920a6d1dfcf4094ef14a415dcc5049babc", "price_changes": [{"asset_id": "75971664127723976087466985937865139676371988915908568595607526815212140357980", "price": "0.28", "size": "39.77", "side": "BUY", "hash": "a04f0f9d65ae3efdbaecee3d0ced2ea58816951f", "best_bid": "0.28", "best_ask": "0.31"}, {"asset_id": "63288727222857538715525574191584916211293137089612615781724211046379219138896", "price": "0.72", "size": "39.77", "side": "SELL", "hash": "91787d9a46f0b1ca668d1e36dd5e9740090b6685", "best_bid": "0.69", "best_ask": "0.72"}], "timestamp": "1769384067871", "event_type": "price_change"}}
{"_local_timestamp": "2026-01-25T23:34:28.583604+00:00", "data": {"market": "0x57630ca87de434c74db1c388ed88c1920a6d1dfcf4094ef14a415dcc5049babc", "price_changes": [{"asset_id": "63288727222857538715525574191584916211293137089612615781724211046379219138896", "price": "0.19", "size": "697.36", "side": "BUY", "hash": "a931ef2fa217325ea8a318486d484945c51643a5", "best_bid": "0.69", "best_ask": "0.72"}, {"asset_id": "75971664127723976087466985937865139676371988915908568595607526815212140357980", "price": "0.81", "size": "697.36", "side": "SELL", "hash": "9e30255a3844ab3760729825839089f74de16bb8", "best_bid": "0.28", "best_ask": "0.31"}], "timestamp": "1769384068169", "event_type": "price_change"}}
{"_local_timestamp": "2026-01-25T23:34:53.148970+00:00", "data": {"market": "0x57630ca87de434c74db1c388ed88c1920a6d1dfcf4094ef14a415dcc5049babc", "price_changes": [{"asset_id": "63288727222857538715525574191584916211293137089612615781724211046379219138896", "price": "0.22", "size": "1908", "side": "BUY", "hash": "46b7b5443d4d2cf17911549410129ccb2348896c", "best_bid": "0.69", "best_ask": "0.72"}, {"asset_id": "75971664127723976087466985937865139676371988915908568595607526815212140357980", "price": "0.78", "size": "1908", "side": "SELL", "hash": "20b10707d218bf83ca1ae19e091af7f8f1c3de07", "best_bid": "0.28", "best_ask": "0.31"}], "timestamp": "1769384093074", "event_type": "price_change"}}
{"_local_timestamp": "2026-01-25T23:34:54.299467+00:00", "data": {"market": "0x57630ca87de434c74db1c388ed88c1920a6d1dfcf4094ef14a415dcc5049babc", "price_changes": [{"asset_id": "75971664127723976087466985937865139676371988915908568595607526815212140357980", "price": "0.27", "size": "50", "side": "BUY", "hash": "314d84c66eacfe282fca526be6534d3add318eeb", "best_bid": "0.28", "best_ask": "0.31"}, {"asset_id": "63288727222857538715525574191584916211293137089612615781724211046379219138896", "price": "0.73", "size": "50", "side": "SELL", "hash": "7e9e25c3010062493bdb45e3410c992bf077b46f", "best_bid": "0.69", "best_ask": "0.72"}], "timestamp": "1769384094230", "event_type": "price_change"}}
{"_local_timestamp": "2026-01-25T23:34:54.300000+00:00", "data": {"market": "0x57630ca87de434c74db1c388ed88c1920a6d1dfcf4094ef14a415dcc5049babc", "price_changes": [{"asset_id": "75971664127723976087466985937865139676371988915908568595607526815212140357980", "price": "0.26", "size": "392.36", "side": "BUY", "hash": "314d84c66eacfe282fca526be6534d3add318eeb", "best_bid": "0.28", "best_ask": "0.31"}, {"asset_id": "63288727222857538715525574191584916211293137089612615781724211046379219138896", "price": "0.74", "size": "392.36", "side": "SELL", "hash": "7e9e25c3010062493bdb45e3410c992bf077b46f", "best_bid": "0.69", "best_ask": "0.72"}], "timestamp": "1769384094230", "event_type": "price_change"}}
{"_local_timestamp": "2026-01-25T23:34:54.301519+00:00", "data": {"market": "0x57630ca87de434c74db1c388ed88c1920a6d1dfcf4094ef14a415dcc5049babc", "price_changes": [{"asset_id": "63288727222857538715525574191584916211293137089612615781724211046379219138896", "price": "0.69", "size": "362.5", "side": "BUY", "hash": "28ebe9d414632a2cc7b11580ec9a1e4a41046bae", "best_bid": "0.69", "best_ask": "0.72"}, {"asset_id": "75971664127723976087466985937865139676371988915908568595607526815212140357980", "price": "0.31", "size": "362.5", "side": "SELL", "hash": "a597b53956c7f4e6f89ff03e0893ba3d0a97feb0", "best_bid": "0.28", "best_ask": "0.31"}], "timestamp": "1769384094230", "event_type": "price_change"}}
{"_local_timestamp": "2026-01-25T23:35:03.760301+00:00", "data": {"market": "0x57630ca87de434c74db1c388ed88c1920a6d1dfcf4094ef14a415dcc5049babc", "price_changes": [{"asset_id": "63288727222857538715525574191584916211293137089612615781724211046379219138896", "price": "0.69", "size": "462.5", "side": "BUY", "hash": "3e2b222104ad6567c774b89955f5cb40a869c621", "best_bid": "0.69", "best_ask": "0.72"}, {"asset_id": "75971664127723976087466985937865139676371988915908568595607526815212140357980", "price": "0.31", "size": "462.5", "side": "SELL", "hash": "647ea8c856aa1e49fce2c0fc936f7eae81c9f1f0", "best_bid": "0.28", "best_ask": "0.31"}], "timestamp": "1769384103626", "event_type": "price_change"}}
{"_local_timestamp": "2026-01-25T23:35:03.760711+00:00", "data": {"market": "0x57630ca87de434c74db1c388ed88c1920a6d1dfcf4094ef14a415dcc5049babc", "price_changes": [{"asset_id": "75971664127723976087466985937865139676371988915908568595607526815212140357980", "price": "0.28", "size": "139.77", "side": "BUY", "hash": "369acc871ab350819c892b259b46b64a618faf73", "best_bid": "0.28", "best_ask": "0.31"}, {"asset_id": "63288727222857538715525574191584916211293137089612615781724211046379219138896", "price": "0.72", "size": "139.77", "side": "SELL", "hash": "280aee33308b609512654d3ac85df898b13f4e52", "best_bid": "0.69", "best_ask": "0.72"}], "timestamp": "1769384103627", "event_type": "price_change"}}
