{"_local_timestamp": "2026-01-25T23:33:31.864919+00:00", "data": [{"market": "0x70909f0ba8256a89c301da58812ae47203df54957a07c7f8b10235e877ad63c2", "asset_id": "70771354585365381988139008309072205730081182435161568795508496003376222185889", "timestamp": "1769384004268", "hash": "55b104aa6823cd14abec91b9f6804a3ab1b9afec", "bids": [{"price": "0.01", "size": "1031515"}, {"price": "0.02", "size": "43006.98"}, {"price": "0.03", "size": "93070"}, {"price": "0.04", "size": "8942.87"}, {"price": "0.05", "size": "108846.94"}, {"price": "0.06", "size": "2014.99"}, {"price": "0.07", "size": "1148.17"}, {"price": "0.08", "size": "743.4"}, {"price": "0.09", "size": "5218.8"}, {"price": "0.1", "size": "7734.39"}, {"price": "0.11", "size": "1450.25"}, {"price": "0.12", "size": "4819.66"}, {"price": "0.13", "size": "200"}, {"price": "0.14", "size": "200"}, {"price": "0.15", "size": "1519.67"}, {"price": "0.16", "size": "14845"}, {"price": "0.17", "size": "50276.47"}, {"price": "0.18", "size": "511.11"}, {"price": "0.19", "size": "3965"}, {"price": "0.2", "size": "6905.02"}, {"price": "0.21", "size": "5635"}, {"price": "0.22", "size": "16330.8"}, {"price": "0.23", "size": "7044.48"}, {"price": "0.24", "size": "34084.8"}, {"price": "0.25", "size": "41928.55"}], "asks": [{"price": "0.99", "size": "17836.5"}, {"price": "0.98", "size": "1350"}, {"price": "0.97", "size": "1048.29"}, {"price": "0.96", "size": "4403.06"}, {"price": "0.95", "size": "363.67"}, {"price": "0.94", "size": "100"}, {"price": "0.93", "size": "514.28"}, {"price": "0.92", "size": "12399.93"}, {"price": "0.9", "size": "1283.88"}, {"price": "0.89", "size": "514.48"}, {"price": "0.88", "size": "57.37"}, {"price": "0.87", "size": "200"}, {"price": "0.85", "size": "886.58"}, {"price": "0.84", "size": "300"}, {"price": "0.83", "size": "1190"}, {"price": "0.81", "size": "147.36"}, {"price": "0.8", "size": "290.7"}, {"price": "0.79", "size": "1998"}, {"price": "0.77", "size": "389.35"}, {"price": "0.75", "size": "255.71"}, {"price": "0.74", "size": "692.3"}, {"price": "0.72", "size": "300"}, {"price": "0.7", "size": "199.02"}, {"price": "0.69", "size": "125"}, {"price": "0.68", "size": "300"}, {"price": "0.67", "size": "3484"}, {"price": "0.66", "size": "5"}, {"price": "0.64", "size": "10"}, {"price": "0.63", "size": "150"}, {"price": "0.55", "size": "10"}, {"price": "0.54", "size": "2000"}, {"price": "0.5", "size": "40119.07"}, {"price": "0.49", "size": "4860.58"}, {"price": "0.45", "size": "133.33"}, {"price": "0.43", "size": "80.41"}, {"price": "0.42", "size": "5000"}, {"price": "0.4", "size": "270.52"}, {"price": "0.39", "size": "100"}, {"price": "0.38", "size": "88.51"}, {"price": "0.36", "size": "1111"}, {"price": "0.35", "size": "4599.43"}, {"price": "0.34", "size": "1475.66"}, {"price": "0.33", "size": "850"}, {"price": "0.32", "size": "4779.44"}, {"price": "0.31", "size": "820"}, {"price": "0.3", "size": "1751.74"}, {"price": "0.29", "size": "21715.73"}, {"price": "0.28", "size": "2546.78"}, {"price": "0.27", "size": "1340.39"}], "event_type": "book", "last_trade_price": "0.730"}, {"market": "0x70909f0ba8256a89c301da58812ae47203df54957a07c7f8b10235e877ad63c2", "asset_id": "46746822541461330721074821991383617225657173789584499857683753079229786702095", "timestamp": "1769384004268", "hash": "1b3b6c121c6b50e01710f2a801dfa89b11348252", "bids": [{"price": "0.01", "size": "17836.5"}, {"price": "0.02", "size": "1350"}, {"price": "0.03", "size": "1048.29"}, {"price": "0.04", "size": "4403.06"}, {"price": "0.05", "size": "363.67"}, {"price": "0.06", "size": "100"}, {"price": "0.07", "size": "514.28"}, {"price": "0.08", "size": "12399.93"}, {"price": "0.1", "size": "1283.88"}, {"price": "0.11", "size": "514.48"}, {"price": "0.12", "size": "57.37"}, {"price": "0.13", "size": "200"}, {"price": "0.15", "size": "886.58"}, {"price": "0.16", "size": "300"}, {"price": "0.17", "size": "1190"}, {"price": "0.19", "size": "147.36"}, {"price": "0.2", "size": "290.7"}, {"price": "0.21", "size": "1998"}, {"price": "0.23", "size": "389.35"}, {"price": "0.25", "size": "255.71"}, {"price": "0.26", "size": "692.3"}, {"price": "0.28", "size": "300"}, {"price": "0.3", "size": "199.02"}, {"price": "0.31", "size": "125"}, {"price": "0.32", "size": "300"}, {"price": "0.33", "size": "3484"}, {"price": "0.34", "size": "5"}, {"price": "0.36", "size": "10"}, {"price": "0.37", "size": "150"}, {"price": "0.45", "size": "10"}, {"price": "0.46", "size": "2000"}, {"price": "0.5", "size": "40119.07"}, {"price": "0.51", "size": "4860.58"}, {"price": "0.55", "size": "133.33"}, {"price": "0.57", "size": "80.41"}, {"price": "0.58", "size": "5000"}, {"price": "0.6", "size": "270.52"}, {"price": "0.61", "size": "100"}, {"price": "0.62", "size": "88.51"}, {"price": "0.64", "size": "1111"}, {"price": "0.65", "size": "4599.43"}, {"price": "0.66", "size": "1475.66"}, {"price": "0.67", "size": "850"}, {"price": "0.68", "size": "4779.44"}, {"price": "0.69", "size": "820"}, {"price": "0.7", "size": "1751.74"}, {"price": "0.71", "size": "21715.73"}, {"price": "0.72", "size": "2546.78"}, {"price": "0.73", "size": "1340.39"}], "asks": [{"price": "0.99", "size": "1031515"}, {"price": "0.98", "size": "43006.98"}, {"price": "0.97", "size": "93070"}, {"price": "0.96", "size": "8942.87"}, {"price": "0.95", "size": "108846.94"}, {"price": "0.94", "size": "2014.99"}, {"price": "0.93", "size": "1148.17"}, {"price": "0.92", "size": "743.4"}, {"price": "0.91", "size": "5218.8"}, {"price": "0.9", "size": "7734.39"}, {"price": "0.89", "size": "1450.25"}, {"price": "0.88", "size": "4819.66"}, {"price": "0.87", "size": "200"}, {"price": "0.86", "size": "200"}, {"price": "0.85", "size": "1519.67"}, {"price": "0.84", "size": "14845"}, {"price": "0.83", "size": "50276.47"}, {"price": "0.82", "size": "511.11"}, {"price": "0.81", "size": "3965"}, {"price": "0.8", "size": "6905.02"}, {"price": "0.79", "size": "5635"}, {"price": "0.78", "size": "16330.8"}, {"price": "0.77", "size": "7044.48"}, {"price": "0.76", "size": "34084.8"}, {"price": "0.75", "size": "41928.55"}], "event_type": "book", "last_trade_price": "0.730"}]}
{"_local_timestamp": "2026-01-25T23:33:40.198312+00:00", "data": {"market": "0x70909f0ba8256a89c301da58812ae47203df54957a07c7f8b10235e877ad63c2", "price_changes": [{"asset_id": "46746822541461330721074821991383617225657173789584499857683753079229786702095", "price": "0.2", "size": "190.7", "side": "BUY", "hash": "6d18e6293653e06c212470f56e290af4f7c4cb3d", "best_bid": "0.73", "best_ask": "0.75"}, {"asset_id": "70771354585365381988139008309072205730081182435161568795508496003376222185889", "price": "0.8", "size": "190.7", "side": "SELL", "hash": "f83ae0eadd8f6c49b4dd66a019d4dd67f1cd3088", "best_bid": "0.25", "best_ask": "0.27"}], "timestamp": "1769384020085", "event_type": "price_change"}}
{"_local_timestamp": "2026-01-25T23:33:40.801158+00:00", "data": {"market": "0x70909f0ba8256a89c301da58812ae47203df54957a07c7f8b10235e877ad63c2", "price_changes": [{"asset_id": "46746822541461330721074821991383617225657173789584499857683753079229786702095", "price": "0.19", "size": "247.36", "side": "BUY", "hash": "07084d9a81736580e358b2c27a49392789fb633c", "best_bid": "0.73", "best_ask": "0.75"}, {"asset_id": "70771354585365381988139008309072205730081182435161568795508496003376222185889", "price": "0.81", "size": "247.36", "side": "SELL", "hash": "71ba76c90dcef1ece30109a22f4e4d2db6060fa4", "best_bid": "0.25", "best_ask": "0.27"}], "timestamp": "1769384020560", "event_type": "price_change"}}
{"_local_timestamp": "2026-01-25T23:33:42.292481+00:00", "data": {"market": "0x70909f0ba8256a89c301da58812ae47203df54957a07c7f8b10235e877ad63c2", "price_changes": [{"asset_id": "70771354585365381988139008309072205730081182435161568795508496003376222185889", "price": "0.21", "size": "5625", "side": "BUY", "hash": "5c61035c8b6cb8ac70e5d3f5541dc66557a6fdd4", "best_bid": "0.25", "best_ask": "0.27"}, {"asset_id": "46746822541461330721074821991383617225657173789584499857683753079229786702095", "price": "0.79", "size": "5625", "side": "SELL", "hash": "03b030032f08f4d4f5772fbfc995d455ed97c9f8", "best_bid": "0.73", "best_ask": "0.75"}], "timestamp": "1769384022227", "event_type": "price_change"}}
{"_local_timestamp": "2026-01-25T23:33:42.325372+00:00", "data": {"market": "0x70909f0ba8256a89c301da58812ae47203df54957a07c7f8b10235e877ad63c2", "price_changes": [{"asset_id": "70771354585365381988139008309072205730081182435161568795508496003376222185889", "price": "0.22", "size": "16320.8", "side": "BUY", "hash": "de7b8753458a1d6a1a6b790c3b95434dc4574926", "best_bid": "0.25", "best_ask": "0.27"}, {"asset_id": "46746822541461330721074821991383617225657173789584499857683753079229786702095", "price": "0.78", "size": "16320.8", "side": "SELL", "hash": "b6d17599578bec8c4af84118c9d5b43aa38632c9", "best_bid": "0.73", "best_ask": "0.75"}], "timestamp": "1769384022263", "event_type": "price_change"}}
{"_local_timestamp": "2026-01-25T23:33:42.369615+00:00", "data": {"market": "0x70909f0ba8256a89c301da58812ae47203df54957a07c7f8b10235e877ad63c2", "price_changes": [{"asset_id": "70771354585365381988139008309072205730081182435161568795508496003376222185889", "price": "0.23", "size": "7034.48", "side": "BUY", "hash": "ed31018d4a8357ddb72e3a1f8d0c3828c0ac58ab", "best_bid": "0.25", "best_ask": "0.27"}, {"asset_id": "46746822541461330721074821991383617225657173789584499857683753079229786702095", "price": "0.77", "size": "7034.48", "side": "SELL", "hash": "d3351235758f32a410289119c3d8b9c8ade201fe", "best_bid": "0.73", "best_ask": "0.75"}], "timestamp": "1769384022304", "event_type": "price_change"}}
{"_local_timestamp": "2026-01-25T23:33:42.409560+00:00", "data": {"market": "0x70909f0ba8256a89c301da58812ae47203df54957a07c7f8b10235e877ad63c2", "price_changes": [{"asset_id": "70771354585365381988139008309072205730081182435161568795508496003376222185889", "price": "0.24", "size": "34074.8", "side": "BUY", "hash": "744c6d1815a19030e8ffee84b3dc67c374366bdb", "best_bid": "0.25", "best_ask": "0.27"}, {"asset_id": "46746822541461330721074821991383617225657173789584499857683753079229786702095", "price": "0.76", "size": "34074.8", "side": "SELL", "hash": "9be288aafb588c1326213635b959395a9bfe80f8", "best_bid": "0.73", "best_ask": "0.75"}], "timestamp": "1769384022348", "event_type": "price_change"}}
{"_local_timestamp": "2026-01-25T23:33:42.460937+00:00", "data": {"market": "0x70909f0ba8256a89c301da58812ae47203df54957a07c7f8b10235e877ad63c2", "price_changes": [{"asset_id": "70771354585365381988139008309072205730081182435161568795508496003376222185889", "price": "0.25", "size": "41918.55", "side": "BUY", "hash": "5689fd62bb5b7c32a69ff56f80bedc550ebb1c78", "best_bid": "0.25", "best_ask": "0.27"}, {"asset_id": "46746822541461330721074821991383617225657173789584499857683753079229786702095", "price": "0.75", "size": "41918.55", "side": "SELL", "hash": "9b4d1e5b4902731253446b58c49cfdaace038063", "best_bid": "0.73", "best_ask": "0.75"}], "timestamp": "1769384022395", "event_type": "price_change"}}
{"_local_timestamp": "2026-01-25T23:33:42.495482+00:00", "data": {"market": "0x70909f0ba8256a89c301da58812ae47203df54957a07c7f8b10235e877ad63c2", "price_changes": [{"asset_id": "46746822541461330721074821991383617225657173789584499857683753079229786702095", "price": "0.69", "size": "810", "side": "BUY", "hash": "48e729a7b2f5a74cacd2cae0df31c9b79ae39dff", "best_bid": "0.73", "best_ask": "0.75"}, {"asset_id": "70771354585365381988139008309072205730081182435161568795508496003376222185889", "price": "0.31", "size": "810", "side": "SELL", "hash": "4294d85c639ef60825a4d5a3a0a056a9d51e41ad", "best_bid": "0.25", "best_ask": "0.27"}], "timestamp": "1769384022428", "event_type": "price_change"}}
{"_local_timestamp": "2026-01-25T23:33:42.537603+00:00", "data": {"market": "0x70909f0ba8256a89c301da58812ae47203df54957a07c7f8b10235e877ad63c2", "price_changes": [{"asset_id": "46746822541461330721074821991383617225657173789584499857683753079229786702095", "price": "0.7", "size": "1741.74", "side": "BUY", "hash": "a6f845e2909038d136c30ec61eb5ed4f8a87565b", "best_bid": "0.73", "best_ask": "0.75"}, {"asset_id": "70771354585365381988139008309072205730081182435161568795508496003376222185889", "price": "0.3", "size": "1741.74", "side": "SELL", "hash": "22ab26b0606e87d861e4fef6952e043f578755e8", "best_bid": "0.25", "best_ask": "0.27"}], "timestamp": "1769384022474", "event_type": "price_change"}}
{"_local_timestamp": "2026-01-25T23:33:42.575770+00:00", "data": {"market": "0x70909f0ba8256a89c301da58812ae47203df54957a07c7f8b10235e877ad63c2", "price_changes": [{"asset_id": "46746822541461330721074821991383617225657173789584499857683753079229786702095", "price": "0.71", "size": "21705.73", "side": "BUY", "hash": "b024401bc1a5dcbf2810500dbe42f426a9b6d89e", "best_bid": "0.73", "best_ask": "0.75"}, {"asset_id": "70771354585365381988139008309072205730081182435161568795508496003376222185889", "price": "0.29", "size": "21705.73", "side": "SELL", "hash": "c4626e9941c017fe58f5650c681566ec14aea72f", "best_bid": "0.25", "best_ask": "0.27"}], "timestamp": "1769384022507", "event_type": "price_change"}}
{"_local_timestamp": "2026-01-25T23:33:42.599713+00:00", "data": {"market": "0x70909f0ba8256a89c301da58812ae47203df54957a07c7f8b10235e877ad63c2", "price_changes": [{"asset_id": "46746822541461330721074821991383617225657173789584499857683753079229786702095", "price": "0.72", "size": "2536.78", "side": "BUY", "hash": "e2953ba39e4e7858d456a946b1ae4f14cbc0b964", "best_bid": "0.73", "best_ask": "0.75"}, {"asset_id": "70771354585365381988139008309072205730081182435161568795508496003376222185889", "price": "0.28", "size": "2536.78", "side": "SELL", "hash": "4fc510f8461df4498989cc0106565b5a2a853145", "best_bid": "0.25", "best_ask": "0.27"}], "timestamp": "1769384022535", "event_type": "price_change"}}
{"_local_timestamp": "2026-01-25T23:33:42.629329+00:00", "data": {"market": "0x70909f0ba8256a89c301da58812ae47203df54957a07c7f8b10235e877ad63c2", "price_changes": [{"asset_id": "46746822541461330721074821991383617225657173789584499857683753079229786702095", "price": "0.73", "size": "1330.39", "side": "BUY", "hash": "f7331e64105a332fbefb9760a585c5260921b2f9", "best_bid": "0.73", "best_ask": "0.75"}, {"asset_id": "70771354585365381988139008309072205730081182435161568795508496003376222185889", "price": "0.27", "size": "1330.39", "side": "SELL", "hash": "f123f490c459c13dc8226670d16a7ccb8a9ded06", "best_bid": "0.25", "best_ask": "0.27"}], "timestamp": "1769384022565", "event_type": "price_change"}}
{"_local_timestamp": "2026-01-25T23:34:04.658263+00:00", "data": {"market": "0x70909f0ba8256a89c301da58812ae47203df54957a07c7f8b10235e877ad63c2", "price_changes": [{"asset_id": "46746822541461330721074821991383617225657173789584499857683753079229786702095", "price": "0.23", "size": "289.35", "side": "BUY", "hash": "d2bc571091e88108e9ee91add3eccfca7b435f72", "best_bid": "0.73", "best_ask": "0.75"}, {"asset_id": "70771354585365381988139008309072205730081182435161568795508496003376222185889", "price": "0.77", "size": "289.35", "side": "SELL", "hash": "ff7b6708b96a679479d776a7dfc28c3d0b118fd3", "best_bid": "0.25", "best_ask": "0.27"}], "timestamp": "1769384044571", "event_type": "price_change"}}
{"_local_timestamp": "2026-01-25T23:34:05.020346+00:00", "data": {"market": "0x70909f0ba8256a89c301da58812ae47203df54957a07c7f8b10235e877ad63c2", "price_changes": [{"asset_id": "46746822541461330721074821991383617225657173789584499857683753079229786702095", "price": "0.21", "size": "2098", "side": "BUY", "hash": "04122a481c2fdb873a053317d4018f84b3ef4b62", "best_bid": "0.73", "best_ask": "0.75"}, {"asset_id": "70771354585365381988139008309072205730081182435161568795508496003376222185889", "price": "0.79", "size": "2098", "side": "SELL", "hash": "fc5451e7924e1124a54eff5b6945a83e2a614d95", "best_bid": "0.25", "best_ask": "0.27"}], "timestamp": "1769384044850", "event_type": "price_change"}}
{"_local_timestamp": "2026-01-25T23:34:27.805028+00:00", "data": {"market": "0x70909f0ba8256a89c301da58812ae47203df54957a07c7f8b10235e877ad63c2", "price_changes": [{"asset_id": "46746822541461330721074821991383617225657173789584499857683753079229786702095", "price": "0.2", "size": "40.7", "side": "BUY", "hash": "520971871ffe8b7aa55c2344bab2686b54f005da", "best_bid": "0.73", "best_ask": "0.75"}, {"asset_id": "70771354585365381988139008309072205730081182435161568795508496003376222185889", "price": "0.8", "size": "40.7", "side": "SELL", "hash": "f0d48818dd765b5f2f97c2aea8df817e82e2d361", "best_bid": "0.25", "best_ask": "0.27"}], "timestamp": "1769384067591", "event_type": "price_change"}}
{"_local_timestamp": "2026-01-25T23:34:28.512451+00:00", "data": {"market": "0x70909f0ba8256a89c301da58812ae47203df54957a07c7f8b10235e877ad63c2", "price_changes": [{"asset_id": "46746822541461330721074821991383617225657173789584499857683753079229786702095", "price": "0.19", "size": "397.36", "side": "BUY", "hash": "f111b6a03b96f6ec8ad6b60f84f42c0e1b470e2a", "best_bid": "0.73", "best_ask": "0.75"}, {"asset_id": "70771354585365381988139008309072205730081182435161568795508496003376222185889", "price": "0.81", "size": "397.36", "side": "SELL", "hash": "0b3976825f58625e4ca835c04b9d4d77b497e233", "best_bid": "0.25", "best_ask": "0.27"}], "timestamp": "1769384068144", "event_type": "price_change"}}
{"_local_timestamp": "2026-01-25T23:34:41.018191+00:00", "data": {"market": "0x70909f0ba8256a89c301da58812ae47203df54957a07c7f8b10235e877ad63c2", "price_changes": [{"asset_id": "46746822541461330721074821991383617225657173789584499857683753079229786702095", "price": "0.33", "size": "100", "side": "BUY", "hash": "3f3cbab658094e32cdf2280adb6a1fa43e029122", "best_bid": "0.73", "best_ask": "0.75"}, {"asset_id": "70771354585365381988139008309072205730081182435161568795508496003376222185889", "price": "0.67", "size": "100", "side": "SELL", "hash": "70f51b8ac3fceb21f8e2cb749760ff53048d56f8", "best_bid": "0.25", "best_ask": "0.27"}], "timestamp": "1769384080952", "event_type": "price_change"}}
{"_local_timestamp": "2026-01-25T23:34:41.256656+00:00", "data": {"market": "0x70909f0ba8256a89c301da58812ae47203df54957a07c7f8b10235e877ad63c2", "price_changes": [{"asset_id": "46746822541461330721074821991383617225657173789584499857683753079229786702095", "price": "0.33", "size": "3500", "side": "BUY", "hash": "b68e0cb5e209fa2fa53ef063de922d8e202eec14", "best_bid": "0.73", "best_ask": "0.75"}, {"asset_id": "70771354585365381988139008309072205730081182435161568795508496003376222185889", "price": "0.67", "size": "3500", "side": "SELL", "hash": "45363dc7367d733e2ac6470bd7027941d3cb2a37", "best_bid": "0.25", "best_ask": "0.27"}], "timestamp": "1769384081183", "event_type": "price_change"}}
{"_local_timestamp": "2026-01-25T23:35:26.727168+00:00", "data": {"market": "0x70909f0ba8256a89c301da58812ae47203df54957a07c7f8b10235e877ad63c2", "price_changes": [{"asset_id": "46746822541461330721074821991383617225657173789584499857683753079229786702095", "price": "0.19", "size": "297.36", "side": "BUY", "hash": "1476af178807528daf5b53631c43212e0893c5d5", "best_bid": "0.73", "best_ask": "0.75"}, {"asset_id": "70771354585365381988139008309072205730081182435161568795508496003376222185889", "price": "0.81", "size": "297.36", "side": "SELL", "hash": "87755f96a38e7d7f7ba7cd82bdae023156324ec7", "best_bid": "0.25", "best_ask": "0.27"}], "timestamp": "1769384126572", "event_type": "price_change"}}
{"_local_timestamp": "2026-01-25T23:35:27.068309+00:00", "data": {"market": "0x70909f0ba8256a89c301da58812ae47203df54957a07c7f8b10235e877ad63c2", "price_changes": [{"asset_id": "46746822541461330721074821991383617225657173789584499857683753079229786702095", "price": "0.17", "size": "1290", "side": "BUY", "hash": "c8830c364bc7f3e0159f7e41fadbab399f469578", "best_bid": "0.73", "best_ask": "0.75"}, {"asset_id": "70771354585365381988139008309072205730081182435161568795508496003376222185889", "price": "0.83", "size": "1290", "side": "SELL", "hash": "94e866d51c48e2e653423343bc14132cf4ae7cd7", "best_bid": "0.25", "best_ask": "0.27"}], "timestamp": "1769384126891", "event_type": "price_change"}}
{"_local_timestamp": "2026-01-25T23:35:56.420897+00:00", "data": {"market": "0x70909f0ba8256a89c301da58812ae47203df54957a07c7f8b10235e877ad63c2", "price_changes": [{"asset_id": "46746822541461330721074821991383617225657173789584499857683753079229786702095", "price": "0.26", "size": "642.3", "side": "BUY", "hash": "3e2193c7158b620635627e07af744e4beaa5ffd7", "best_bid": "0.73", "best_ask": "0.75"}, {"asset_id": "70771354585365381988139008309072205730081182435161568795508496003376222185889", "price": "0.74", "size": "642.3", "side": "SELL", "hash": "9249bfaed55d13ed88e67314167bcc125fab0457", "best_bid": "0.25", "best_ask": "0.27"}], "timestamp": "1769384156287", "event_type": "price_change"}}
{"_local_timestamp": "2026-01-25T23:35:56.885361+00:00", "data": {"market": "0x70909f0ba8256a89c301da58812ae47203df54957a07c7f8b10235e877ad63c2", "price_changes": [{"asset_id": "46746822541461330721074821991383617225657173789584499857683753079229786702095", "price": "0.21", "size": "2148", "side": "BUY", "hash": "c0f952ae4793604ee704a57d7bd7755010611b1b", "best_bid": "0.73", "best_ask": "0.75"}, {"asset_id": "70771354585365381988139008309072205730081182435161568795508496003376222185889", "price": "0.79", "size": "2148", "side": "SELL", "hash": "1c278b1988147db724dc5099de45f88d03b08406", "best_bid": "0.25", "best_ask": "0.27"}], "timestamp": "1769384156747", "event_type": "price_change"}}
{"_local_timestamp": "2026-01-25T23:35:58.203853+00:00", "data": {"market": "0x70909f0ba8256a89c301da58812ae47203df54957a07c7f8b10235e877ad63c2", "price_changes": [{"asset_id": "46746822541461330721074821991383617225657173789584499857683753079229786702095", "price": "0.21", "size": "150", "side": "BUY", "hash": "b57aa88da2605f84f26fc51907f2cec682f61fc5", "best_bid": "0.73", "best_ask": "0.75"}, {"asset_id": "70771354585365381988139008309072205730081182435161568795508496003376222185889", "price": "0.79", "size": "150", "side": "SELL", "hash": "ec1aaf5c63488450f2889de7f6337e0f1dcb311e", "best_bid": "0.25", "best_ask": "0.27"}], "timestamp": "1769384158075", "event_type": "price_change"}}
{"_local_timestamp": "2026-01-25T23:36:03.133166+00:00", "data": {"market": "0x70909f0ba8256a89c301da58812ae47203df54957a07c7f8b10235e877ad63c2", "price_changes": [{"asset_id": "70771354585365381988139008309072205730081182435161568795508496003376222185889", "price": "0.2", "size": "4905.02", "side": "BUY", "hash": "f248cc05b94a187dc0191a706dac30ad57e12d40", "best_bid": "0.25", "best_ask": "0.27"}, {"asset_id": "46746822541461330721074821991383617225657173789584499857683753079229786702095", "price": "0.8", "size": "4905.02", "side": "SELL", "hash": "09a626a0b58ec5e0b4518122043ce2891dddacec", "best_bid": "0.73", "best_ask": "0.75"}], "timestamp": "1769384163007", "event_type": "price_change"}}
{"_local_timestamp": "2026-01-25T23:36:12.178777+00:00", "data": {"market": "0x70909f0ba8256a89c301da58812ae47203df54957a07c7f8b10235e877ad63c2", "price_changes": [{"asset_id": "70771354585365381988139008309072205730081182435161568795508496003376222185889", "price": "0.2", "size": "6905.02", "side": "BUY", "hash": "fe1e2c7d55eb2ad99a285c339eadef732473ddb8", "best_bid": "0.25", "best_ask": "0.27"}, {"asset_id": "46746822541461330721074821991383617225657173789584499857683753079229786702095", "price": "0.8", "size": "6905.02", "side": "SELL", "hash": "b29b9b42c4fdf46f2fa4b810ddb819ea04bd744f", "best_bid": "0.73", "best_ask": "0.75"}], "timestamp": "1769384172110", "event_type": "price_change"}}
{"_local_timestamp": "2026-01-25T23:36:43.437254+00:00", "data": {"market": "0x70909f0ba8256a89c301da58812ae47203df54957a07c7f8b10235e877ad63c2", "price_changes": [{"asset_id": "46746822541461330721074821991383617225657173789584499857683753079229786702095", "price": "0.21", "size": "50", "side": "BUY", "hash": "7ef5a6b1658f59bc114e1b0e52569a24b97bda7e", "best_bid": "0.73", "best_ask": "0.75"}, {"asset_id": "70771354585365381988139008309072205730081182435161568795508496003376222185889", "price": "0.79", "size": "50", "side": "SELL", "hash": "1b091babcac5c564c64b8f2533c6e16024da64a4", "best_bid": "0.25", "best_ask": "0.27"}], "timestamp": "1769384203226", "event_type": "price_change"}}
{"_local_timestamp": "2026-01-25T23:36:43.759499+00:00", "data": {"market": "0x70909f0ba8256a89c301da58812ae47203df54957a07c7f8b10235e877ad63c2", "price_changes": [{"asset_id": "46746822541461330721074821991383617225657173789584499857683753079229786702095", "price": "0.23", "size": "389.35", "side": "BUY", "hash": "aef9021e5783a4b204577de16d55011eef639b19", "best_bid": "0.73", "best_ask": "0.75"}, {"asset_id": "70771354585365381988139008309072205730081182435161568795508496003376222185889", "price": "0.77", "size": "389.35", "side": "SELL", "hash": "30f0fc541112290a19bc2919135f10094760ee12", "best_bid": "0.25", "best_ask": "0.27"}], "timestamp": "1769384203568", "event_type": "price_change"}}
{"_local_timestamp": "2026-01-25T23:36:55.273373+00:00", "data": {"market": "0x70909f0ba8256a89c301da58812ae47203df54957a07c7f8b10235e877ad63c2", "price_changes": [{"asset_id": "46746822541461330721074821991383617225657173789584499857683753079229786702095", "price": "0.26", "size": "542.3", "side": "BUY", "hash": "438bce0c3ce04671ea22d961d818a73bee87423a", "best_bid": "0.73", "best_ask": "0.75"}, {"asset_id": "70771354585365381988139008309072205730081182435161568795508496003376222185889", "price": "0.74", "size": "542.3", "side": "SELL", "hash": "5eb24bec239c61d2a6c6bfb78bc5a1a70fe862d2", "best_bid": "0.25", "best_ask": "0.27"}], "timestamp": "1769384215013", "event_type": "price_change"}}
{"_local_timestamp": "2026-01-25T23:36:55.273892+00:00", "data": {"market": "0x70909f0ba8256a89c301da58812ae47203df54957a07c7f8b10235e877ad63c2", "price_changes": [{"asset_id": "46746822541461330721074821991383617225657173789584499857683753079229786702095", "price": "0.19", "size": "147.36", "side": "BUY", "hash": "438bce0c3ce04671ea22d961d818a73bee87423a", "best_bid": "0.73", "best_ask": "0.75"}, {"asset_id": "70771354585365381988139008309072205730081182435161568795508496003376222185889", "price": "0.81", "size": "147.36", "side": "SELL", "hash": "5eb24bec239c61d2a6c6bfb78bc5a1a70fe862d2", "best_bid": "0.25", "best_ask": "0.27"}], "timestamp": "1769384215013", "event_type": "price_change"}}
{"_local_timestamp": "2026-01-25T23:36:56.163056+00:00", "data": {"market": "0x70909f0ba8256a89c301da58812ae47203df54957a07c7f8b10235e877ad63c2", "price_changes": [{"asset_id": "46746822541461330721074821991383617225657173789584499857683753079229786702095", "price": "0.21", "size": "150", "side": "BUY", "hash": "d962681e2f17f4323ede60c40c80a26ff263cf7e", "best_bid": "0.73", "best_ask": "0.75"}, {"asset_id": "70771354585365381988139008309072205730081182435161568795508496003376222185889", "price": "0.79", "size": "150", "side": "SELL", "hash": "60d2f65e7473fd91dd9fa97fdcaf9a3a841cd1ca", "best_bid": "0.25", "best_ask": "0.27"}], "timestamp": "1769384215655", "event_type": "price_change"}}
{"_local_timestamp": "2026-01-25T23:36:56.326680+00:00", "data": {"market": "0x70909f0ba8256a89c301da58812ae47203df54957a07c7f8b10235e877ad63c2", "price_changes": [{"asset_id": "46746822541461330721074821991383617225657173789584499857683753079229786702095", "price": "0.17", "size": "1440", "side": "BUY", "hash": "af594c2ead2eeb551559512c4be6d7ff7a87273a", "best_bid": "0.73", "best_ask": "0.75"}, {"asset_id": "70771354585365381988139008309072205730081182435161568795508496003376222185889", "price": "0.83", "size": "1440", "side": "SELL", "hash": "ddbe175690a57d078fe3f7b6c57b994e09dd7e99", "best_bid": "0.25", "best_ask": "0.27"}], "timestamp": "1769384215744", "event_type": "price_change"}}
{"_local_timestamp": "2026-01-25T23:37:05.700624+00:00", "data": {"market": "0x70909f0ba8256a89c301da58812ae47203df54957a07c7f8b10235e877ad63c2", "price_changes": [{"asset_id": "46746822541461330721074821991383617225657173789584499857683753079229786702095", "price": "0.22", "size": "1908", "side": "BUY", "hash": "1943bfb7013fdbaaae8f502d923f04d1651926b4", "best_bid": "0.73", "best_ask": "0.75"}, {"asset_id": "70771354585365381988139008309072205730081182435161568795508496003376222185889", "price": "0.78", "size": "1908", "side": "SELL", "hash": "6f07cfb2379fa8e0e0523f1499f31308a0938bb2", "best_bid": "0.25", "best_ask": "0.27"}], "timestamp": "1769384225471", "event_type": "price_change"}}
{"_local_timestamp": "2026-01-25T23:37:35.229610+00:00", "data": {"market": "0x70909f0ba8256a89c301da58812ae47203df54957a07c7f8b10235e877ad63c2", "price_changes": [{"asset_id": "46746822541461330721074821991383617225657173789584499857683753079229786702095", "price": "0.22", "size": "0", "side": "BUY", "hash": "31b11aafe1522128fb35fef43f7f477a1d894703", "best_bid": "0.73", "best_ask": "0.75"}, {"asset_id": "70771354585365381988139008309072205730081182435161568795508496003376222185889", "price": "0.78", "size": "0", "side": "SELL", "hash": "1c908cbef94e89280fa862a9e7655b0207dfa0a1", "best_bid": "0.25", "best_ask": "0.27"}], "timestamp": "1769384255122", "event_type": "price_change"}}
{"_local_timestamp": "2026-01-25T23:37:35.515046+00:00", "data": {"market": "0x70909f0ba8256a89c301da58812ae47203df54957a07c7f8b10235e877ad63c2", "price_changes": [{"asset_id": "70771354585365381988139008309072205730081182435161568795508496003376222185889", "price": "0.24", "size": "34081.01", "side": "BUY", "hash": "55347245310dedd43653e6a74a2ff106e9b0ddaf", "best_bid": "0.25", "best_ask": "0.27"}, {"asset_id": "46746822541461330721074821991383617225657173789584499857683753079229786702095", "price": "0.76", "size": "34081.01", "side": "SELL", "hash": "e4851cef552204334193a84059b48f4101253254", "best_bid": "0.73", "best_ask": "0.75"}], "timestamp": "1769384255440", "event_type": "price_change"}}
{"_local_timestamp": "2026-01-25T23:38:03.830130+00:00", "data": {"market": "0x70909f0ba8256a89c301da58812ae47203df54957a07c7f8b10235e877ad63c2", "price_changes": [{"asset_id": "46746822541461330721074821991383617225657173789584499857683753079229786702095", "price": "0.23", "size": "289.35", "side": "BUY", "hash": "7ee34e6238ba357920e48e6fb4fdb5507bd40ef7", "best_bid": "0.73", "best_ask": "0.75"}, {"asset_id": "70771354585365381988139008309072205730081182435161568795508496003376222185889", "price": "0.77", "size": "289.35", "side": "SELL", "hash": "effb7c22d361c5e500016bebea426d711de5189b", "best_bid": "0.25", "best_ask": "0.27"}], "timestamp": "1769384283682", "event_type": "price_change"}}
{"_local_timestamp": "2026-01-25T23:38:04.085573+00:00", "data": {"market": "0x70909f0ba8256a89c301da58812ae47203df54957a07c7f8b10235e877ad63c2", "price_changes": [{"asset_id": "46746822541461330721074821991383617225657173789584499857683753079229786702095", "price": "0.22", "size": "100", "side": "BUY", "hash": "cabca123c7fd67b64e102704964b1845688ffc54", "best_bid": "0.73", "best_ask": "0.75"}, {"asset_id": "70771354585365381988139008309072205730081182435161568795508496003376222185889", "price": "0.78", "size": "100", "side": "SELL", "hash": "a67afa5b241b6d326c66c41a1207c5114f9cf42f", "best_bid": "0.25", "best_ask": "0.27"}], "timestamp": "1769384283925", "event_type": "price_change"}}
{"_local_timestamp": "2026-01-25T23:38:07.871143+00:00", "data": {"market": "0x70909f0ba8256a89c301da58812ae47203df54957a07c7f8b10235e877ad63c2", "price_changes": [{"asset_id": "70771354585365381988139008309072205730081182435161568795508496003376222185889", "price": "0.25", "size": "42122.55", "side": "BUY", "hash": "7b9db1df886b5234b0c86ee64540328f4fc2f882", "best_bid": "0.25", "best_ask": "0.27"}, {"asset_id": "46746822541461330721074821991383617225657173789584499857683753079229786702095", "price": "0.75", "size": "42122.55", "side": "SELL", "hash": "b1c2c4206dd33f3a054322572f211742b4b6bc3e", "best_bid": "0.73", "best_ask": "0.75"}], "timestamp": "1769384287761", "event_type": "price_change"}}
{"_local_timestamp": "2026-01-25T23:38:10.420520+00:00", "data": {"market": "0x70909f0ba8256a89c301da58812ae47203df54957a07c7f8b10235e877ad63c2", "price_changes": [{"asset_id": "46746822541461330721074821991383617225657173789584499857683753079229786702095", "price": "0.18", "size": "2332", "side": "BUY", "hash": "f4e0d2f4600bd6ed47c1c7ffdfd0223c812f2e1e", "best_bid": "0.73", "best_ask": "0.75"}, {"asset_id": "70771354585365381988139008309072205730081182435161568795508496003376222185889", "price": "0.82", "size": "2332", "side": "SELL", "hash": "232c02df6ac3aa94b27a0cd494c2e55e0f481092", "best_bid": "0.25", "best_ask": "0.27"}], "timestamp": "1769384290282", "event_type": "price_change"}}
{"_local_timestamp": "2026-01-25T23:38:21.308449+00:00", "data": {"market": "0x70909f0ba8256a89c301da58812ae47203df54957a07c7f8b10235e877ad63c2", "price_changes": [{"asset_id": "46746822541461330721074821991383617225657173789584499857683753079229786702095", "price": "0.21", "size": "100", "side": "BUY", "hash": "8ce32a8986f5bd32dfeaa176b1f03b2dba7e7af1", "best_bid": "0.73", "best_ask": "0.75"}, {"asset_id": "70771354585365381988139008309072205730081182435161568795508496003376222185889", "price": "0.79", "size": "100", "side": "SELL", "hash": "a3d0bad9640c0500d2bbfec684735694376374e5", "best_bid": "0.25", "best_ask": "0.27"}], "timestamp": "1769384301131", "event_type": "price_change"}}
{"_local_timestamp": "2026-01-25T23:38:21.659111+00:00", "data": {"market": "0x70909f0ba8256a89c301da58812ae47203df54957a07c7f8b10235e877ad63c2", "price_changes": [{"asset_id": "46746822541461330721074821991383617225657173789584499857683753079229786702095", "price": "0.26", "size": "592.3", "side": "BUY", "hash": "bbaca4670dc27a5c23fa8eab04fc85b2943b834b", "best_bid": "0.73", "best_ask": "0.75"}, {"asset_id": "70771354585365381988139008309072205730081182435161568795508496003376222185889", "price": "0.74", "size": "592.3", "side": "SELL", "hash": "53d77e32e136d1867c32cb63249f0035c3ef5234", "best_bid": "0.25", "best_ask": "0.27"}], "timestamp": "1769384301478", "event_type": "price_change"}}
{"_local_timestamp": "2026-01-25T23:38:41.476168+00:00", "data": {"market": "0x70909f0ba8256a89c301da58812ae47203df54957a07c7f8b10235e877ad63c2", "price_changes": [{"asset_id": "46746822541461330721074821991383617225657173789584499857683753079229786702095", "price": "0.22", "size": "0", "side": "BUY", "hash": "6b2cae89a93f4fe9ff1689cdab606bcd8e9d2ec2", "best_bid": "0.73", "best_ask": "0.75"}, {"asset_id": "70771354585365381988139008309072205730081182435161568795508496003376222185889", "price": "0.78", "size": "0", "side": "SELL", "hash": "d0b3c991af8466989f87993bb0f7a4e28e54f688", "best_bid": "0.25", "best_ask": "0.27"}], "timestamp": "1769384321391", "event_type": "price_change"}}
{"_local_timestamp": "2026-01-25T23:38:41.832724+00:00", "data": {"market": "0x70909f0ba8256a89c301da58812ae47203df54957a07c7f8b10235e877ad63c2", "price_changes": [{"asset_id": "46746822541461330721074821991383617225657173789584499857683753079229786702095", "price": "0.23", "size": "389.35", "side": "BUY", "hash": "18472132777a3002803a14197047df9c295b2b17", "best_bid": "0.73", "best_ask": "0.75"}, {"asset_id": "70771354585365381988139008309072205730081182435161568795508496003376222185889", "price": "0.77", "size": "389.35", "side": "SELL", "hash": "131aa9e401a79fa8587d4b2844a1acb0188fc57d", "best_bid": "0.25", "best_ask": "0.27"}], "timestamp": "1769384321673", "event_type": "price_change"}}
{"_local_timestamp": "2026-01-25T23:38:43.577173+00:00", "data": {"market": "0x70909f0ba8256a89c301da58812ae47203df54957a07c7f8b10235e877ad63c2", "price_changes": [{"asset_id": "70771354585365381988139008309072205730081182435161568795508496003376222185889", "price": "0.25", "size": "41918.55", "side": "BUY", "hash": "74d1560bc2d39051ab32d2b91eb8fb589529bce3", "best_bid": "0.25", "best_ask": "0.27"}, {"asset_id": "46746822541461330721074821991383617225657173789584499857683753079229786702095", "price": "0.75", "size": "41918.55", "side": "SELL", "hash": "3976f38fbc8805201be52f541b0b2b2e8d1d1177", "best_bid": "0.73", "best_ask": "0.75"}], "timestamp": "1769384323505", "event_type": "price_change"}}
{"_local_timestamp": "2026-01-25T23:38:49.594594+00:00", "data": {"market": "0x70909f0ba8256a89c301da58812ae47203df54957a07c7f8b10235e877ad63c2", "price_changes": [{"asset_id": "46746822541461330721074821991383617225657173789584499857683753079229786702095", "price": "0.17", "size": "1390", "side": "BUY", "hash": "52b7387519f93cd0b23d82da794d7ab7dcd179f3", "best_bid": "0.73", "best_ask": "0.75"}, {"asset_id": "70771354585365381988139008309072205730081182435161568795508496003376222185889", "price": "0.83", "size": "1390", "side": "SELL", "hash": "be436e9512c2a233ad2b3cd3b5cdd4444625cd72", "best_bid": "0.25", "best_ask": "0.27"}], "timestamp": "1769384329508", "event_type": "price_change"}}
{"_local_timestamp": "2026-01-25T23:38:49.844302+00:00", "data": {"market": "0x70909f0ba8256a89c301da58812ae47203df54957a07c7f8b10235e877ad63c2", "price_changes": [{"asset_id": "46746822541461330721074821991383617225657173789584499857683753079229786702095", "price": "0.18", "size": "2382", "side": "BUY", "hash": "4b54419ef68b4118bb9a9c75d22176850a58068e", "best_bid": "0.73", "best_ask": "0.75"}, {"asset_id": "70771354585365381988139008309072205730081182435161568795508496003376222185889", "price": "0.82", "size": "2382", "side": "SELL", "hash": "3f2f9902d32e1955f0d848760520073dcd7a8248", "best_bid": "0.25", "best_ask": "0.27"}], "timestamp": "1769384329773", "event_type": "price_change"}}
{"_local_timestamp": "2026-01-25T23:38:57.069455+00:00", "data": {"market": "0x70909f0ba8256a89c301da58812ae47203df54957a07c7f8b10235e877ad63c2", "price_changes": [{"asset_id": "70771354585365381988139008309072205730081182435161568795508496003376222185889", "price": "0.2", "size": "6900.02", "side": "BUY", "hash": "ce6e213e7d06e7cbc56d10e5198aca299ae08ee2", "best_bid": "0.25", "best_ask": "0.27"}, {"asset_id": "46746822541461330721074821991383617225657173789584499857683753079229786702095", "price": "0.8", "size": "6900.02", "side": "SELL", "hash": "ff21788aae24ed65a5e645dc071a629fe1606ba8", "best_bid": "0.73", "best_ask": "0.75"}], "timestamp": "1769384337000", "event_type": "price_change"}}
{"_local_timestamp": "2026-01-25T23:39:02.737741+00:00", "data": {"market": "0x70909f0ba8256a89c301da58812ae47203df54957a07c7f8b10235e877ad63c2", "price_changes": [{"asset_id": "70771354585365381988139008309072205730081182435161568795508496003376222185889", "price": "0.2", "size": "6905.02", "side": "BUY", "hash": "b8795b89d86041f992f69bb82261d1415c7d6d61", "best_bid": "0.25", "best_ask": "0.27"}, {"asset_id": "46746822541461330721074821991383617225657173789584499857683753079229786702095", "price": "0.8", "size": "6905.02", "side": "SELL", "hash": "1106faf792597e3ae5359a3ed9d7d32980a166c5", "best_bid": "0.73", "best_ask": "0.75"}], "timestamp": "1769384342666", "event_type": "price_change"}}
{"_local_timestamp": "2026-01-25T23:39:16.994754+00:00", "data": {"market": "0x70909f0ba8256a89c301da58812ae47203df54957a07c7f8b10235e877ad63c2", "price_changes": [{"asset_id": "46746822541461330721074821991383617225657173789584499857683753079229786702095", "price": "0.17", "size": "1240", "side": "BUY", "hash": "4353d942687b4c3b8cadc4b7372f130f03498655", "best_bid": "0.73", "best_ask": "0.75"}, {"asset_id": "70771354585365381988139008309072205730081182435161568795508496003376222185889", "price": "0.83", "size": "1240", "side": "SELL", "hash": "98510fe5ba0ef8758b9228f5a926a02559a9a9c0", "best_bid": "0.25", "best_ask": "0.27"}], "timestamp": "1769384356912", "event_type": "price_change"}}
{"_local_timestamp": "2026-01-25T23:39:17.410085+00:00", "data": {"market": "0x70909f0ba8256a89c301da58812ae47203df54957a07c7f8b10235e877ad63c2", "price_changes": [{"asset_id": "46746822541461330721074821991383617225657173789584499857683753079229786702095", "price": "0.18", "size": "2532", "side": "BUY", "hash": "135db15f214cff830d6e496ee34147afcaedb9b1", "best_bid": "0.73", "best_ask": "0.75"}, {"asset_id": "70771354585365381988139008309072205730081182435161568795508496003376222185889", "price": "0.82", "size": "2532", "side": "SELL", "hash": "c90c8189f51a1d12ed9d1ff1e863e66d8e79e7e5", "best_bid": "0.25", "best_ask": "0.27"}], "timestamp": "1769384357191", "event_type": "price_change"}}
