{"_local_timestamp": "2026-01-25T23:40:32.865049+00:00", "data": [{"market": "0x2e94bb8dd09931d12e6e656fe4fe6ceb3922bc3d6eab864bb6cd24773cf67269", "asset_id": "9116770648672617954873502150906669109632013173266181691206825621739241400461", "timestamp": "1769384387002", "hash": "db5c42683a5e7216c19345580191e93aeb749de7", "bids": [{"price": "0.01", "size": "1033356"}, {"price": "0.02", "size": "53746.06"}, {"price": "0.03", "size": "112100"}, {"price": "0.04", "size": "22824.46"}, {"price": "0.05", "size": "1930"}, {"price": "0.06", "size": "3000"}, {"price": "0.07", "size": "1057.14"}, {"price": "0.09", "size": "311.11"}, {"price": "0.1", "size": "4116.8"}, {"price": "0.11", "size": "326.36"}, {"price": "0.13", "size": "2409.61"}, {"price": "0.14", "size": "151.85"}, {"price": "0.15", "size": "811.66"}, {"price": "0.16", "size": "400"}, {"price": "0.17", "size": "360.54"}, {"price": "0.18", "size": "1300.96"}, {"price": "0.19", "size": "810"}, {"price": "0.2", "size": "2522.54"}, {"price": "0.21", "size": "71.42"}, {"price": "0.22", "size": "9033.56"}, {"price": "0.23", "size": "2367.54"}, {"price": "0.24", "size": "1000"}, {"price": "0.25", "size": "71"}, {"price": "0.26", "size": "50"}, {"price": "0.29", "size": "5200"}, {"price": "0.3", "size": "280"}, {"price": "0.31", "size": "295.48"}, {"price": "0.32", "size": "5163.6"}, {"price": "0.33", "size": "8855.04"}], "asks": [{"price": "0.99", "size": "7533.44"}, {"price": "0.98", "size": "1750"}, {"price": "0.97", "size": "110"}, {"price": "0.96", "size": "4016.63"}, {"price": "0.93", "size": "1414.28"}, {"price": "0.91", "size": "150"}, {"price": "0.9", "size": "11468.03"}, {"price": "0.89", "size": "2365.87"}, {"price": "0.87", "size": "246.15"}, {"price": "0.85", "size": "200"}, {"price": "0.84", "size": "1000"}, {"price": "0.83", "size": "443.35"}, {"price": "0.81", "size": "300"}, {"price": "0.8", "size": "3080"}, {"price": "0.79", "size": "57.81"}, {"price": "0.78", "size": "500"}, {"price": "0.77", "size": "104.34"}, {"price": "0.74", "size": "200"}, {"price": "0.73", "size": "274.07"}, {"price": "0.71", "size": "3311"}, {"price": "0.7", "size": "10"}, {"price": "0.69", "size": "6638.83"}, {"price": "0.68", "size": "6.56"}, {"price": "0.66", "size": "60"}, {"price": "0.65", "size": "1933.3"}, {"price": "0.64", "size": "55.05"}, {"price": "0.62", "size": "370.48"}, {"price": "0.6", "size": "1214.66"}, {"price": "0.59", "size": "5912.81"}, {"price": "0.58", "size": "708.53"}, {"price": "0.57", "size": "100"}, {"price": "0.56", "size": "177.03"}, {"price": "0.55", "size": "1775.72"}, {"price": "0.54", "size": "100"}, {"price": "0.53", "size": "2100"}, {"price": "0.52", "size": "100"}, {"price": "0.51", "size": "32"}, {"price": "0.5", "size": "566.69"}, {"price": "0.49", "size": "584.29"}, {"price": "0.48", "size": "537.78"}, {"price": "0.47", "size": "100"}, {"price": "0.46", "size": "22.94"}, {"price": "0.45", "size": "2611.29"}, {"price": "0.44", "size": "23.21"}, {"price": "0.43", "size": "536.13"}, {"price": "0.42", "size": "8611"}, {"price": "0.41", "size": "881.76"}, {"price": "0.4", "size": "6336.88"}, {"price": "0.39", "size": "971.93"}, {"price": "0.38", "size": "4462.5"}, {"price": "0.37", "size": "2411.76"}, {"price": "0.36", "size": "2842.2"}, {"price": "0.35", "size": "1092.2"}], "event_type": "book", "last_trade_price": "0.330"}, {"market": "0x2e94bb8dd09931d12e6e656fe4fe6ceb3922bc3d6eab864bb6cd24773cf67269", "asset_id": "23311563303783760858176166115231875564829760730498992986905724285046115223219", "timestamp": "1769384387002", "hash": "4ce5b83071b488c9feecd5678209ce7b8045dbf2", "bids": [{"price": "0.01", "size": "7533.44"}, {"price": "0.02", "size": "1750"}, {"price": "0.03", "size": "110"}, {"price": "0.04", "size": "4016.63"}, {"price": "0.07", "size": "1414.28"}, {"price": "0.09", "size": "150"}, {"price": "0.1", "size": "11468.03"}, {"price": "0.11", "size": "2365.87"}, {"price": "0.13", "size": "246.15"}, {"price": "0.15", "size": "200"}, {"price": "0.16", "size": "1000"}, {"price": "0.17", "size": "443.35"}, {"price": "0.19", "size": "300"}, {"price": "0.2", "size": "3080"}, {"price": "0.21", "size": "57.81"}, {"price": "0.22", "size": "500"}, {"price": "0.23", "size": "104.34"}, {"price": "0.26", "size": "200"}, {"price": "0.27", "size": "274.07"}, {"price": "0.29", "size": "3311"}, {"price": "0.3", "size": "10"}, {"price": "0.31", "size": "6638.83"}, {"price": "0.32", "size": "6.56"}, {"price": "0.34", "size": "60"}, {"price": "0.35", "size": "1933.3"}, {"price": "0.36", "size": "55.05"}, {"price": "0.38", "size": "370.48"}, {"price": "0.4", "size": "1214.66"}, {"price": "0.41", "size": "5912.81"}, {"price": "0.42", "size": "708.53"}, {"price": "0.43", "size": "100"}, {"price": "0.44", "size": "177.03"}, {"price": "0.45", "size": "1775.72"}, {"price": "0.46", "size": "100"}, {"price": "0.47", "size": "2100"}, {"price": "0.48", "size": "100"}, {"price": "0.49", "size": "32"}, {"price": "0.5", "size": "566.69"}, {"price": "0.51", "size": "584.29"}, {"price": "0.52", "size": "537.78"}, {"price": "0.53", "size": "100"}, {"price": "0.54", "size": "22.94"}, {"price": "0.55", "size": "2611.29"}, {"price": "0.56", "size": "23.21"}, {"price": "0.57", "size": "536.13"}, {"price": "0.58", "size": "8611"}, {"price": "0.59", "size": "881.76"}, {"price": "0.6", "size": "6336.88"}, {"price": "0.61", "size": "971.93"}, {"price": "0.62", "size": "4462.5"}, {"price": "0.63", "size": "2411.76"}, {"price": "0.64", "size": "2842.2"}, {"price": "0.65", "size": "1092.2"}], "asks": [{"price": "0.99", "size": "1033356"}, {"price": "0.98", "size": "53746.06"}, {"price": "0.97", "size": "112100"}, {"price": "0.96", "size": "22824.46"}, {"price": "0.95", "size": "1930"}, {"price": "0.94", "size": "3000"}, {"price": "0.93", "size": "1057.14"}, {"price": "0.91", "size": "311.11"}, {"price": "0.9", "size": "4116.8"}, {"price": "0.89", "size": "326.36"}, {"price": "0.87", "size": "2409.61"}, {"price": "0.86", "size": "151.85"}, {"price": "0.85", "size": "811.66"}, {"price": "0.84", "size": "400"}, {"price": "0.83", "size": "360.54"}, {"price": "0.82", "size": "1300.96"}, {"price": "0.81", "size": "810"}, {"price": "0.8", "size": "2522.54"}, {"price": "0.79", "size": "71.42"}, {"price": "0.78", "size": "9033.56"}, {"price": "0.77", "size": "2367.54"}, {"price": "0.76", "size": "1000"}, {"price": "0.75", "size": "71"}, {"price": "0.74", "size": "50"}, {"price": "0.71", "size": "5200"}, {"price": "0.7", "size": "280"}, {"price": "0.69", "size": "295.48"}, {"price": "0.68", "size": "5163.6"}, {"price": "0.67", "size": "8855.04"}], "event_type": "book", "last_trade_price": "0.330"}]}
{"_local_timestamp": "2026-01-25T23:40:55.961159+00:00", "data": {"market": "0x2e94bb8dd09931d12e6e656fe4fe6ceb3922bc3d6eab864bb6cd24773cf67269", "price_changes": [{"asset_id": "9116770648672617954873502150906669109632013173266181691206825621739241400461", "price": "0.32", "size": "4763.6", "side": "BUY", "hash": "d0d52f565d425d27053df16ac1005dbac1aea0cc", "best_bid": "0.33", "best_ask": "0.35"}, {"asset_id": "23311563303783760858176166115231875564829760730498992986905724285046115223219", "price": "0.68", "size": "4763.6", "side": "SELL", "hash": "8d117e08275aadb244992b2e5b622d3dfeacbe55", "best_bid": "0.65", "best_ask": "0.67"}], "timestamp": "1769384455890", "event_type": "price_change"}}
{"_local_timestamp": "2026-01-25T23:40:55.990967+00:00", "data": {"market": "0x2e94bb8dd09931d12e6e656fe4fe6ceb3922bc3d6eab864bb6cd24773cf67269", "price_changes": [{"asset_id": "9116770648672617954873502150906669109632013173266181691206825621739241400461", "price": "0.32", "size": "5763.6", "side": "BUY", "hash": "d089fa53a293d2fad91dd71e47ca791853e2b24e", "best_bid": "0.33", "best_ask": "0.35"}, {"asset_id": "23311563303783760858176166115231875564829760730498992986905724285046115223219", "price": "0.68", "size": "5763.6", "side": "SELL", "hash": "791666d8b72b7c6b34918c9666f6a68f46c71874", "best_bid": "0.65", "best_ask": "0.67"}], "timestamp": "1769384455914", "event_type": "price_change"}}
{"_local_timestamp": "2026-01-25T23:41:13.749177+00:00", "data": {"market": "0x2e94bb8dd09931d12e6e656fe4fe6ceb3922bc3d6eab864bb6cd24773cf67269", "price_changes": [{"asset_id": "9116770648672617954873502150906669109632013173266181691206825621739241400461", "price": "0.32", "size": "6091.6", "side": "BUY", "hash": "3ab7bb664acef37a52a4cbd16c476c62f6944eca", "best_bid": "0.33", "best_ask": "0.35"}, {"asset_id": "23311563303783760858176166115231875564829760730498992986905724285046115223219", "price": "0.68", "size": "6091.6", "side": "SELL", "hash": "38cc8e85057a478dde98070e46caad856ad91cc7", "best_bid": "0.65", "best_ask": "0.67"}], "timestamp": "1769384473678", "event_type": "price_change"}}
{"_local_timestamp": "2026-01-25T23:41:13.752546+00:00", "data": {"market": "0x2e94bb8dd09931d12e6e656fe4fe6ceb3922bc3d6eab864bb6cd24773cf67269", "price_changes": [{"asset_id": "23311563303783760858176166115231875564829760730498992986905724285046115223219", "price": "0.64", "size": "3170.2", "side": "BUY", "hash": "bd663ed3f72157301d05fa57a2134b0f89794c53", "best_bid": "0.65", "best_ask": "0.67"}, {"asset_id": "9116770648672617954873502150906669109632013173266181691206825621739241400461", "price": "0.36", "size": "3170.2", "side": "SELL", "hash": "7b5fa323d887bf7874e78acdede981858b92adf1", "best_bid": "0.33", "best_ask": "0.35"}], "timestamp": "1769384473679", "event_type": "price_change"}}
{"_local_timestamp": "2026-01-25T23:41:19.004816+00:00", "data": {"market": "0x2e94bb8dd09931d12e6e656fe4fe6ceb3922bc3d6eab864bb6cd24773cf67269", "price_changes": [{"asset_id": "23311563303783760858176166115231875564829760730498992986905724285046115223219", "price": "0.64", "size": "3870.2", "side": "BUY", "hash": "b4c12ec88500f02d79d82f21cb79846f1bb82b07", "best_bid": "0.65", "best_ask": "0.67"}, {"asset_id": "9116770648672617954873502150906669109632013173266181691206825621739241400461", "price": "0.36", "size": "3870.2", "side": "SELL", "hash": "1c33e967db929c36a997c355dc6308b767159f35", "best_bid": "0.33", "best_ask": "0.35"}], "timestamp": "1769384478924", "event_type": "price_change"}}
{"_local_timestamp": "2026-01-25T23:41:19.098579+00:00", "data": {"market": "0x2e94bb8dd09931d12e6e656fe4fe6ceb3922bc3d6eab864bb6cd24773cf67269", "price_changes": [{"asset_id": "9116770648672617954873502150906669109632013173266181691206825621739241400461", "price": "0.32", "size": "6791.59", "side": "BUY", "hash": "7ed263083061962e7395836b91de1c8563465b50", "best_bid": "0.33", "best_ask": "0.35"}, {"asset_id": "23311563303783760858176166115231875564829760730498992986905724285046115223219", "price": "0.68", "size": "6791.59", "side": "SELL", "hash": "c942ab8697541baf508678757e08d15d8fb4997c", "best_bid": "0.65", "best_ask": "0.67"}], "timestamp": "1769384479029", "event_type": "price_change"}}
{"_local_timestamp": "2026-01-25T23:42:01.254903+00:00", "data": {"market": "0x2e94bb8dd09931d12e6e656fe4fe6ceb3922bc3d6eab864bb6cd24773cf67269", "price_changes": [{"asset_id": "23311563303783760858176166115231875564829760730498992986905724285046115223219", "price": "0.64", "size": "3170.2", "side": "BUY", "hash": "2578be0dfa87ea23bfc94daf7c682fe29b428d18", "best_bid": "0.65", "best_ask": "0.67"}, {"asset_id": "9116770648672617954873502150906669109632013173266181691206825621739241400461", "price": "0.36", "size": "3170.2", "side": "SELL", "hash": "e293fee359a4458361aa9351c8b327bfe5468e6c", "best_bid": "0.33", "best_ask": "0.35"}], "timestamp": "1769384521174", "event_type": "price_change"}}
{"_local_timestamp": "2026-01-25T23:42:01.264030+00:00", "data": {"market": "0x2e94bb8dd09931d12e6e656fe4fe6ceb3922bc3d6eab864bb6cd24773cf67269", "price_changes": [{"asset_id": "9116770648672617954873502150906669109632013173266181691206825621739241400461", "price": "0.32", "size": "6091.6", "side": "BUY", "hash": "6e40472ec9e7ddfd71fb97dab90c6ed9d792dfd3", "best_bid": "0.33", "best_ask": "0.35"}, {"asset_id": "23311563303783760858176166115231875564829760730498992986905724285046115223219", "price": "0.68", "size": "6091.6", "side": "SELL", "hash": "7fdd7562047754ecae5598449359456035830841", "best_bid": "0.65", "best_ask": "0.67"}], "timestamp": "1769384521174", "event_type": "price_change"}}
{"_local_timestamp": "2026-01-25T23:43:34.627045+00:00", "data": {"market": "0x2e94bb8dd09931d12e6e656fe4fe6ceb3922bc3d6eab864bb6cd24773cf67269", "price_changes": [{"asset_id": "9116770648672617954873502150906669109632013173266181691206825621739241400461", "price": "0.1", "size": "1105.8", "side": "BUY", "hash": "c4842a1173388237716aebc5dbb57a6fb1a74d18", "best_bid": "0.33", "best_ask": "0.35"}, {"asset_id": "23311563303783760858176166115231875564829760730498992986905724285046115223219", "price": "0.9", "size": "1105.8", "side": "SELL", "hash": "da106aa5763857bc6eb9e78713931aaad59871fc", "best_bid": "0.65", "best_ask": "0.67"}], "timestamp": "1769384614481", "event_type": "price_change"}}
{"_local_timestamp": "2026-01-25T23:43:34.789459+00:00", "data": {"market": "0x2e94bb8dd09931d12e6e656fe4fe6ceb3922bc3d6eab864bb6cd24773cf67269", "price_changes": [{"asset_id": "9116770648672617954873502150906669109632013173266181691206825621739241400461", "price": "0.1", "size": "4134.8", "side": "BUY", "hash": "fe1d9a6dd908e1a194d39e968c1ca0b6570bf371", "best_bid": "0.33", "best_ask": "0.35"}, {"asset_id": "23311563303783760858176166115231875564829760730498992986905724285046115223219", "price": "0.9", "size": "4134.8", "side": "SELL", "hash": "183613a98ca86d3652e91466412e3851e41e417d", "best_bid": "0.65", "best_ask": "0.67"}], "timestamp": "1769384614657", "event_type": "price_change"}}
{"_local_timestamp": "2026-01-25T23:43:34.973241+00:00", "data": {"market": "0x2e94bb8dd09931d12e6e656fe4fe6ceb3922bc3d6eab864bb6cd24773cf67269", "price_changes": [{"asset_id": "23311563303783760858176166115231875564829760730498992986905724285046115223219", "price": "0.29", "size": "200", "side": "BUY", "hash": "19f46fa6403d6dc495b123e02b3eb8e62a99516c", "best_bid": "0.65", "best_ask": "0.67"}, {"asset_id": "9116770648672617954873502150906669109632013173266181691206825621739241400461", "price": "0.71", "size": "200", "side": "SELL", "hash": "f7a1b2b1e690e84467dff4b8bbb4f07a59768a9e", "best_bid": "0.33", "best_ask": "0.35"}], "timestamp": "1769384614849", "event_type": "price_change"}}
{"_local_timestamp": "2026-01-25T23:43:35.035803+00:00", "data": {"market": "0x2e94bb8dd09931d12e6e656fe4fe6ceb3922bc3d6eab864bb6cd24773cf67269", "price_changes": [{"asset_id": "9116770648672617954873502150906669109632013173266181691206825621739241400461", "price": "0.32", "size": "6098.83", "side": "BUY", "hash": "e5fd37a6746922dacfa89d4c042750612fb4ec32", "best_bid": "0.33", "best_ask": "0.35"}, {"asset_id": "23311563303783760858176166115231875564829760730498992986905724285046115223219", "price": "0.68", "size": "6098.83", "side": "SELL", "hash": "03effbf65f82ef17cd3ed4df57082739817337cd", "best_bid": "0.65", "best_ask": "0.67"}], "timestamp": "1769384614913", "event_type": "price_change"}}
{"_local_timestamp": "2026-01-25T23:43:35.130251+00:00", "data": {"market": "0x2e94bb8dd09931d12e6e656fe4fe6ceb3922bc3d6eab864bb6cd24773cf67269", "price_changes": [{"asset_id": "23311563303783760858176166115231875564829760730498992986905724285046115223219", "price": "0.3", "size": "3011", "side": "BUY", "hash": "fa2c8447cd5b3eac11b2cc999e6b1dfd69cf2216", "best_bid": "0.65", "best_ask": "0.67"}, {"asset_id": "9116770648672617954873502150906669109632013173266181691206825621739241400461", "price": "0.7", "size": "3011", "side": "SELL", "hash": "f66402c2744cac2ddc0f72bf16453d161f2c09a0", "best_bid": "0.33", "best_ask": "0.35"}], "timestamp": "1769384615014", "event_type": "price_change"}}
{"_local_timestamp": "2026-01-25T23:44:04.290111+00:00", "data": {"market": "0x2e94bb8dd09931d12e6e656fe4fe6ceb3922bc3d6eab864bb6cd24773cf67269", "price_changes": [{"asset_id": "9116770648672617954873502150906669109632013173266181691206825621739241400461", "price": "0.29", "size": "5210", "side": "BUY", "hash": "fae2995e7cf6da35ece5a7830ba77b0991e39531", "best_bid": "0.33", "best_ask": "0.35"}, {"asset_id": "23311563303783760858176166115231875564829760730498992986905724285046115223219", "price": "0.71", "size": "5210", "side": "SELL", "hash": "66cddb233848bc331f98c96665a4641c87f98c64", "best_bid": "0.65", "best_ask": "0.67"}], "timestamp": "1769384643989", "event_type": "price_change"}}
{"_local_timestamp": "2026-01-25T23:44:04.341801+00:00", "data": {"market": "0x2e94bb8dd09931d12e6e656fe4fe6ceb3922bc3d6eab864bb6cd24773cf67269", "price_changes": [{"asset_id": "9116770648672617954873502150906669109632013173266181691206825621739241400461", "price": "0.3", "size": "290", "side": "BUY", "hash": "dcdc24e1478331cf50499edd0974c252fa616fe4", "best_bid": "0.33", "best_ask": "0.35"}, {"asset_id": "23311563303783760858176166115231875564829760730498992986905724285046115223219", "price": "0.7", "size": "290", "side": "SELL", "hash": "17f1d2042cacda40a142c4690f028a08e01eaed3", "best_bid": "0.65", "best_ask": "0.67"}], "timestamp": "1769384644020", "event_type": "price_change"}}
{"_local_timestamp": "2026-01-25T23:44:04.359930+00:00", "data": {"market": "0x2e94bb8dd09931d12e6e656fe4fe6ceb3922bc3d6eab864bb6cd24773cf67269", "price_changes": [{"asset_id": "9116770648672617954873502150906669109632013173266181691206825621739241400461", "price": "0.31", "size": "305.48", "side": "BUY", "hash": "54eafb6b347938b15d8823cbdeda59067d30ea89", "best_bid": "0.33", "best_ask": "0.35"}, {"asset_id": "23311563303783760858176166115231875564829760730498992986905724285046115223219", "price": "0.69", "size": "305.48", "side": "SELL", "hash": "778e15d0669fef240645cd37f098e9d9b627b77b", "best_bid": "0.65", "best_ask": "0.67"}], "timestamp": "1769384644056", "event_type": "price_change"}}
{"_local_timestamp": "2026-01-25T23:44:04.385952+00:00", "data": {"market": "0x2e94bb8dd09931d12e6e656fe4fe6ceb3922bc3d6eab864bb6cd24773cf67269", "price_changes": [{"asset_id": "9116770648672617954873502150906669109632013173266181691206825621739241400461", "price": "0.32", "size": "6108.83", "side": "BUY", "hash": "cd2c77c725758fc1ec5fac9e4d4a9821735a0500", "best_bid": "0.33", "best_ask": "0.35"}, {"asset_id": "23311563303783760858176166115231875564829760730498992986905724285046115223219", "price": "0.68", "size": "6108.83", "side": "SELL", "hash": "ff890bd805b57dff38dff6987c911fe543288d4e", "best_bid": "0.65", "best_ask": "0.67"}], "timestamp": "1769384644094", "event_type": "price_change"}}
{"_local_timestamp": "2026-01-25T23:44:04.426703+00:00", "data": {"market": "0x2e94bb8dd09931d12e6e656fe4fe6ceb3922bc3d6eab864bb6cd24773cf67269", "price_changes": [{"asset_id": "9116770648672617954873502150906669109632013173266181691206825621739241400461", "price": "0.33", "size": "8865.04", "side": "BUY", "hash": "35feb41374cd52f81f9e1b4d9da8140145592b3b", "best_bid": "0.33", "best_ask": "0.35"}, {"asset_id": "23311563303783760858176166115231875564829760730498992986905724285046115223219", "price": "0.67", "size": "8865.04", "side": "SELL", "hash": "3225b46bc375fff3c9222a5784fa369f99015c81", "best_bid": "0.65", "best_ask": "0.67"}], "timestamp": "1769384644130", "event_type": "price_change"}}
{"_local_timestamp": "2026-01-25T23:44:04.456863+00:00", "data": {"market": "0x2e94bb8dd09931d12e6e656fe4fe6ceb3922bc3d6eab864bb6cd24773cf67269", "price_changes": [{"asset_id": "23311563303783760858176166115231875564829760730498992986905724285046115223219", "price": "0.61", "size": "981.93", "side": "BUY", "hash": "4b309484ccbe0b1d386e2298f7e984f903d4e475", "best_bid": "0.65", "best_ask": "0.67"}, {"asset_id": "9116770648672617954873502150906669109632013173266181691206825621739241400461", "price": "0.39", "size": "981.93", "side": "SELL", "hash": "85a01a1b254e4c1901b1cfd4a3dedbc51f9408e8", "best_bid": "0.33", "best_ask": "0.35"}], "timestamp": "1769384644163", "event_type": "price_change"}}
{"_local_timestamp": "2026-01-25T23:44:04.494720+00:00", "data": {"market": "0x2e94bb8dd09931d12e6e656fe4fe6ceb3922bc3d6eab864bb6cd24773cf67269", "price_changes": [{"asset_id": "23311563303783760858176166115231875564829760730498992986905724285046115223219", "price": "0.62", "size": "4472.5", "side": "BUY", "hash": "60a78f27282d7db593b8a5aa452c5e5b77c37bcd", "best_bid": "0.65", "best_ask": "0.67"}, {"asset_id": "9116770648672617954873502150906669109632013173266181691206825621739241400461", "price": "0.38", "size": "4472.5", "side": "SELL", "hash": "c654568a9be1d5320716e4182c40567ef284a6ea", "best_bid": "0.33", "best_ask": "0.35"}], "timestamp": "1769384644199", "event_type": "price_change"}}
{"_local_timestamp": "2026-01-25T23:44:04.534032+00:00", "data": {"market": "0x2e94bb8dd09931d12e6e656fe4fe6ceb3922bc3d6eab864bb6cd24773cf67269", "price_changes": [{"asset_id": "23311563303783760858176166115231875564829760730498992986905724285046115223219", "price": "0.63", "size": "2421.76", "side": "BUY", "hash": "3bc38f605705cf52a3ec4337e52b24aa12a6e776", "best_bid": "0.65", "best_ask": "0.67"}, {"asset_id": "9116770648672617954873502150906669109632013173266181691206825621739241400461", "price": "0.37", "size": "2421.76", "side": "SELL", "hash": "ad4d3f0c665234eaf75daf4cdf52cc88043151f9", "best_bid": "0.33", "best_ask": "0.35"}], "timestamp": "1769384644230", "event_type": "price_change"}}
{"_local_timestamp": "2026-01-25T23:44:04.585994+00:00", "data": {"market": "0x2e94bb8dd09931d12e6e656fe4fe6ceb3922bc3d6eab864bb6cd24773cf67269", "price_changes": [{"asset_id": "23311563303783760858176166115231875564829760730498992986905724285046115223219", "price": "0.64", "size": "3180.2", "side": "BUY", "hash": "fff55163edf0281e55ad14728bd02f9b20e0771b", "best_bid": "0.65", "best_ask": "0.67"}, {"asset_id": "9116770648672617954873502150906669109632013173266181691206825621739241400461", "price": "0.36", "size": "3180.2", "side": "SELL", "hash": "cba46306b928fa4522655f351b4488125f88da66", "best_bid": "0.33", "best_ask": "0.35"}], "timestamp": "1769384644271", "event_type": "price_change"}}
{"_local_timestamp": "2026-01-25T23:44:04.645862+00:00", "data": {"market": "0x2e94bb8dd09931d12e6e656fe4fe6ceb3922bc3d6eab864bb6cd24773cf67269", "price_changes": [{"asset_id": "23311563303783760858176166115231875564829760730498992986905724285046115223219", "price": "0.65", "size": "1102.2", "side": "BUY", "hash": "9f88efa4bd7c6ffb0cda630f8654ea2a65a950f2", "best_bid": "0.65", "best_ask": "0.67"}, {"asset_id": "9116770648672617954873502150906669109632013173266181691206825621739241400461", "price": "0.35", "size": "1102.2", "side": "SELL", "hash": "ed459d4a9e953572519a72f89dbe7976e4d1e197", "best_bid": "0.33", "best_ask": "0.35"}], "timestamp": "1769384644307", "event_type": "price_change"}}
{"_local_timestamp": "2026-01-25T23:44:04.713748+00:00", "data": {"market": "0x2e94bb8dd09931d12e6e656fe4fe6ceb3922bc3d6eab864bb6cd24773cf67269", "price_changes": [{"asset_id": "9116770648672617954873502150906669109632013173266181691206825621739241400461", "price": "0.32", "size": "6088.9", "side": "BUY", "hash": "e9ce025020fdac098155bc2a8dd4d09e0c786bad", "best_bid": "0.33", "best_ask": "0.35"}, {"asset_id": "23311563303783760858176166115231875564829760730498992986905724285046115223219", "price": "0.68", "size": "6088.9", "side": "SELL", "hash": "0835505d4d419ce99bcbaeef11dc30e5c9fade43", "best_bid": "0.65", "best_ask": "0.67"}], "timestamp": "1769384644422", "event_type": "price_change"}}
{"_local_timestamp": "2026-01-25T23:44:04.891780+00:00", "data": {"market": "0x2e94bb8dd09931d12e6e656fe4fe6ceb3922bc3d6eab864bb6cd24773cf67269", "price_changes": [{"asset_id": "9116770648672617954873502150906669109632013173266181691206825621739241400461", "price": "0.32", "size": "6108.29", "side": "BUY", "hash": "9e75895f922962c8bfa4dd1b420e91a32c5e1abc", "best_bid": "0.33", "best_ask": "0.35"}, {"asset_id": "23311563303783760858176166115231875564829760730498992986905724285046115223219", "price": "0.68", "size": "6108.29", "side": "SELL", "hash": "a3d59d4c43bc20d7c1df2d725d8088fa385a5068", "best_bid": "0.65", "best_ask": "0.67"}], "timestamp": "1769384644579", "event_type": "price_change"}}
{"_local_timestamp": "2026-01-25T23:44:18.010815+00:00", "data": {"market": "0x2e94bb8dd09931d12e6e656fe4fe6ceb3922bc3d6eab864bb6cd24773cf67269", "price_changes": [{"asset_id": "23311563303783760858176166115231875564829760730498992986905724285046115223219", "price": "0.29", "size": "150", "side": "BUY", "hash": "eac6689958c02d47fc4d60e5c16012f501294ec4", "best_bid": "0.65", "best_ask": "0.67"}, {"asset_id": "9116770648672617954873502150906669109632013173266181691206825621739241400461", "price": "0.71", "size": "150", "side": "SELL", "hash": "0f80db030bdd25dd9246f4e299b1a9ea5a292876", "best_bid": "0.33", "best_ask": "0.35"}], "timestamp": "1769384657928", "event_type": "price_change"}}
{"_local_timestamp": "2026-01-25T23:44:18.278535+00:00", "data": {"market": "0x2e94bb8dd09931d12e6e656fe4fe6ceb3922bc3d6eab864bb6cd24773cf67269", "price_changes": [{"asset_id": "23311563303783760858176166115231875564829760730498992986905724285046115223219", "price": "0.3", "size": "3061", "side": "BUY", "hash": "7ff4c7589c1fe6435007dcc003d45f6a6cb719b1", "best_bid": "0.65", "best_ask": "0.67"}, {"asset_id": "9116770648672617954873502150906669109632013173266181691206825621739241400461", "price": "0.7", "size": "3061", "side": "SELL", "hash": "9820edb75898ce2bf67cd92157dcf7598c1ba592", "best_bid": "0.33", "best_ask": "0.35"}], "timestamp": "1769384658189", "event_type": "price_change"}}
{"_local_timestamp": "2026-01-25T23:44:36.701344+00:00", "data": {"market": "0x2e94bb8dd09931d12e6e656fe4fe6ceb3922bc3d6eab864bb6cd24773cf67269", "price_changes": [{"asset_id": "9116770648672617954873502150906669109632013173266181691206825621739241400461", "price": "0.32", "size": "5108.29", "side": "BUY", "hash": "a71b1d97597511d6e49baa8687bdb8fe85da3468", "best_bid": "0.33", "best_ask": "0.35"}, {"asset_id": "23311563303783760858176166115231875564829760730498992986905724285046115223219", "price": "0.68", "size": "5108.29", "side": "SELL", "hash": "1fe9a12f5d2a80e31ca00d95b56a749eaec720d7", "best_bid": "0.65", "best_ask": "0.67"}], "timestamp": "1769384676634", "event_type": "price_change"}}
{"_local_timestamp": "2026-01-25T23:44:36.733833+00:00", "data": {"market": "0x2e94bb8dd09931d12e6e656fe4fe6ceb3922bc3d6eab864bb6cd24773cf67269", "price_changes": [{"asset_id": "9116770648672617954873502150906669109632013173266181691206825621739241400461", "price": "0.32", "size": "5508.29", "side": "BUY", "hash": "bdc0980f0f2a7f50b211f8af3c99fb61e1178fe1", "best_bid": "0.33", "best_ask": "0.35"}, {"asset_id": "23311563303783760858176166115231875564829760730498992986905724285046115223219", "price": "0.68", "size": "5508.29", "side": "SELL", "hash": "2fd4af3e8ed075e35973bf7f5f79bb5dfffd4141", "best_bid": "0.65", "best_ask": "0.67"}], "timestamp": "1769384676656", "event_type": "price_change"}}
{"_local_timestamp": "2026-01-25T23:44:46.410326+00:00", "data": {"market": "0x2e94bb8dd09931d12e6e656fe4fe6ceb3922bc3d6eab864bb6cd24773cf67269", "price_changes": [{"asset_id": "9116770648672617954873502150906669109632013173266181691206825621739241400461", "price": "0.32", "size": "5108.29", "side": "BUY", "hash": "93a217215b9f46942fd44de284b7f70e5c4e62cf", "best_bid": "0.33", "best_ask": "0.35"}, {"asset_id": "23311563303783760858176166115231875564829760730498992986905724285046115223219", "price": "0.68", "size": "5108.29", "side": "SELL", "hash": "67e15835605a7efe740be5b3f706fa23bfb1e6fb", "best_bid": "0.65", "best_ask": "0.67"}], "timestamp": "1769384686349", "event_type": "price_change"}}
{"_local_timestamp": "2026-01-25T23:44:46.438318+00:00", "data": {"market": "0x2e94bb8dd09931d12e6e656fe4fe6ceb3922bc3d6eab864bb6cd24773cf67269", "price_changes": [{"asset_id": "9116770648672617954873502150906669109632013173266181691206825621739241400461", "price": "0.32", "size": "5468.29", "side": "BUY", "hash": "4e708c663007f9b848f595d416585f8075ca48d4", "best_bid": "0.33", "best_ask": "0.35"}, {"asset_id": "23311563303783760858176166115231875564829760730498992986905724285046115223219", "price": "0.68", "size": "5468.29", "side": "SELL", "hash": "3e6706f29a2827e09c2bc2bf664f3baf6abf3ba2", "best_bid": "0.65", "best_ask": "0.67"}], "timestamp": "1769384686375", "event_type": "price_change"}}
{"_local_timestamp": "2026-01-25T23:45:08.901973+00:00", "data": {"market": "0x2e94bb8dd09931d12e6e656fe4fe6ceb3922bc3d6eab864bb6cd24773cf67269", "price_changes": [{"asset_id": "23311563303783760858176166115231875564829760730498992986905724285046115223219", "price": "0.65", "size": "1352.2", "side": "BUY", "hash": "1db556dc28319738421bb9093bd0ba8a065f097f", "best_bid": "0.65", "best_ask": "0.67"}, {"asset_id": "9116770648672617954873502150906669109632013173266181691206825621739241400461", "price": "0.35", "size": "1352.2", "side": "SELL", "hash": "b05d38154f5f7e9e79e752dc60a0706e4de7f604", "best_bid": "0.33", "best_ask": "0.35"}], "timestamp": "1769384708839", "event_type": "price_change"}}
{"_local_timestamp": "2026-01-25T23:45:09.268458+00:00", "data": {"market": "0x2e94bb8dd09931d12e6e656fe4fe6ceb3922bc3d6eab864bb6cd24773cf67269", "price_changes": [{"asset_id": "9116770648672617954873502150906669109632013173266181691206825621739241400461", "price": "0.33", "size": "9115.04", "side": "BUY", "hash": "ffe7db77f594b2abc03239158f03f36677eb5f6c", "best_bid": "0.33", "best_ask": "0.35"}, {"asset_id": "23311563303783760858176166115231875564829760730498992986905724285046115223219", "price": "0.67", "size": "9115.04", "side": "SELL", "hash": "27ab233b19c2780a720eb80c7b6e6381cc4fbd83", "best_bid": "0.65", "best_ask": "0.67"}], "timestamp": "1769384709198", "event_type": "price_change"}}
{"_local_timestamp": "2026-01-25T23:45:10.276213+00:00", "data": {"market": "0x2e94bb8dd09931d12e6e656fe4fe6ceb3922bc3d6eab864bb6cd24773cf67269", "price_changes": [{"asset_id": "9116770648672617954873502150906669109632013173266181691206825621739241400461", "price": "0.32", "size": "5108.29", "side": "BUY", "hash": "235f33b9e5eec291b8b13847d6707f13d07f4f94", "best_bid": "0.33", "best_ask": "0.35"}, {"asset_id": "23311563303783760858176166115231875564829760730498992986905724285046115223219", "price": "0.68", "size": "5108.29", "side": "SELL", "hash": "58da54112965a3375171fa5337714f1ee4d03c2d", "best_bid": "0.65", "best_ask": "0.67"}], "timestamp": "1769384710210", "event_type": "price_change"}}
{"_local_timestamp": "2026-01-25T23:45:10.299842+00:00", "data": {"market": "0x2e94bb8dd09931d12e6e656fe4fe6ceb3922bc3d6eab864bb6cd24773cf67269", "price_changes": [{"asset_id": "9116770648672617954873502150906669109632013173266181691206825621739241400461", "price": "0.32", "size": "5508.29", "side": "BUY", "hash": "aa92a355e72bfafa1d129898268cd4aa74b68594", "best_bid": "0.33", "best_ask": "0.35"}, {"asset_id": "23311563303783760858176166115231875564829760730498992986905724285046115223219", "price": "0.68", "size": "5508.29", "side": "SELL", "hash": "27fc14ac1abcb39d20cd58dca8f43e0d892f8fee", "best_bid": "0.65", "best_ask": "0.67"}], "timestamp": "1769384710233", "event_type": "price_change"}}
{"_local_timestamp": "2026-01-25T23:46:51.030613+00:00", "data": {"market": "0x2e94bb8dd09931d12e6e656fe4fe6ceb3922bc3d6eab864bb6cd24773cf67269", "price_changes": [{"asset_id": "23311563303783760858176166115231875564829760730498992986905724285046115223219", "price": "0.29", "size": "50", "side": "BUY", "hash": "c1e666091d0cf7209a6dce74b68882a6a92309d0", "best_bid": "0.65", "best_ask": "0.67"}, {"asset_id": "9116770648672617954873502150906669109632013173266181691206825621739241400461", "price": "0.71", "size": "50", "side": "SELL", "hash": "b7a2cd0788bbd8fc385d4c38cad8a421722de753", "best_bid": "0.33", "best_ask": "0.35"}], "timestamp": "1769384810677", "event_type": "price_change"}}
{"_local_timestamp": "2026-01-25T23:46:51.623041+00:00", "data": {"market": "0x2e94bb8dd09931d12e6e656fe4fe6ceb3922bc3d6eab864bb6cd24773cf67269", "price_changes": [{"asset_id": "23311563303783760858176166115231875564829760730498992986905724285046115223219", "price": "0.3", "size": "3161", "side": "BUY", "hash": "0ba88a670555feb670e1d9cdfe298901a049a031", "best_bid": "0.65", "best_ask": "0.67"}, {"asset_id": "9116770648672617954873502150906669109632013173266181691206825621739241400461", "price": "0.7", "size": "3161", "side": "SELL", "hash": "4846aed5a87e5bd9be143795d6687dd0fe7f0642", "best_bid": "0.33", "best_ask": "0.35"}], "timestamp": "1769384811237", "event_type": "price_change"}}
{"_local_timestamp": "2026-01-25T23:46:51.689625+00:00", "data": {"market": "0x2e94bb8dd09931d12e6e656fe4fe6ceb3922bc3d6eab864bb6cd24773cf67269", "price_changes": [{"asset_id": "9116770648672617954873502150906669109632013173266181691206825621739241400461", "price": "0.32", "size": "5488.9", "side": "BUY", "hash": "3825a182ae750defebf811158038823a0ae7eec2", "best_bid": "0.33", "best_ask": "0.35"}, {"asset_id": "23311563303783760858176166115231875564829760730498992986905724285046115223219", "price": "0.68", "size": "5488.9", "side": "SELL", "hash": "bda740ffaac483c22c65e655807e6c7ee0a4bfaa", "best_bid": "0.65", "best_ask": "0.67"}], "timestamp": "1769384811312", "event_type": "price_change"}}
{"_local_timestamp": "2026-01-25T23:46:51.717163+00:00", "data": {"market": "0x2e94bb8dd09931d12e6e656fe4fe6ceb3922bc3d6eab864bb6cd24773cf67269", "price_changes": [{"asset_id": "9116770648672617954873502150906669109632013173266181691206825621739241400461", "price": "0.32", "size": "5503.25", "side": "BUY", "hash": "66835cba0e6e7e6f15142ba96a9600ca1e523878", "best_bid": "0.33", "best_ask": "0.35"}, {"asset_id": "23311563303783760858176166115231875564829760730498992986905724285046115223219", "price": "0.68", "size": "5503.25", "side": "SELL", "hash": "d60892fb25d628d3f9cefc122e2c3ca0c2057615", "best_bid": "0.65", "best_ask": "0.67"}], "timestamp": "1769384811455", "event_type": "price_change"}}
{"_local_timestamp": "2026-01-25T23:47:04.758023+00:00", "data": {"market": "0x2e94bb8dd09931d12e6e656fe4fe6ceb3922bc3d6eab864bb6cd24773cf67269", "price_changes": [{"asset_id": "23311563303783760858176166115231875564829760730498992986905724285046115223219", "price": "0.65", "size": "1102.2", "side": "BUY", "hash": "65f0c3c27f16433a6cb7e90d8c192b5ed86aa46b", "best_bid": "0.65", "best_ask": "0.67"}, {"asset_id": "9116770648672617954873502150906669109632013173266181691206825621739241400461", "price": "0.35", "size": "1102.2", "side": "SELL", "hash": "5dfd4bde7800b21420c5f03f39f67bcfbc86773d", "best_bid": "0.33", "best_ask": "0.35"}], "timestamp": "1769384824673", "event_type": "price_change"}}
{"_local_timestamp": "2026-01-25T23:47:05.009898+00:00", "data": {"market": "0x2e94bb8dd09931d12e6e656fe4fe6ceb3922bc3d6eab864bb6cd24773cf67269", "price_changes": [{"asset_id": "9116770648672617954873502150906669109632013173266181691206825621739241400461", "price": "0.33", "size": "8865.04", "side": "BUY", "hash": "65958ef5313ba0450b11f72a3a3bb0674165e8ea", "best_bid": "0.33", "best_ask": "0.35"}, {"asset_id": "23311563303783760858176166115231875564829760730498992986905724285046115223219", "price": "0.67", "size": "8865.04", "side": "SELL", "hash": "2c009c91887cd57563c5dcb2cc21aaa4ec0b9225", "best_bid": "0.65", "best_ask": "0.67"}], "timestamp": "1769384824938", "event_type": "price_change"}}
