{"_local_timestamp": "2026-01-25T23:33:21.048646+00:00", "data": [{"market": "0x2e94bb8dd09931d12e6e656fe4fe6ceb3922bc3d6eab864bb6cd24773cf67269", "asset_id": "9116770648672617954873502150906669109632013173266181691206825621739241400461", "timestamp": "1769383919622", "hash": "5608e23c093cfd64ab4f53955568a62f3235a4ab", "bids": [{"price": "0.01", "size": "1033356"}, {"price": "0.02", "size": "53746.06"}, {"price": "0.03", "size": "112100"}, {"price": "0.04", "size": "22824.46"}, {"price": "0.05", "size": "1930"}, {"price": "0.06", "size": "3000"}, {"price": "0.07", "size": "1057.14"}, {"price": "0.09", "size": "311.11"}, {"price": "0.1", "size": "4116.8"}, {"price": "0.11", "size": "326.36"}, {"price": "0.13", "size": "2409.61"}, {"price": "0.14", "size": "151.85"}, {"price": "0.15", "size": "811.66"}, {"price": "0.16", "size": "400"}, {"price": "0.17", "size": "360.54"}, {"price": "0.18", "size": "1300.96"}, {"price": "0.19", "size": "810"}, {"price": "0.2", "size": "2522.54"}, {"price": "0.21", "size": "71.42"}, {"price": "0.22", "size": "9033.56"}, {"price": "0.23", "size": "2367.54"}, {"price": "0.24", "size": "1000"}, {"price": "0.25", "size": "71"}, {"price": "0.26", "size": "50"}, {"price": "0.29", "size": "5210"}, {"price": "0.3", "size": "290"}, {"price": "0.31", "size": "305.48"}, {"price": "0.32", "size": "5502.48"}, {"price": "0.33", "size": "8865.04"}], "asks": [{"price": "0.99", "size": "7533.44"}, {"price": "0.98", "size": "1750"}, {"price": "0.97", "size": "110"}, {"price": "0.96", "size": "4016.63"}, {"price": "0.93", "size": "1414.28"}, {"price": "0.91", "size": "150"}, {"price": "0.9", "size": "11468.03"}, {"price": "0.89", "size": "2365.87"}, {"price": "0.87", "size": "246.15"}, {"price": "0.85", "size": "200"}, {"price": "0.84", "size": "1000"}, {"price": "0.83", "size": "443.35"}, {"price": "0.81", "size": "300"}, {"price": "0.8", "size": "3080"}, {"price": "0.79", "size": "57.81"}, {"price": "0.78", "size": "500"}, {"price": "0.77", "size": "104.34"}, {"price": "0.74", "size": "200"}, {"price": "0.73", "size": "274.07"}, {"price": "0.71", "size": "3311"}, {"price": "0.7", "size": "10"}, {"price": "0.69", "size": "6638.83"}, {"price": "0.68", "size": "6.56"}, {"price": "0.66", "size": "60"}, {"price": "0.65", "size": "1933.3"}, {"price": "0.64", "size": "55.05"}, {"price": "0.62", "size": "370.48"}, {"price": "0.6", "size": "1214.66"}, {"price": "0.59", "size": "5912.81"}, {"price": "0.58", "size": "708.53"}, {"price": "0.57", "size": "100"}, {"price": "0.56", "size": "177.03"}, {"price": "0.55", "size": "1775.72"}, {"price": "0.54", "size": "100"}, {"price": "0.53", "size": "2100"}, {"price": "0.52", "size": "100"}, {"price": "0.51", "size": "32"}, {"price": "0.5", "size": "566.69"}, {"price": "0.49", "size": "584.29"}, {"price": "0.48", "size": "537.78"}, {"price": "0.47", "size": "100"}, {"price": "0.46", "size": "22.94"}, {"price": "0.45", "size": "2611.29"}, {"price": "0.44", "size": "23.21"}, {"price": "0.43", "size": "536.13"}, {"price": "0.42", "size": "8611"}, {"price": "0.41", "size": "881.76"}, {"price": "0.4", "size": "6336.88"}, {"price": "0.39", "size": "981.93"}, {"price": "0.38", "size": "4472.5"}, {"price": "0.37", "size": "2421.76"}, {"price": "0.36", "size": "3180.2"}, {"price": "0.35", "size": "1102.63"}], "event_type": "book", "last_trade_price": "0.330"}, {"market": "0x2e94bb8dd09931d12e6e656fe4fe6ceb3922bc3d6eab864bb6cd24773cf67269", "asset_id": "23311563303783760858176166115231875564829760730498992986905724285046115223219", "timestamp": "1769383919622", "hash": "2c2185e4630f849d3ffd51d74de2be98d7b9ab19", "bids": [{"price": "0.01", "size": "7533.44"}, {"price": "0.02", "size": "1750"}, {"price": "0.03", "size": "110"}, {"price": "0.04", "size": "4016.63"}, {"price": "0.07", "size": "1414.28"}, {"price": "0.09", "size": "150"}, {"price": "0.1", "size": "11468.03"}, {"price": "0.11", "size": "2365.87"}, {"price": "0.13", "size": "246.15"}, {"price": "0.15", "size": "200"}, {"price": "0.16", "size": "1000"}, {"price": "0.17", "size": "443.35"}, {"price": "0.19", "size": "300"}, {"price": "0.2", "size": "3080"}, {"price": "0.21", "size": "57.81"}, {"price": "0.22", "size": "500"}, {"price": "0.23", "size": "104.34"}, {"price": "0.26", "size": "200"}, {"price": "0.27", "size": "274.07"}, {"price": "0.29", "size": "3311"}, {"price": "0.3", "size": "10"}, {"price": "0.31", "size": "6638.83"}, {"price": "0.32", "size": "6.56"}, {"price": "0.34", "size": "60"}, {"price": "0.35", "size": "1933.3"}, {"price": "0.36", "size": "55.05"}, {"price": "0.38", "size": "370.48"}, {"price": "0.4", "size": "1214.66"}, {"price": "0.41", "size": "5912.81"}, {"price": "0.42", "size": "708.53"}, {"price": "0.43", "size": "100"}, {"price": "0.44", "size": "177.03"}, {"price": "0.45", "size": "1775.72"}, {"price": "0.46", "size": "100"}, {"price": "0.47", "size": "2100"}, {"price": "0.48", "size": "100"}, {"price": "0.49", "size": "32"}, {"price": "0.5", "size": "566.69"}, {"price": "0.51", "size": "584.29"}, {"price": "0.52", "size": "537.78"}, {"price": "0.53", "size": "100"}, {"price": "0.54", "size": "22.94"}, {"price": "0.55", "size": "2611.29"}, {"price": "0.56", "size": "23.21"}, {"price": "0.57", "size": "536.13"}, {"price": "0.58", "size": "8611"}, {"price": "0.59", "size": "881.76"}, {"price": "0.6", "size": "6336.88"}, {"price": "0.61", "size": "981.93"}, {"price": "0.62", "size": "4472.5"}, {"price": "0.63", "size": "2421.76"}, {"price": "0.64", "size": "3180.2"}, {"price": "0.65", "size": "1102.63"}], "asks": [{"price": "0.99", "size": "1033356"}, {"price": "0.98", "size": "53746.06"}, {"price": "0.97", "size": "112100"}, {"price": "0.96", "size": "22824.46"}, {"price": "0.95", "size": "1930"}, {"price": "0.94", "size": "3000"}, {"price": "0.93", "size": "1057.14"}, {"price": "0.91", "size": "311.11"}, {"price": "0.9", "size": "4116.8"}, {"price": "0.89", "size": "326.36"}, {"price": "0.87", "size": "2409.61"}, {"price": "0.86", "size": "151.85"}, {"price": "0.85", "size": "811.66"}, {"price": "0.84", "size": "400"}, {"price": "0.83", "size": "360.54"}, {"price": "0.82", "size": "1300.96"}, {"price": "0.81", "size": "810"}, {"price": "0.8", "size": "2522.54"}, {"price": "0.79", "size": "71.42"}, {"price": "0.78", "size": "9033.56"}, {"price": "0.77", "size": "2367.54"}, {"price": "0.76", "size": "1000"}, {"price": "0.75", "size": "71"}, {"price": "0.74", "size": "50"}, {"price": "0.71", "size": "5210"}, {"price": "0.7", "size": "290"}, {"price": "0.69", "size": "305.48"}, {"price": "0.68", "size": "5502.48"}, {"price": "0.67", "size": "8865.04"}], "event_type": "book", "last_trade_price": "0.330"}]}
{"_local_timestamp": "2026-01-25T23:33:21.753564+00:00", "data": {"market": "0x2e94bb8dd09931d12e6e656fe4fe6ceb3922bc3d6eab864bb6cd24773cf67269", "price_changes": [{"asset_id": "9116770648672617954873502150906669109632013173266181691206825621739241400461", "price": "0.32", "size": "5102.48", "side": "BUY", "hash": "3f4d8a048e7741891b52789d27c4b45ce1f1e481", "best_bid": "0.33", "best_ask": "0.35"}, {"asset_id": "23311563303783760858176166115231875564829760730498992986905724285046115223219", "price": "0.68", "size": "5102.48", "side": "SELL", "hash": "6a4363da1f63e8d7772c135569516eb6c423ccec", "best_bid": "0.65", "best_ask": "0.67"}], "timestamp": "1769384001681", "event_type": "price_change"}}
{"_local_timestamp": "2026-01-25T23:33:21.776919+00:00", "data": {"market": "0x2e94bb8dd09931d12e6e656fe4fe6ceb3922bc3d6eab864bb6cd24773cf67269", "price_changes": [{"asset_id": "9116770648672617954873502150906669109632013173266181691206825621739241400461", "price": "0.32", "size": "5482.48", "side": "BUY", "hash": "ad54453a9904dd2d06e997c4228ec38ccfe3524e", "best_bid": "0.33", "best_ask": "0.35"}, {"asset_id": "23311563303783760858176166115231875564829760730498992986905724285046115223219", "price": "0.68", "size": "5482.48", "side": "SELL", "hash": "d9414fc37a78dbda878ba8710bcb4879e14d06d5", "best_bid": "0.65", "best_ask": "0.67"}], "timestamp": "1769384001704", "event_type": "price_change"}}
{"_local_timestamp": "2026-01-25T23:33:22.022134+00:00", "data": {"market": "0x2e94bb8dd09931d12e6e656fe4fe6ceb3922bc3d6eab864bb6cd24773cf67269", "price_changes": [{"asset_id": "23311563303783760858176166115231875564829760730498992986905724285046115223219", "price": "0.65", "size": "1095.95", "side": "BUY", "hash": "a3f94a6146fb54de437b511981a8b888f4ada9c4", "best_bid": "0.65", "best_ask": "0.67"}, {"asset_id": "9116770648672617954873502150906669109632013173266181691206825621739241400461", "price": "0.35", "size": "1095.95", "side": "SELL", "hash": "0f637de1eb646143b9532ed1660648300e027fd8", "best_bid": "0.33", "best_ask": "0.35"}], "timestamp": "1769384001920", "event_type": "price_change"}}
{"_local_timestamp": "2026-01-25T23:33:22.025461+00:00", "data": {"market": "0x2e94bb8dd09931d12e6e656fe4fe6ceb3922bc3d6eab864bb6cd24773cf67269", "price_changes": [{"asset_id": "9116770648672617954873502150906669109632013173266181691206825621739241400461", "price": "0.32", "size": "5468.9", "side": "BUY", "hash": "0155aaecf8133d14ea31797a386994b9b892e52d", "best_bid": "0.33", "best_ask": "0.35"}, {"asset_id": "23311563303783760858176166115231875564829760730498992986905724285046115223219", "price": "0.68", "size": "5468.9", "side": "SELL", "hash": "b0db3999b4f5c3195015b5262e0ee30596f11234", "best_bid": "0.65", "best_ask": "0.67"}], "timestamp": "1769384001921", "event_type": "price_change"}}
{"_local_timestamp": "2026-01-25T23:33:22.137636+00:00", "data": {"market": "0x2e94bb8dd09931d12e6e656fe4fe6ceb3922bc3d6eab864bb6cd24773cf67269", "price_changes": [{"asset_id": "9116770648672617954873502150906669109632013173266181691206825621739241400461", "price": "0.32", "size": "5481.6", "side": "BUY", "hash": "591103cf4d721b80715a2a2266ca75e3aec7164e", "best_bid": "0.33", "best_ask": "0.35"}, {"asset_id": "23311563303783760858176166115231875564829760730498992986905724285046115223219", "price": "0.68", "size": "5481.6", "side": "SELL", "hash": "65c76f594f0b57723384eae7ea2722b637344923", "best_bid": "0.65", "best_ask": "0.67"}], "timestamp": "1769384002030", "event_type": "price_change"}}
{"_local_timestamp": "2026-01-25T23:33:22.138395+00:00", "data": {"market": "0x2e94bb8dd09931d12e6e656fe4fe6ceb3922bc3d6eab864bb6cd24773cf67269", "price_changes": [{"asset_id": "23311563303783760858176166115231875564829760730498992986905724285046115223219", "price": "0.65", "size": "1102.2", "side": "BUY", "hash": "d07153ae38c86ed03c3de8936dcadca229aed503", "best_bid": "0.65", "best_ask": "0.67"}, {"asset_id": "9116770648672617954873502150906669109632013173266181691206825621739241400461", "price": "0.35", "size": "1102.2", "side": "SELL", "hash": "6d55a2ac73e23c909d003c5c737ec4a12915f254", "best_bid": "0.33", "best_ask": "0.35"}], "timestamp": "1769384002031", "event_type": "price_change"}}
