{"_local_timestamp": "2026-01-25T23:41:07.743420+00:00", "data": [{"market": "0xddd013efb5081c6f9b64401e281f614d4f2e4b91f0b7f8384aab9b7b9c70f953", "asset_id": "40718948014146053949006235497755041167848793255878201093502381829391430193183", "timestamp": "1769384450255", "hash": "38cfbfb48f8c77eb3e2e20e0934fc755e7791dbd", "bids": [{"price": "0.01", "size": "1593.04"}, {"price": "0.02", "size": "1400"}, {"price": "0.03", "size": "600"}, {"price": "0.04", "size": "5.14"}, {"price": "0.08", "size": "500"}, {"price": "0.09", "size": "7.15"}, {"price": "0.14", "size": "200"}, {"price": "0.21", "size": "200"}, {"price": "0.41", "size": "31.7"}, {"price": "0.42", "size": "26.19"}, {"price": "0.48", "size": "500"}, {"price": "0.52", "size": "489"}, {"price": "0.53", "size": "10"}], "asks": [{"price": "0.99", "size": "1583.17"}, {"price": "0.98", "size": "1007.47"}, {"price": "0.96", "size": "1000"}, {"price": "0.95", "size": "15.97"}, {"price": "0.88", "size": "500"}, {"price": "0.86", "size": "200"}, {"price": "0.79", "size": "200"}, {"price": "0.66", "size": "10"}, {"price": "0.65", "size": "37.14"}, {"price": "0.64", "size": "30.55"}, {"price": "0.58", "size": "500"}, {"price": "0.55", "size": "674.9"}], "event_type": "book", "last_trade_price": "0.450"}, {"market": "0xddd013efb5081c6f9b64401e281f614d4f2e4b91f0b7f8384aab9b7b9c70f953", "asset_id": "76430272960761070602709579954590553637628926238320238586872056888436083852452", "timestamp": "1769384450255", "hash": "e91729ed16a4d6d99cb3d2024a0091e8b2c1aac7", "bids": [{"price": "0.01", "size": "1583.17"}, {"price": "0.02", "size": "1007.47"}, {"price": "0.04", "size": "1000"}, {"price": "0.05", "size": "15.97"}, {"price": "0.12", "size": "500"}, {"price": "0.14", "size": "200"}, {"price": "0.21", "size": "200"}, {"price": "0.34", "size": "10"}, {"price": "0.35", "size": "37.14"}, {"price": "0.36", "size": "30.55"}, {"price": "0.42", "size": "500"}, {"price": "0.45", "size": "674.9"}], "asks": [{"price": "0.99", "size": "1593.04"}, {"price": "0.98", "size": "1400"}, {"price": "0.97", "size": "600"}, {"price": "0.96", "size": "5.14"}, {"price": "0.92", "size": "500"}, {"price": "0.91", "size": "7.15"}, {"price": "0.86", "size": "200"}, {"price": "0.79", "size": "200"}, {"price": "0.59", "size": "31.7"}, {"price": "0.58", "size": "26.19"}, {"price": "0.52", "size": "500"}, {"price": "0.48", "size": "489"}, {"price": "0.47", "size": "10"}], "event_type": "book", "last_trade_price": "0.450"}]}
{"_local_timestamp": "2026-01-25T23:42:50.671043+00:00", "data": {"market": "0xddd013efb5081c6f9b64401e281f614d4f2e4b91f0b7f8384aab9b7b9c70f953", "price_changes": [{"asset_id": "76430272960761070602709579954590553637628926238320238586872056888436083852452", "price": "0.42", "size": "1000", "side": "BUY", "hash": "6c73e79a4534a6a7bc08c2f18c49fbc5fd4085d3", "best_bid": "0.45", "best_ask": "0.47"}, {"asset_id": "40718948014146053949006235497755041167848793255878201093502381829391430193183", "price": "0.58", "size": "1000", "side": "SELL", "hash": "e6e4dd584b41195777a9e73d6498c270530d4339", "best_bid": "0.53", "best_ask": "0.55"}], "timestamp": "1769384570466", "event_type": "price_change"}}
{"_local_timestamp": "2026-01-25T23:42:50.734675+00:00", "data": {"market": "0xddd013efb5081c6f9b64401e281f614d4f2e4b91f0b7f8384aab9b7b9c70f953", "price_changes": [{"asset_id": "40718948014146053949006235497755041167848793255878201093502381829391430193183", "price": "0.48", "size": "1000", "side": "BUY", "hash": "5d7ca7da4e550e65344ff8675f430ffa26699a0d", "best_bid": "0.53", "best_ask": "0.55"}, {"asset_id": "76430272960761070602709579954590553637628926238320238586872056888436083852452", "price": "0.52", "size": "1000", "side": "SELL", "hash": "db8dac5220d35dc8af665379299f4d11d9bd5d37", "best_bid": "0.45", "best_ask": "0.47"}], "timestamp": "1769384570471", "event_type": "price_change"}}
{"_local_timestamp": "2026-01-25T23:42:51.160650+00:00", "data": {"market": "0xddd013efb5081c6f9b64401e281f614d4f2e4b91f0b7f8384aab9b7b9c70f953", "price_changes": [{"asset_id": "40718948014146053949006235497755041167848793255878201093502381829391430193183", "price": "0.48", "size": "500", "side": "BUY", "hash": "bcaabdde45799a016ce30fa0ccbfe3639ed568f7", "best_bid": "0.53", "best_ask": "0.55"}, {"asset_id": "76430272960761070602709579954590553637628926238320238586872056888436083852452", "price": "0.52", "size": "500", "side": "SELL", "hash": "6eb70f2136f074a5854f9707591fd936976fe857", "best_bid": "0.45", "best_ask": "0.47"}], "timestamp": "1769384571001", "event_type": "price_change"}}
{"_local_timestamp": "2026-01-25T23:42:51.179323+00:00", "data": {"market": "0xddd013efb5081c6f9b64401e281f614d4f2e4b91f0b7f8384aab9b7b9c70f953", "price_changes": [{"asset_id": "76430272960761070602709579954590553637628926238320238586872056888436083852452", "price": "0.42", "size": "500", "side": "BUY", "hash": "31bd61a2f6ef959f0699186eca6c8d692085c712", "best_bid": "0.45", "best_ask": "0.47"}, {"asset_id": "40718948014146053949006235497755041167848793255878201093502381829391430193183", "price": "0.58", "size": "500", "side": "SELL", "hash": "1f381cb73bdedc4c5aa16b721ba12b2754225aad", "best_bid": "0.53", "best_ask": "0.55"}], "timestamp": "1769384571003", "event_type": "price_change"}}
