{"_local_timestamp": "2026-01-25T23:41:07.743420+00:00", "data": [{"market": "0xddd013efb5081c6f9b64401e281f614d4f2e4b91f0b7f8384aab9b7b9c70f953", "asset_id": "40718948014146053949006235497755041167848793255878201093502381829391430193183", "timestamp": "1769384450255", "hash": "38cfbfb48f8c77eb3e2e20e0934fc755e7791dbd", "bids": [{"price": "0.01", "size": "1593.04"}, {"price": "0.02", "size": "1400"}, {"price": "0.03", "size": "600"}, {"price": "0.04", "size": "5.14"}, {"price": "0.08", "size": "500"}, {"price": "0.09", "size": "7.15"}, {"price": "0.14", "size": "200"}, {"price": "0.21", "size": "200"}, {"price": "0.41", "size": "31.7"}, {"price": "0.42", "size": "26.19"}, {"price": "0.48", "size": "500"}, {"price": "0.52", "size": "489"}, {"price": "0.53", "size": "10"}], "asks": [{"price": "0.99", "size": "1583.17"}, {"price": "0.98", "size": "1007.47"}, {"price": "0.96", "size": "1000"}, {"price": "0.95", "size": "15.97"}, {"price": "0.88", "size": "500"}, {"price": "0.86", "size": "200"}, {"price": "0.79", "size": "200"}, {"price": "0.66", "size": "10"}, {"price": "0.65", "size": "37.14"}, {"price": "0.64", "size": "30.55"}, {"price": "0.58", "size": "500"}, {"price": "0.55", "size": "674.9"}], "event_type": "book", "last_trade_price": "0.450"}, {"market": "0xddd013efb5081c6f9b64401e281f614d4f2e4b91f0b7f8384aab9b7b9c70f953", "asset_id": "76430272960761070602709579954590553637628926238320238586872056888436083852452", "timestamp": "1769384450255", "hash": "e91729ed16a4d6d99cb3d2024a0091e8b2c1aac7", "bids": [{"price": "0.01", "size": "1583.17"}, {"price": "0.02", "size": "1007.47"}, {"price": "0.04", "size": "1000"}, {"price": "0.05", "size": "15.97"}, {"price": "0.12", "size": "500"}, {"price": "0.14", "size": "200"}, {"price": "0.21", "size": "200"}, {"price": "0.34", "size": "10"}, {"price": "0.35", "size": "37.14"}, {"price": "0.36", "size": "30.55"}, {"price": "0.42", "size": "500"}, {"price": "0.45", "size": "674.9"}], "asks": [{"price": "0.99", "size": "1593.04"}, {"price": "0.98", "size": "1400"}, {"price": "0.97", "size": "600"}, {"price": "0.96", "size": "5.14"}, {"price": "0.92", "size": "500"}, {"price": "0.91", "size": "7.15"}, {"price": "0.86", "size": "200"}, {"price": "0.79", "size": "200"}, {"price": "0.59", "size": "31.7"}, {"price": "0.58", "size": "26.19"}, {"price": "0.52", "size": "500"}, {"price": "0.48", "size": "489"}, {"price": "0.47", "size": "10"}], "event_type": "book", "last_trade_price": "0.450"}]}
{"_local_timestamp": "2026-01-25T23:42:50.671043+00:00", "data": {"market": "0xddd013efb5081c6f9b64401e281f614d4f2e4b91f0b7f8384aab9b7b9c70f953", "price_changes": [{"asset_id": "76430272960761070602709579954590553637628926238320238586872056888436083852452", "price": "0.42", "size": "1000", "side": "BUY", "hash": "6c73e79a4534a6a7bc08c2f18c49fbc5fd4085d3", "best_bid": "0.45", "best_ask": "0.47"}, {"asset_id": "40718948014146053949006235497755041167848793255878201093502381829391430193183", "price": "0.58", "size": "1000", "side": "SELL", "hash": "e6e4dd584b41195777a9e73d6498c270530d4339", "best_bid": "0.53", "best_ask": "0.55"}], "timestamp": "1769384570466", "event_type": "price_change"}}
{"_local_timestamp": "2026-01-25T23:42:50.734675+00:00", "data": {"market": "0xddd013efb5081c6f9b64401e281f614d4f2e4b91f0b7f8384aab9b7b9c70f953", "price_changes": [{"asset_id": "40718948014146053949006235497755041167848793255878201093502381829391430193183", "price": "0.48", "size": "1000", "side": "BUY", "hash": "5d7ca7da4e550e65344ff8675f430ffa26699a0d", "best_bid": "0.53", "best_ask": "0.55"}, {"asset_id": "76430272960761070602709579954590553637628926238320238586872056888436083852452", "price": "0.52", "size": "1000", "side": "SELL", "hash": "db8dac5220d35dc8af665379299f4d11d9bd5d37", "best_bid": "0.45", "best_ask": "0.47"}], "timestamp": "1769384570471", "event_type": "price_change"}}
{"_local_timestamp": "2026-01-25T23:42:51.160650+00:00", "data": {"market": "0xddd013efb5081c6f9b64401e281f614d4f2e4b91f0b7f8384aab9b7b9c70f953", "price_changes": [{"asset_id": "40718948014146053949006235497755041167848793255878201093502381829391430193183", "price": "0.48", "size": "500", "side": "BUY", "hash": "bcaabdde45799a016ce30fa0ccbfe3639ed568f7", "best_bid": "0.53", "best_ask": "0.55"}, {"asset_id": "76430272960761070602709579954590553637628926238320238586872056888436083852452", "price": "0.52", "size": "500", "side": "SELL", "hash": "6eb70f2136f074a5854f9707591fd936976fe857", "best_bid": "0.45", "best_ask": "0.47"}], "timestamp": "1769384571001", "event_type": "price_change"}}
{"_local_timestamp": "2026-01-25T23:42:51.179323+00:00", "data": {"market": "0xddd013efb5081c6f9b64401e281f614d4f2e4b91f0b7f8384aab9b7b9c70f953", "price_changes": [{"asset_id": "76430272960761070602709579954590553637628926238320238586872056888436083852452", "price": "0.42", "size": "500", "side": "BUY", "hash": "31bd61a2f6ef959f0699186eca6c8d692085c712", "best_bid": "0.45", "best_ask": "0.47"}, {"asset_id": "40718948014146053949006235497755041167848793255878201093502381829391430193183", "price": "0.58", "size": "500", "side": "SELL", "hash": "1f381cb73bdedc4c5aa16b721ba12b2754225aad", "best_bid": "0.53", "best_ask": "0.55"}], "timestamp": "1769384571003", "event_type": "price_change"}}
{"_local_timestamp": "2026-01-25T23:44:50.700709+00:00", "data": {"market": "0xddd013efb5081c6f9b64401e281f614d4f2e4b91f0b7f8384aab9b7b9c70f953", "price_changes": [{"asset_id": "76430272960761070602709579954590553637628926238320238586872056888436083852452", "price": "0.42", "size": "1000", "side": "BUY", "hash": "687385d91782933e096ea27d4b4907a0f3e5142b", "best_bid": "0.45", "best_ask": "0.47"}, {"asset_id": "40718948014146053949006235497755041167848793255878201093502381829391430193183", "price": "0.58", "size": "1000", "side": "SELL", "hash": "cde6da3d6d014063b0827b7a8684a89dc2e1953d", "best_bid": "0.53", "best_ask": "0.55"}], "timestamp": "1769384690633", "event_type": "price_change"}}
{"_local_timestamp": "2026-01-25T23:44:50.707997+00:00", "data": {"market": "0xddd013efb5081c6f9b64401e281f614d4f2e4b91f0b7f8384aab9b7b9c70f953", "price_changes": [{"asset_id": "40718948014146053949006235497755041167848793255878201093502381829391430193183", "price": "0.48", "size": "1000", "side": "BUY", "hash": "35e0bf34b1f6b49a442d51c3be1ac16fd02433fe", "best_bid": "0.53", "best_ask": "0.55"}, {"asset_id": "76430272960761070602709579954590553637628926238320238586872056888436083852452", "price": "0.52", "size": "1000", "side": "SELL", "hash": "2ada93f74f53db781da8fdff6ade3224362a22de", "best_bid": "0.45", "best_ask": "0.47"}], "timestamp": "1769384690633", "event_type": "price_change"}}
{"_local_timestamp": "2026-01-25T23:44:51.082825+00:00", "data": {"market": "0xddd013efb5081c6f9b64401e281f614d4f2e4b91f0b7f8384aab9b7b9c70f953", "price_changes": [{"asset_id": "40718948014146053949006235497755041167848793255878201093502381829391430193183", "price": "0.48", "size": "500", "side": "BUY", "hash": "9c73de0e80ec0e62b2da94ec5453a89831bfd59f", "best_bid": "0.53", "best_ask": "0.55"}, {"asset_id": "76430272960761070602709579954590553637628926238320238586872056888436083852452", "price": "0.52", "size": "500", "side": "SELL", "hash": "af2fd34669e84362c0b46e6593d5a3f695451eaf", "best_bid": "0.45", "best_ask": "0.47"}], "timestamp": "1769384691000", "event_type": "price_change"}}
{"_local_timestamp": "2026-01-25T23:44:51.098716+00:00", "data": {"market": "0xddd013efb5081c6f9b64401e281f614d4f2e4b91f0b7f8384aab9b7b9c70f953", "price_changes": [{"asset_id": "76430272960761070602709579954590553637628926238320238586872056888436083852452", "price": "0.42", "size": "500", "side": "BUY", "hash": "86fdb2685217dad59a2ef099e10877cc0374afc3", "best_bid": "0.45", "best_ask": "0.47"}, {"asset_id": "40718948014146053949006235497755041167848793255878201093502381829391430193183", "price": "0.58", "size": "500", "side": "SELL", "hash": "66cdc7c804fda005c9d5238f2b5ffe3382f20033", "best_bid": "0.53", "best_ask": "0.55"}], "timestamp": "1769384691002", "event_type": "price_change"}}
{"_local_timestamp": "2026-01-25T23:46:51.111003+00:00", "data": {"market": "0xddd013efb5081c6f9b64401e281f614d4f2e4b91f0b7f8384aab9b7b9c70f953", "price_changes": [{"asset_id": "40718948014146053949006235497755041167848793255878201093502381829391430193183", "price": "0.48", "size": "1000", "side": "BUY", "hash": "54c43f6e75426a644c9dc3c7799989f958d75eee", "best_bid": "0.53", "best_ask": "0.55"}, {"asset_id": "76430272960761070602709579954590553637628926238320238586872056888436083852452", "price": "0.52", "size": "1000", "side": "SELL", "hash": "f0d12782effb9abb09aeabf03907056e009efc67", "best_bid": "0.45", "best_ask": "0.47"}], "timestamp": "1769384810831", "event_type": "price_change"}}
{"_local_timestamp": "2026-01-25T23:46:51.111832+00:00", "data": {"market": "0xddd013efb5081c6f9b64401e281f614d4f2e4b91f0b7f8384aab9b7b9c70f953", "price_changes": [{"asset_id": "76430272960761070602709579954590553637628926238320238586872056888436083852452", "price": "0.42", "size": "1000", "side": "BUY", "hash": "5ced9ccd50f27b68026c2509dbac8c987bb1c4db", "best_bid": "0.45", "best_ask": "0.47"}, {"asset_id": "40718948014146053949006235497755041167848793255878201093502381829391430193183", "price": "0.58", "size": "1000", "side": "SELL", "hash": "5c7b462e34e4cfc30c35bf600ad23eb73085a49b", "best_bid": "0.53", "best_ask": "0.55"}], "timestamp": "1769384810832", "event_type": "price_change"}}
{"_local_timestamp": "2026-01-25T23:46:51.217404+00:00", "data": {"market": "0xddd013efb5081c6f9b64401e281f614d4f2e4b91f0b7f8384aab9b7b9c70f953", "price_changes": [{"asset_id": "40718948014146053949006235497755041167848793255878201093502381829391430193183", "price": "0.48", "size": "500", "side": "BUY", "hash": "a48b2f0f86720193a9186525771d8409d7ed2d90", "best_bid": "0.53", "best_ask": "0.55"}, {"asset_id": "76430272960761070602709579954590553637628926238320238586872056888436083852452", "price": "0.52", "size": "500", "side": "SELL", "hash": "bc0380318161e3e0eb2dcee7749c6c163ef1d0ba", "best_bid": "0.45", "best_ask": "0.47"}], "timestamp": "1769384811000", "event_type": "price_change"}}
{"_local_timestamp": "2026-01-25T23:46:51.228563+00:00", "data": {"market": "0xddd013efb5081c6f9b64401e281f614d4f2e4b91f0b7f8384aab9b7b9c70f953", "price_changes": [{"asset_id": "76430272960761070602709579954590553637628926238320238586872056888436083852452", "price": "0.42", "size": "500", "side": "BUY", "hash": "74abdf1c96c6b633bfd74623ec22a15e63819c7c", "best_bid": "0.45", "best_ask": "0.47"}, {"asset_id": "40718948014146053949006235497755041167848793255878201093502381829391430193183", "price": "0.58", "size": "500", "side": "SELL", "hash": "5002b5824681b9659231cca6c64a6cca555aa106", "best_bid": "0.53", "best_ask": "0.55"}], "timestamp": "1769384811002", "event_type": "price_change"}}
