{"_local_timestamp": "2026-01-25T23:41:08.026335+00:00", "data": [{"market": "0x742d3be36805f0b690b76cdf45a6bc235e0a71bdb6f82e0d610b9c1ca3cc88a3", "asset_id": "106524033588802196027800046996046773370181377650081681508032155141543735893828", "timestamp": "1769384450279", "hash": "634e8976d0c7accec187ffaf5ba9708257c0a5d7", "bids": [{"price": "0.01", "size": "1592.32"}, {"price": "0.02", "size": "1400"}, {"price": "0.03", "size": "600"}, {"price": "0.04", "size": "5.73"}, {"price": "0.09", "size": "500"}, {"price": "0.1", "size": "6.27"}, {"price": "0.14", "size": "200"}, {"price": "0.21", "size": "200"}, {"price": "0.5", "size": "20"}, {"price": "0.51", "size": "25.49"}, {"price": "0.52", "size": "21.15"}, {"price": "0.68", "size": "500"}, {"price": "0.7", "size": "100"}, {"price": "0.71", "size": "1031"}], "asks": [{"price": "0.99", "size": "578"}, {"price": "0.98", "size": "7.13"}, {"price": "0.97", "size": "1000"}, {"price": "0.96", "size": "21.43"}, {"price": "0.9", "size": "200"}, {"price": "0.89", "size": "118.18"}, {"price": "0.88", "size": "91.66"}, {"price": "0.82", "size": "10"}, {"price": "0.8", "size": "100"}, {"price": "0.78", "size": "1029.43"}], "event_type": "book", "last_trade_price": "0.220"}, {"market": "0x742d3be36805f0b690b76cdf45a6bc235e0a71bdb6f82e0d610b9c1ca3cc88a3", "asset_id": "70968366278123347036568450283508179734131602291788361260895904051398437596423", "timestamp": "1769384450279", "hash": "fec64838fc59ed8f9abaf88874098d379ac8e1f6", "bids": [{"price": "0.01", "size": "578"}, {"price": "0.02", "size": "7.13"}, {"price": "0.03", "size": "1000"}, {"price": "0.04", "size": "21.43"}, {"price": "0.1", "size": "200"}, {"price": "0.11", "size": "118.18"}, {"price": "0.12", "size": "91.66"}, {"price": "0.18", "size": "10"}, {"price": "0.2", "size": "100"}, {"price": "0.22", "size": "1029.43"}], "asks": [{"price": "0.99", "size": "1592.32"}, {"price": "0.98", "size": "1400"}, {"price": "0.97", "size": "600"}, {"price": "0.96", "size": "5.73"}, {"price": "0.91", "size": "500"}, {"price": "0.9", "size": "6.27"}, {"price": "0.86", "size": "200"}, {"price": "0.79", "size": "200"}, {"price": "0.5", "size": "20"}, {"price": "0.49", "size": "25.49"}, {"price": "0.48", "size": "21.15"}, {"price": "0.32", "size": "500"}, {"price": "0.3", "size": "100"}, {"price": "0.29", "size": "1031"}], "event_type": "book", "last_trade_price": "0.220"}]}
{"_local_timestamp": "2026-01-25T23:42:50.693302+00:00", "data": {"market": "0x742d3be36805f0b690b76cdf45a6bc235e0a71bdb6f82e0d610b9c1ca3cc88a3", "price_changes": [{"asset_id": "70968366278123347036568450283508179734131602291788361260895904051398437596423", "price": "0.22", "size": "1529.43", "side": "BUY", "hash": "63e2e3de070462c6fc205b0e9990bfc7a70ca71f", "best_bid": "0.22", "best_ask": "0.29"}, {"asset_id": "106524033588802196027800046996046773370181377650081681508032155141543735893828", "price": "0.78", "size": "1529.43", "side": "SELL", "hash": "2bcd9fd1c02ed7922dfa43a0a069e8d4045d87d7", "best_bid": "0.71", "best_ask": "0.78"}], "timestamp": "1769384570463", "event_type": "price_change"}}
{"_local_timestamp": "2026-01-25T23:42:50.735019+00:00", "data": {"market": "0x742d3be36805f0b690b76cdf45a6bc235e0a71bdb6f82e0d610b9c1ca3cc88a3", "price_changes": [{"asset_id": "106524033588802196027800046996046773370181377650081681508032155141543735893828", "price": "0.68", "size": "1000", "side": "BUY", "hash": "165a12dccb87614e474ea3ce7790efc6dec63ee8", "best_bid": "0.71", "best_ask": "0.78"}, {"asset_id": "70968366278123347036568450283508179734131602291788361260895904051398437596423", "price": "0.32", "size": "1000", "side": "SELL", "hash": "100201284d5f42b61cd663304beb1ddbfc12769a", "best_bid": "0.22", "best_ask": "0.29"}], "timestamp": "1769384570467", "event_type": "price_change"}}
{"_local_timestamp": "2026-01-25T23:42:51.133598+00:00", "data": {"market": "0x742d3be36805f0b690b76cdf45a6bc235e0a71bdb6f82e0d610b9c1ca3cc88a3", "price_changes": [{"asset_id": "70968366278123347036568450283508179734131602291788361260895904051398437596423", "price": "0.22", "size": "1029.43", "side": "BUY", "hash": "6d82d71ba083a10094dbf154982b53f1dde95ab2", "best_bid": "0.22", "best_ask": "0.29"}, {"asset_id": "106524033588802196027800046996046773370181377650081681508032155141543735893828", "price": "0.78", "size": "1029.43", "side": "SELL", "hash": "dfa5c39826c89a4c6c007c6d3e2391ece447468a", "best_bid": "0.71", "best_ask": "0.78"}], "timestamp": "1769384571000", "event_type": "price_change"}}
{"_local_timestamp": "2026-01-25T23:42:51.140778+00:00", "data": {"market": "0x742d3be36805f0b690b76cdf45a6bc235e0a71bdb6f82e0d610b9c1ca3cc88a3", "price_changes": [{"asset_id": "106524033588802196027800046996046773370181377650081681508032155141543735893828", "price": "0.68", "size": "500", "side": "BUY", "hash": "aaa36bc05fc5fd52be463dd780b4c7f5f24b5ba4", "best_bid": "0.71", "best_ask": "0.78"}, {"asset_id": "70968366278123347036568450283508179734131602291788361260895904051398437596423", "price": "0.32", "size": "500", "side": "SELL", "hash": "2f6d6b3d2857903f79ad55552c9056547cdd4a74", "best_bid": "0.22", "best_ask": "0.29"}], "timestamp": "1769384571000", "event_type": "price_change"}}
