{"_local_timestamp": "2026-01-25T23:34:00.658790+00:00", "data": [{"market": "0xf68705ac68f796ad2b412fc693bbd73b2407fce62b4f565ca83676666afa6a1e", "asset_id": "56606389188299428214936892244454403235504442311980614841169279218751020855070", "timestamp": "1769383970000", "hash": "062320db6fe0951fd1980df2d94116b96dbc1bfc", "bids": [{"price": "0.01", "size": "1583.24"}, {"price": "0.02", "size": "1007.12"}, {"price": "0.04", "size": "1000"}, {"price": "0.05", "size": "16.09"}, {"price": "0.12", "size": "500"}, {"price": "0.14", "size": "200"}, {"price": "0.21", "size": "200"}, {"price": "0.22", "size": "59.09"}, {"price": "0.23", "size": "47.82"}, {"price": "0.5", "size": "620"}, {"price": "0.52", "size": "1333.91"}], "asks": [{"price": "0.99", "size": "1588.45"}, {"price": "0.98", "size": "1000"}, {"price": "0.97", "size": "8.94"}, {"price": "0.93", "size": "900"}, {"price": "0.92", "size": "500"}, {"price": "0.91", "size": "6.96"}, {"price": "0.79", "size": "200"}, {"price": "0.7", "size": "10"}, {"price": "0.67", "size": "39.39"}, {"price": "0.66", "size": "32.35"}, {"price": "0.6", "size": "600"}, {"price": "0.59", "size": "1393"}], "event_type": "book", "last_trade_price": "0.520"}, {"market": "0xf68705ac68f796ad2b412fc693bbd73b2407fce62b4f565ca83676666afa6a1e", "asset_id": "3804898581456584754598932175362305118216654541002253336076469944430567385844", "timestamp": "1769383970000", "hash": "fa9ce7c0d6addbde4c8eeae96dc67bda0747c8c1", "bids": [{"price": "0.01", "size": "1588.45"}, {"price": "0.02", "size": "1000"}, {"price": "0.03", "size": "8.94"}, {"price": "0.07", "size": "900"}, {"price": "0.08", "size": "500"}, {"price": "0.09", "size": "6.96"}, {"price": "0.21", "size": "200"}, {"price": "0.3", "size": "10"}, {"price": "0.33", "size": "39.39"}, {"price": "0.34", "size": "32.35"}, {"price": "0.4", "size": "600"}, {"price": "0.41", "size": "1393"}], "asks": [{"price": "0.99", "size": "1583.24"}, {"price": "0.98", "size": "1007.12"}, {"price": "0.96", "size": "1000"}, {"price": "0.95", "size": "16.09"}, {"price": "0.88", "size": "500"}, {"price": "0.86", "size": "200"}, {"price": "0.79", "size": "200"}, {"price": "0.78", "size": "59.09"}, {"price": "0.77", "size": "47.82"}, {"price": "0.5", "size": "620"}, {"price": "0.48", "size": "1333.91"}], "event_type": "book", "last_trade_price": "0.520"}]}
{"_local_timestamp": "2026-01-25T23:34:49.929937+00:00", "data": {"market": "0xf68705ac68f796ad2b412fc693bbd73b2407fce62b4f565ca83676666afa6a1e", "price_changes": [{"asset_id": "3804898581456584754598932175362305118216654541002253336076469944430567385844", "price": "0.4", "size": "1100", "side": "BUY", "hash": "c140f35cbfe6f94f8ac0a9d60405bb693bc32883", "best_bid": "0.41", "best_ask": "0.48"}, {"asset_id": "56606389188299428214936892244454403235504442311980614841169279218751020855070", "price": "0.6", "size": "1100", "side": "SELL", "hash": "83d9abbcb9d539bc828309a43ba8547052b3e3e1", "best_bid": "0.52", "best_ask": "0.59"}], "timestamp": "1769384089691", "event_type": "price_change"}}
{"_local_timestamp": "2026-01-25T23:34:49.930755+00:00", "data": {"market": "0xf68705ac68f796ad2b412fc693bbd73b2407fce62b4f565ca83676666afa6a1e", "price_changes": [{"asset_id": "56606389188299428214936892244454403235504442311980614841169279218751020855070", "price": "0.5", "size": "1120", "side": "BUY", "hash": "82944e492b429b536ab1976fb250f4830c8795c7", "best_bid": "0.52", "best_ask": "0.59"}, {"asset_id": "3804898581456584754598932175362305118216654541002253336076469944430567385844", "price": "0.5", "size": "1120", "side": "SELL", "hash": "beae2eddd257cdab68fc915067472a32f1de7f04", "best_bid": "0.41", "best_ask": "0.48"}], "timestamp": "1769384089696", "event_type": "price_change"}}
{"_local_timestamp": "2026-01-25T23:34:50.076702+00:00", "data": {"market": "0xf68705ac68f796ad2b412fc693bbd73b2407fce62b4f565ca83676666afa6a1e", "price_changes": [{"asset_id": "3804898581456584754598932175362305118216654541002253336076469944430567385844", "price": "0.4", "size": "600", "side": "BUY", "hash": "241032062e97dd57732e236eb979b6d3667fd160", "best_bid": "0.41", "best_ask": "0.48"}, {"asset_id": "56606389188299428214936892244454403235504442311980614841169279218751020855070", "price": "0.6", "size": "600", "side": "SELL", "hash": "810c0afabd58d9cb85029794a9d3f7ef09389108", "best_bid": "0.52", "best_ask": "0.59"}], "timestamp": "1769384090000", "event_type": "price_change"}}
{"_local_timestamp": "2026-01-25T23:34:50.077325+00:00", "data": {"market": "0xf68705ac68f796ad2b412fc693bbd73b2407fce62b4f565ca83676666afa6a1e", "price_changes": [{"asset_id": "56606389188299428214936892244454403235504442311980614841169279218751020855070", "price": "0.5", "size": "620", "side": "BUY", "hash": "b03241923ad4b2f6bb7f17c570b0d8124790d7e8", "best_bid": "0.52", "best_ask": "0.59"}, {"asset_id": "3804898581456584754598932175362305118216654541002253336076469944430567385844", "price": "0.5", "size": "620", "side": "SELL", "hash": "5148cfa8a175bf5f97934ef5cc0c7a5f8840956e", "best_bid": "0.41", "best_ask": "0.48"}], "timestamp": "1769384090002", "event_type": "price_change"}}
{"_local_timestamp": "2026-01-25T23:36:49.957388+00:00", "data": {"market": "0xf68705ac68f796ad2b412fc693bbd73b2407fce62b4f565ca83676666afa6a1e", "price_changes": [{"asset_id": "56606389188299428214936892244454403235504442311980614841169279218751020855070", "price": "0.5", "size": "1120", "side": "BUY", "hash": "07ec5b49c822fd4ebf393d8bcdea1a6e20e59a2c", "best_bid": "0.52", "best_ask": "0.59"}, {"asset_id": "3804898581456584754598932175362305118216654541002253336076469944430567385844", "price": "0.5", "size": "1120", "side": "SELL", "hash": "aebc1bd23d21e28c57060886776da7c2dbcfbec8", "best_bid": "0.41", "best_ask": "0.48"}], "timestamp": "1769384209886", "event_type": "price_change"}}
{"_local_timestamp": "2026-01-25T23:36:49.958070+00:00", "data": {"market": "0xf68705ac68f796ad2b412fc693bbd73b2407fce62b4f565ca83676666afa6a1e", "price_changes": [{"asset_id": "3804898581456584754598932175362305118216654541002253336076469944430567385844", "price": "0.4", "size": "1100", "side": "BUY", "hash": "eec4b11582b85a2bcb412683858ab154843c7f70", "best_bid": "0.41", "best_ask": "0.48"}, {"asset_id": "56606389188299428214936892244454403235504442311980614841169279218751020855070", "price": "0.6", "size": "1100", "side": "SELL", "hash": "a844a0034eddc91923396f133828aa9d620b1121", "best_bid": "0.52", "best_ask": "0.59"}], "timestamp": "1769384209886", "event_type": "price_change"}}
{"_local_timestamp": "2026-01-25T23:36:50.083754+00:00", "data": {"market": "0xf68705ac68f796ad2b412fc693bbd73b2407fce62b4f565ca83676666afa6a1e", "price_changes": [{"asset_id": "3804898581456584754598932175362305118216654541002253336076469944430567385844", "price": "0.4", "size": "600", "side": "BUY", "hash": "e7f5e9b29661a3ed9493c023419472d7f56b734c", "best_bid": "0.41", "best_ask": "0.48"}, {"asset_id": "56606389188299428214936892244454403235504442311980614841169279218751020855070", "price": "0.6", "size": "600", "side": "SELL", "hash": "b9bf24e1329346780958f3e9c2f9b5e642a8d377", "best_bid": "0.52", "best_ask": "0.59"}], "timestamp": "1769384210001", "event_type": "price_change"}}
{"_local_timestamp": "2026-01-25T23:36:50.109060+00:00", "data": {"market": "0xf68705ac68f796ad2b412fc693bbd73b2407fce62b4f565ca83676666afa6a1e", "price_changes": [{"asset_id": "56606389188299428214936892244454403235504442311980614841169279218751020855070", "price": "0.5", "size": "620", "side": "BUY", "hash": "b9285d0150c6094882797af8e14040de875789d2", "best_bid": "0.52", "best_ask": "0.59"}, {"asset_id": "3804898581456584754598932175362305118216654541002253336076469944430567385844", "price": "0.5", "size": "620", "side": "SELL", "hash": "a1656f1dd938a93147c59f52fd68a8a7f7481f5a", "best_bid": "0.41", "best_ask": "0.48"}], "timestamp": "1769384210005", "event_type": "price_change"}}
{"_local_timestamp": "2026-01-25T23:38:50.067539+00:00", "data": {"market": "0xf68705ac68f796ad2b412fc693bbd73b2407fce62b4f565ca83676666afa6a1e", "price_changes": [{"asset_id": "3804898581456584754598932175362305118216654541002253336076469944430567385844", "price": "0.4", "size": "100", "side": "BUY", "hash": "b181ca716c4f922df825735ce71ea58cb9b59d7e", "best_bid": "0.41", "best_ask": "0.48"}, {"asset_id": "56606389188299428214936892244454403235504442311980614841169279218751020855070", "price": "0.6", "size": "100", "side": "SELL", "hash": "ec899f0c258267b366a4cacaf774a209a0274b6a", "best_bid": "0.52", "best_ask": "0.59"}], "timestamp": "1769384330000", "event_type": "price_change"}}
{"_local_timestamp": "2026-01-25T23:38:50.073267+00:00", "data": {"market": "0xf68705ac68f796ad2b412fc693bbd73b2407fce62b4f565ca83676666afa6a1e", "price_changes": [{"asset_id": "56606389188299428214936892244454403235504442311980614841169279218751020855070", "price": "0.5", "size": "120", "side": "BUY", "hash": "6db7b45da4b74619f6c99a6c8e40ff25a73e2b3b", "best_bid": "0.52", "best_ask": "0.59"}, {"asset_id": "3804898581456584754598932175362305118216654541002253336076469944430567385844", "price": "0.5", "size": "120", "side": "SELL", "hash": "dfff4b298e0a986c85b627e1a2b1a06124216510", "best_bid": "0.41", "best_ask": "0.48"}], "timestamp": "1769384330000", "event_type": "price_change"}}
{"_local_timestamp": "2026-01-25T23:38:50.147427+00:00", "data": {"market": "0xf68705ac68f796ad2b412fc693bbd73b2407fce62b4f565ca83676666afa6a1e", "price_changes": [{"asset_id": "56606389188299428214936892244454403235504442311980614841169279218751020855070", "price": "0.5", "size": "620", "side": "BUY", "hash": "8a773f036f3293d834d9678848da7dc2bbe5199f", "best_bid": "0.52", "best_ask": "0.59"}, {"asset_id": "3804898581456584754598932175362305118216654541002253336076469944430567385844", "price": "0.5", "size": "620", "side": "SELL", "hash": "29ef2aa61a0be92c269cde6089db2ec3bd9135b6", "best_bid": "0.41", "best_ask": "0.48"}], "timestamp": "1769384330061", "event_type": "price_change"}}
{"_local_timestamp": "2026-01-25T23:38:50.147798+00:00", "data": {"market": "0xf68705ac68f796ad2b412fc693bbd73b2407fce62b4f565ca83676666afa6a1e", "price_changes": [{"asset_id": "3804898581456584754598932175362305118216654541002253336076469944430567385844", "price": "0.4", "size": "600", "side": "BUY", "hash": "4c3e138bcc896fb1a3136a10fa06743eb78a4fb2", "best_bid": "0.41", "best_ask": "0.48"}, {"asset_id": "56606389188299428214936892244454403235504442311980614841169279218751020855070", "price": "0.6", "size": "600", "side": "SELL", "hash": "f1c99eebd4009b433a895440d6d28e6931ddac88", "best_bid": "0.52", "best_ask": "0.59"}], "timestamp": "1769384330071", "event_type": "price_change"}}
