{"_local_timestamp": "2026-01-25T23:41:07.493048+00:00", "data": [{"market": "0xc293cc9e0cc29b1e474ff07151ef252a706735f3bee8871632c2a7dab46ed6f0", "asset_id": "52653382109277756118148203116122984610290452750556070926824522279639785252501", "timestamp": "1769384450255", "hash": "11777e892555e0a3f804381474f0f2a60e1ba7d6", "bids": [{"price": "0.01", "size": "578"}, {"price": "0.02", "size": "7.13"}, {"price": "0.03", "size": "1000"}, {"price": "0.04", "size": "21.43"}, {"price": "0.1", "size": "200"}, {"price": "0.11", "size": "118.18"}, {"price": "0.12", "size": "91.66"}, {"price": "0.18", "size": "10"}, {"price": "0.21", "size": "100"}, {"price": "0.22", "size": "1145.86"}], "asks": [{"price": "0.99", "size": "1583.01"}, {"price": "0.98", "size": "1006.81"}, {"price": "0.96", "size": "1000"}, {"price": "0.95", "size": "16.27"}, {"price": "0.89", "size": "500"}, {"price": "0.86", "size": "200"}, {"price": "0.79", "size": "200"}, {"price": "0.5", "size": "20"}, {"price": "0.37", "size": "20.63"}, {"price": "0.36", "size": "17.18"}, {"price": "0.32", "size": "500"}, {"price": "0.31", "size": "100"}, {"price": "0.29", "size": "986"}], "event_type": "book", "last_trade_price": "0.220"}, {"market": "0xc293cc9e0cc29b1e474ff07151ef252a706735f3bee8871632c2a7dab46ed6f0", "asset_id": "42699898315735259450890785686337085046636537901688194170457447296472809042103", "timestamp": "1769384450255", "hash": "acb92a1c5740b6385e4332031de9805076054beb", "bids": [{"price": "0.01", "size": "1583.01"}, {"price": "0.02", "size": "1006.81"}, {"price": "0.04", "size": "1000"}, {"price": "0.05", "size": "16.27"}, {"price": "0.11", "size": "500"}, {"price": "0.14", "size": "200"}, {"price": "0.21", "size": "200"}, {"price": "0.5", "size": "20"}, {"price": "0.63", "size": "20.63"}, {"price": "0.64", "size": "17.18"}, {"price": "0.68", "size": "500"}, {"price": "0.69", "size": "100"}, {"price": "0.71", "size": "986"}], "asks": [{"price": "0.99", "size": "578"}, {"price": "0.98", "size": "7.13"}, {"price": "0.97", "size": "1000"}, {"price": "0.96", "size": "21.43"}, {"price": "0.9", "size": "200"}, {"price": "0.89", "size": "118.18"}, {"price": "0.88", "size": "91.66"}, {"price": "0.82", "size": "10"}, {"price": "0.79", "size": "100"}, {"price": "0.78", "size": "1145.86"}], "event_type": "book", "last_trade_price": "0.220"}]}
{"_local_timestamp": "2026-01-25T23:42:50.694225+00:00", "data": {"market": "0xc293cc9e0cc29b1e474ff07151ef252a706735f3bee8871632c2a7dab46ed6f0", "price_changes": [{"asset_id": "52653382109277756118148203116122984610290452750556070926824522279639785252501", "price": "0.22", "size": "1645.86", "side": "BUY", "hash": "5428205ff9ea23f843c4db9f66347f85a688c496", "best_bid": "0.22", "best_ask": "0.29"}, {"asset_id": "42699898315735259450890785686337085046636537901688194170457447296472809042103", "price": "0.78", "size": "1645.86", "side": "SELL", "hash": "182afbb2f49bfd7ceafe8f6f2ff022c8826a4fd8", "best_bid": "0.71", "best_ask": "0.78"}], "timestamp": "1769384570467", "event_type": "price_change"}}
{"_local_timestamp": "2026-01-25T23:42:50.735948+00:00", "data": {"market": "0xc293cc9e0cc29b1e474ff07151ef252a706735f3bee8871632c2a7dab46ed6f0", "price_changes": [{"asset_id": "42699898315735259450890785686337085046636537901688194170457447296472809042103", "price": "0.68", "size": "1000", "side": "BUY", "hash": "deeaa0d940ab6e3a4594e2d27fd6584355fe743d", "best_bid": "0.71", "best_ask": "0.78"}, {"asset_id": "52653382109277756118148203116122984610290452750556070926824522279639785252501", "price": "0.32", "size": "1000", "side": "SELL", "hash": "31df0aa3e3a9cfdb87cef3de74f0020894e28c12", "best_bid": "0.22", "best_ask": "0.29"}], "timestamp": "1769384570472", "event_type": "price_change"}}
{"_local_timestamp": "2026-01-25T23:42:51.179391+00:00", "data": {"market": "0xc293cc9e0cc29b1e474ff07151ef252a706735f3bee8871632c2a7dab46ed6f0", "price_changes": [{"asset_id": "42699898315735259450890785686337085046636537901688194170457447296472809042103", "price": "0.68", "size": "500", "side": "BUY", "hash": "ac1c856cfee5fd31917e86ed0dbf11879b6fa992", "best_bid": "0.71", "best_ask": "0.78"}, {"asset_id": "52653382109277756118148203116122984610290452750556070926824522279639785252501", "price": "0.32", "size": "500", "side": "SELL", "hash": "aefe6836ffe3b6f941f9d6af9ed9bb935f4d10c5", "best_bid": "0.22", "best_ask": "0.29"}], "timestamp": "1769384571002", "event_type": "price_change"}}
{"_local_timestamp": "2026-01-25T23:42:51.182208+00:00", "data": {"market": "0xc293cc9e0cc29b1e474ff07151ef252a706735f3bee8871632c2a7dab46ed6f0", "price_changes": [{"asset_id": "52653382109277756118148203116122984610290452750556070926824522279639785252501", "price": "0.22", "size": "1145.86", "side": "BUY", "hash": "cde5443304a2761e9790c41feae96dde90b84668", "best_bid": "0.22", "best_ask": "0.29"}, {"asset_id": "42699898315735259450890785686337085046636537901688194170457447296472809042103", "price": "0.78", "size": "1145.86", "side": "SELL", "hash": "8db397d064e9c3788cdb16bf98e184809f7c096a", "best_bid": "0.71", "best_ask": "0.78"}], "timestamp": "1769384571005", "event_type": "price_change"}}
{"_local_timestamp": "2026-01-25T23:44:50.700970+00:00", "data": {"market": "0xc293cc9e0cc29b1e474ff07151ef252a706735f3bee8871632c2a7dab46ed6f0", "price_changes": [{"asset_id": "52653382109277756118148203116122984610290452750556070926824522279639785252501", "price": "0.22", "size": "1645.86", "side": "BUY", "hash": "68ed2424af0855eed1a6d44780fa117711fbbfa1", "best_bid": "0.22", "best_ask": "0.29"}, {"asset_id": "42699898315735259450890785686337085046636537901688194170457447296472809042103", "price": "0.78", "size": "1645.86", "side": "SELL", "hash": "24460c24ee223cbe9cf377a49916a1c067bf3149", "best_bid": "0.71", "best_ask": "0.78"}], "timestamp": "1769384690633", "event_type": "price_change"}}
{"_local_timestamp": "2026-01-25T23:44:50.702477+00:00", "data": {"market": "0xc293cc9e0cc29b1e474ff07151ef252a706735f3bee8871632c2a7dab46ed6f0", "price_changes": [{"asset_id": "42699898315735259450890785686337085046636537901688194170457447296472809042103", "price": "0.68", "size": "1000", "side": "BUY", "hash": "d1104d56baa5d113a2c052eb36ae0b4537fc0fd3", "best_bid": "0.71", "best_ask": "0.78"}, {"asset_id": "52653382109277756118148203116122984610290452750556070926824522279639785252501", "price": "0.32", "size": "1000", "side": "SELL", "hash": "5009fe2683f6f50d48cae1a51a2a30c486913ca8", "best_bid": "0.22", "best_ask": "0.29"}], "timestamp": "1769384690636", "event_type": "price_change"}}
{"_local_timestamp": "2026-01-25T23:44:51.114908+00:00", "data": {"market": "0xc293cc9e0cc29b1e474ff07151ef252a706735f3bee8871632c2a7dab46ed6f0", "price_changes": [{"asset_id": "52653382109277756118148203116122984610290452750556070926824522279639785252501", "price": "0.22", "size": "1145.86", "side": "BUY", "hash": "710e97e29b19504cc05f84d123701b52bd39308b", "best_bid": "0.22", "best_ask": "0.29"}, {"asset_id": "42699898315735259450890785686337085046636537901688194170457447296472809042103", "price": "0.78", "size": "1145.86", "side": "SELL", "hash": "becbb73e3cfc3ed904c46bf05af30cc0e554ae09", "best_bid": "0.71", "best_ask": "0.78"}], "timestamp": "1769384691001", "event_type": "price_change"}}
{"_local_timestamp": "2026-01-25T23:44:51.119474+00:00", "data": {"market": "0xc293cc9e0cc29b1e474ff07151ef252a706735f3bee8871632c2a7dab46ed6f0", "price_changes": [{"asset_id": "42699898315735259450890785686337085046636537901688194170457447296472809042103", "price": "0.68", "size": "500", "side": "BUY", "hash": "1959d7d5792ff21abcd70b9d62cb2e324267d98c", "best_bid": "0.71", "best_ask": "0.78"}, {"asset_id": "52653382109277756118148203116122984610290452750556070926824522279639785252501", "price": "0.32", "size": "500", "side": "SELL", "hash": "d34f3d703a334bdf146a5513574e24d50ab11a48", "best_bid": "0.22", "best_ask": "0.29"}], "timestamp": "1769384691005", "event_type": "price_change"}}
{"_local_timestamp": "2026-01-25T23:46:51.119869+00:00", "data": {"market": "0xc293cc9e0cc29b1e474ff07151ef252a706735f3bee8871632c2a7dab46ed6f0", "price_changes": [{"asset_id": "42699898315735259450890785686337085046636537901688194170457447296472809042103", "price": "0.68", "size": "1000", "side": "BUY", "hash": "4116cc818bd2238415bcf6b5e2b813f743917125", "best_bid": "0.71", "best_ask": "0.78"}, {"asset_id": "52653382109277756118148203116122984610290452750556070926824522279639785252501", "price": "0.32", "size": "1000", "side": "SELL", "hash": "766e0fd20fe8926a8ee172a458a20f46b3e82118", "best_bid": "0.22", "best_ask": "0.29"}], "timestamp": "1769384810829", "event_type": "price_change"}}
{"_local_timestamp": "2026-01-25T23:46:51.120502+00:00", "data": {"market": "0xc293cc9e0cc29b1e474ff07151ef252a706735f3bee8871632c2a7dab46ed6f0", "price_changes": [{"asset_id": "52653382109277756118148203116122984610290452750556070926824522279639785252501", "price": "0.22", "size": "1645.86", "side": "BUY", "hash": "44dadd949a45bf94d87f5e7e6106d9f29a6d1166", "best_bid": "0.22", "best_ask": "0.29"}, {"asset_id": "42699898315735259450890785686337085046636537901688194170457447296472809042103", "price": "0.78", "size": "1645.86", "side": "SELL", "hash": "7d17a1c6ef1ac19f305ce1b6a1126811513e48b0", "best_bid": "0.71", "best_ask": "0.78"}], "timestamp": "1769384810836", "event_type": "price_change"}}
{"_local_timestamp": "2026-01-25T23:46:51.208453+00:00", "data": {"market": "0xc293cc9e0cc29b1e474ff07151ef252a706735f3bee8871632c2a7dab46ed6f0", "price_changes": [{"asset_id": "52653382109277756118148203116122984610290452750556070926824522279639785252501", "price": "0.22", "size": "1145.86", "side": "BUY", "hash": "0dc011a5179d1798b798d6a2ab4872a71b898791", "best_bid": "0.22", "best_ask": "0.29"}, {"asset_id": "42699898315735259450890785686337085046636537901688194170457447296472809042103", "price": "0.78", "size": "1145.86", "side": "SELL", "hash": "15b3e1fba8b839e9610602727b8848c6d45b2571", "best_bid": "0.71", "best_ask": "0.78"}], "timestamp": "1769384811000", "event_type": "price_change"}}
{"_local_timestamp": "2026-01-25T23:46:51.237436+00:00", "data": {"market": "0xc293cc9e0cc29b1e474ff07151ef252a706735f3bee8871632c2a7dab46ed6f0", "price_changes": [{"asset_id": "42699898315735259450890785686337085046636537901688194170457447296472809042103", "price": "0.68", "size": "500", "side": "BUY", "hash": "543c39fe14ff2e05ccaa9f5a943fce6366bd24ee", "best_bid": "0.71", "best_ask": "0.78"}, {"asset_id": "52653382109277756118148203116122984610290452750556070926824522279639785252501", "price": "0.32", "size": "500", "side": "SELL", "hash": "0fee19b49c898eb6a0c959b45f403281e595d850", "best_bid": "0.22", "best_ask": "0.29"}], "timestamp": "1769384811001", "event_type": "price_change"}}
