{"_local_timestamp": "2026-01-25T23:33:56.299921+00:00", "data": [{"market": "0x2b499259e296ead68f2c6d5683df41cb03e90f5884c861f74577e96d8f473ab2", "asset_id": "12459895010392093766890472983811492820048023670228767378724911041316556496080", "timestamp": "1769383901929", "hash": "0919cfd99c1c94ec04fef1ec01e4667ff1c8cfa1", "bids": [{"price": "0.01", "size": "603"}, {"price": "0.02", "size": "300"}, {"price": "0.03", "size": "225"}, {"price": "0.04", "size": "45.7"}], "asks": [{"price": "0.99", "size": "173"}, {"price": "0.96", "size": "37"}, {"price": "0.94", "size": "47"}, {"price": "0.83", "size": "76.47"}, {"price": "0.82", "size": "61.11"}, {"price": "0.14", "size": "13"}], "event_type": "book", "last_trade_price": ""}, {"market": "0xc6e7d0109e8aee7783376786583c299f16ad539091b6a3e1df940fbc81aa63da", "asset_id": "74579413550568563211133000434948046167217534489227403266330433538585582951029", "timestamp": "1769377727585", "hash": "3e5e51f35b13b965442481461afcf9ae8d4dbcfc", "bids": [{"price": "0.01", "size": "173"}, {"price": "0.02", "size": "77"}, {"price": "0.04", "size": "37"}, {"price": "0.88", "size": "13"}], "asks": [{"price": "0.99", "size": "203"}, {"price": "0.98", "size": "77"}], "event_type": "book", "last_trade_price": "0.040"}, {"market": "0xced4d0207ad09f36a4962946cbe89fe0f3a9cf8bb939911f4fe77a6ebde1e356", "asset_id": "20246749916590857993082922019059465473040194511247699697790506598151597445638", "timestamp": "1769383901922", "hash": "ab3f59632ea81336f7c9dfeee990771d3be51691", "bids": [{"price": "0.01", "size": "603"}, {"price": "0.02", "size": "300"}, {"price": "0.03", "size": "250"}, {"price": "0.04", "size": "48.1"}], "asks": [{"price": "0.99", "size": "173"}, {"price": "0.96", "size": "37"}, {"price": "0.92", "size": "35"}, {"price": "0.81", "size": "68.42"}, {"price": "0.8", "size": "55"}, {"price": "0.14", "size": "13"}], "event_type": "book", "last_trade_price": "0.090"}, {"market": "0xc6e7d0109e8aee7783376786583c299f16ad539091b6a3e1df940fbc81aa63da", "asset_id": "51635784374877643443981437421967636635901760443480498393723041419259214608862", "timestamp": "1769377727585", "hash": "1a89e236e9ecb6860007aefc947d2f022a83956f", "bids": [{"price": "0.01", "size": "203"}, {"price": "0.02", "size": "77"}], "asks": [{"price": "0.99", "size": "173"}, {"price": "0.98", "size": "77"}, {"price": "0.96", "size": "37"}, {"price": "0.12", "size": "13"}], "event_type": "book", "last_trade_price": "0.040"}, {"market": "0x6e60c562c22cbbbfb08f6cb88c194b0989fcd47e4f8475e962d02a04b5d86ae1", "asset_id": "74006204759230121334694106833097964961130304876466567597326037502955075647372", "timestamp": "1769377727585", "hash": "38d9fe6dcc30c27a49a6fe0a7e0e4207160de82b", "bids": [{"price": "0.01", "size": "173"}, {"price": "0.02", "size": "77"}, {"price": "0.04", "size": "37"}, {"price": "0.86", "size": "13"}], "asks": [{"price": "0.99", "size": "203"}, {"price": "0.98", "size": "77"}, {"price": "0.96", "size": "37"}], "event_type": "book", "last_trade_price": "0.090"}, {"market": "0xbb352aecd830c85a77dd16c64c144a3479bf062db88e762099481d4bfdd144e6", "asset_id": "106875364287491191649657749045553759298749899341088643238459228589799300654227", "timestamp": "1769383901939", "hash": "6fc4fc2316ae800ed756e3e275f1f54da4cc3802", "bids": [{"price": "0.01", "size": "523"}, {"price": "0.02", "size": "300"}, {"price": "0.03", "size": "250"}, {"price": "0.04", "size": "44.4"}, {"price": "0.09", "size": "11.11"}], "asks": [{"price": "0.99", "size": "173"}, {"price": "0.97", "size": "48"}, {"price": "0.96", "size": "37"}, {"price": "0.81", "size": "68.42"}, {"price": "0.8", "size": "55"}, {"price": "0.19", "size": "13"}], "event_type": "book", "last_trade_price": ""}, {"market": "0xced4d0207ad09f36a4962946cbe89fe0f3a9cf8bb939911f4fe77a6ebde1e356", "asset_id": "88258807088785247761775845002750959588336121330303412811902509208319110983572", "timestamp": "1769383901922", "hash": "b8af0055525fdd6a8967b572a1f951abf6e59c3c", "bids": [{"price": "0.01", "size": "173"}, {"price": "0.04", "size": "37"}, {"price": "0.08", "size": "35"}, {"price": "0.19", "size": "68.42"}, {"price": "0.2", "size": "55"}, {"price": "0.86", "size": "13"}], "asks": [{"price": "0.99", "size": "603"}, {"price": "0.98", "size": "300"}, {"price": "0.97", "size": "250"}, {"price": "0.96", "size": "48.1"}], "event_type": "book", "last_trade_price": "0.090"}, {"market": "0xbb352aecd830c85a77dd16c64c144a3479bf062db88e762099481d4bfdd144e6", "asset_id": "33172776741807339521832633253500020597843925070308611341242592036109119390371", "timestamp": "1769383901939", "hash": "8f6d2af2c18abe5ab4a3d26c415b86ef29eb65de", "bids": [{"price": "0.01", "size": "173"}, {"price": "0.03", "size": "48"}, {"price": "0.04", "size": "37"}, {"price": "0.19", "size": "68.42"}, {"price": "0.2", "size": "55"}, {"price": "0.81", "size": "13"}], "asks": [{"price": "0.99", "size": "523"}, {"price": "0.98", "size": "300"}, {"price": "0.97", "size": "250"}, {"price": "0.96", "size": "44.4"}, {"price": "0.91", "size": "11.11"}], "event_type": "book", "last_trade_price": ""}, {"market": "0x0327186e712aa870986cacd8e7b7b2d03b38c83239a42587ef9f1389c9654a2f", "asset_id": "99926248677074515704639957109633687826307505332783144000509999387455759747151", "timestamp": "1769383901938", "hash": "d2fb92d3de7ee6f20b9a4c6c91ded348b4ec85ff", "bids": [{"price": "0.01", "size": "603"}, {"price": "0.02", "size": "300"}, {"price": "0.03", "size": "250"}, {"price": "0.04", "size": "37"}], "asks": [{"price": "0.99", "size": "173"}, {"price": "0.97", "size": "49"}, {"price": "0.96", "size": "37"}, {"price": "0.8", "size": "65"}, {"price": "0.79", "size": "52.38"}, {"price": "0.14", "size": "13"}], "event_type": "book", "last_trade_price": "0.090"}, {"market": "0x016f05182a3f635c33ec4dbf23cd270d9bf455daaae7b334451b21c0a350715e", "asset_id": "96546129463568922735408519637680331922773454947736101261612439364605710809568", "timestamp": "1769383977490", "hash": "e7e8c86d07dacbe5d2f66925f5703cd84fa71749", "bids": [{"price": "0.01", "size": "123"}, {"price": "0.02", "size": "77"}], "asks": [{"price": "0.99", "size": "173"}, {"price": "0.97", "size": "100"}, {"price": "0.96", "size": "37"}], "event_type": "book", "last_trade_price": "0.500"}, {"market": "0x72bce655df7812dd7cb1837da73a7fb166a6aa7fa47d0012e4549ae2a41e24f5", "asset_id": "45618249255196345007420260745950212120995272837396035475016408047206969758584", "timestamp": "1769377727585", "hash": "9c9bf3430db318bbdd61506f628e8fdbc42e3970", "bids": [{"price": "0.01", "size": "173"}, {"price": "0.02", "size": "77"}, {"price": "0.04", "size": "37"}, {"price": "0.86", "size": "13"}], "asks": [{"price": "0.99", "size": "203"}, {"price": "0.98", "size": "77"}, {"price": "0.96", "size": "37"}], "event_type": "book", "last_trade_price": "0.090"}, {"market": "0xc180abd194157ba41dcc849a5d49d882fe63335b7c6a84eba2ab28c6ee949a1d", "asset_id": "34672279301367312969315734589287332840987353194535693672779417065114617520353", "timestamp": "1769381920609", "hash": "1b95ad35ac9283929bc54923d391e0e82bbd6ca9", "bids": [{"price": "0.01", "size": "173"}, {"price": "0.04", "size": "37"}, {"price": "0.06", "size": "91.66"}, {"price": "0.07", "size": "185.71"}, {"price": "0.09", "size": "57"}, {"price": "0.1", "size": "100"}, {"price": "0.13", "size": "30"}, {"price": "0.22", "size": "13"}], "asks": [{"price": "0.99", "size": "173"}, {"price": "0.96", "size": "37"}, {"price": "0.94", "size": "216.66"}, {"price": "0.93", "size": "78.57"}, {"price": "0.91", "size": "46"}, {"price": "0.9", "size": "100"}, {"price": "0.89", "size": "30"}, {"price": "0.86", "size": "13"}], "event_type": "book", "last_trade_price": "0.880"}, {"market": "0x6e60c562c22cbbbfb08f6cb88c194b0989fcd47e4f8475e962d02a04b5d86ae1", "asset_id": "93208174442869043611813072954904089151948160858160981366744056167379465799438", "timestamp": "1769377727585", "hash": "90af416607454754b48c3dd7867756f7413fa3ab", "bids": [{"price": "0.01", "size": "203"}, {"price": "0.02", "size": "77"}, {"price": "0.04", "size": "37"}], "asks": [{"price": "0.99", "size": "173"}, {"price": "0.98", "size": "77"}, {"price": "0.96", "size": "37"}, {"price": "0.14", "size": "13"}], "event_type": "book", "last_trade_price": "0.090"}, {"market": "0xcf2788112fc88629af4e96c98a4d69618072fc2027788d2193308d809dcb9c8c", "asset_id": "50952307399336142937727669186875925896478438857272005057400150479631298416392", "timestamp": "1769383740063", "hash": "5842b731862cddcbb79b790a1249d2155408eff0", "bids": [{"price": "0.01", "size": "173"}, {"price": "0.02", "size": "77"}, {"price": "0.04", "size": "37"}, {"price": "0.2", "size": "9.78"}, {"price": "0.81", "size": "13"}], "asks": [{"price": "0.99", "size": "123"}, {"price": "0.98", "size": "77"}, {"price": "0.96", "size": "37"}, {"price": "0.91", "size": "11.11"}], "event_type": "book", "last_trade_price": "0.810"}, {"market": "0x72bce655df7812dd7cb1837da73a7fb166a6aa7fa47d0012e4549ae2a41e24f5", "asset_id": "64509917132417931454716590820230081162952938115417681309323360986737122142402", "timestamp": "1769377727585", "hash": "a91df9844837f8f13350cfb99007641ca5e298a3", "bids": [{"price": "0.01", "size": "203"}, {"price": "0.02", "size": "77"}, {"price": "0.04", "size": "37"}], "asks": [{"price": "0.99", "size": "173"}, {"price": "0.98", "size": "77"}, {"price": "0.96", "size": "37"}, {"price": "0.14", "size": "13"}], "event_type": "book", "last_trade_price": "0.090"}, {"market": "0xcf2788112fc88629af4e96c98a4d69618072fc2027788d2193308d809dcb9c8c", "asset_id": "53345671496170154138247846467967430382648025812931175087739419414647965639996", "timestamp": "1769383740063", "hash": "ae53f8e24db7a0013465827a561c617f05929f70", "bids": [{"price": "0.01", "size": "123"}, {"price": "0.02", "size": "77"}, {"price": "0.04", "size": "37"}, {"price": "0.09", "size": "11.11"}], "asks": [{"price": "0.99", "size": "173"}, {"price": "0.98", "size": "77"}, {"price": "0.96", "size": "37"}, {"price": "0.8", "size": "9.78"}, {"price": "0.19", "size": "13"}], "event_type": "book", "last_trade_price": "0.810"}, {"market": "0x0327186e712aa870986cacd8e7b7b2d03b38c83239a42587ef9f1389c9654a2f", "asset_id": "107481282213785628290843247382959178645184607860210149974337583474049498962063", "timestamp": "1769383901938", "hash": "f8041bf93770fa638485f18d191e697bc63ec109", "bids": [{"price": "0.01", "size": "173"}, {"price": "0.03", "size": "49"}, {"price": "0.04", "size": "37"}, {"price": "0.2", "size": "65"}, {"price": "0.21", "size": "52.38"}, {"price": "0.86", "size": "13"}], "asks": [{"price": "0.99", "size": "603"}, {"price": "0.98", "size": "300"}, {"price": "0.97", "size": "250"}, {"price": "0.96", "size": "37"}], "event_type": "book", "last_trade_price": "0.090"}, {"market": "0xc180abd194157ba41dcc849a5d49d882fe63335b7c6a84eba2ab28c6ee949a1d", "asset_id": "79588979753203294575479409615663016458137915331398031218756853539273065210143", "timestamp": "1769381920609", "hash": "6f97f3cfc716605ef4b7b24cd9163d7fd464ae40", "bids": [{"price": "0.01", "size": "173"}, {"price": "0.04", "size": "37"}, {"price": "0.06", "size": "216.66"}, {"price": "0.07", "size": "78.57"}, {"price": "0.09", "size": "46"}, {"price": "0.1", "size": "100"}, {"price": "0.11", "size": "30"}, {"price": "0.14", "size": "13"}], "asks": [{"price": "0.99", "size": "173"}, {"price": "0.96", "size": "37"}, {"price": "0.94", "size": "91.66"}, {"price": "0.93", "size": "185.71"}, {"price": "0.91", "size": "57"}, {"price": "0.9", "size": "100"}, {"price": "0.87", "size": "30"}, {"price": "0.78", "size": "13"}], "event_type": "book", "last_trade_price": "0.880"}, {"market": "0x016f05182a3f635c33ec4dbf23cd270d9bf455daaae7b334451b21c0a350715e", "asset_id": "56073741445914013369629458298519015796184767344492728879397000755324755435498", "timestamp": "1769383977490", "hash": "e4f79be361e6e73cd18c6b53f3deb532ede60ac4", "bids": [{"price": "0.01", "size": "173"}, {"price": "0.03", "size": "100"}, {"price": "0.04", "size": "37"}], "asks": [{"price": "0.99", "size": "123"}, {"price": "0.98", "size": "77"}], "event_type": "book", "last_trade_price": "0.500"}, {"market": "0xeb7ac4dcf4461b355721398836f43840debc727fa8bdb6845992eb2a0f2318dc", "asset_id": "20418191667581690544385940769910375726388824023514105913952145327478620354097", "timestamp": "1769383901938", "hash": "5cdef951a3c1d378ea5f1fe54a02094c173a36c0", "bids": [{"price": "0.01", "size": "173"}, {"price": "0.03", "size": "49"}, {"price": "0.04", "size": "37"}, {"price": "0.2", "size": "65"}, {"price": "0.21", "size": "52.38"}, {"price": "0.86", "size": "13"}], "asks": [{"price": "0.99", "size": "603"}, {"price": "0.98", "size": "300"}, {"price": "0.97", "size": "250"}, {"price": "0.96", "size": "3"}], "event_type": "book", "last_trade_price": "0.040"}, {"market": "0x2b499259e296ead68f2c6d5683df41cb03e90f5884c861f74577e96d8f473ab2", "asset_id": "58173886824231147198802382369962972792903931980515045785910813144004076679764", "timestamp": "1769383901929", "hash": "005a02d291b8d3d9b8871ba3c45031882f812ef2", "bids": [{"price": "0.01", "size": "173"}, {"price": "0.04", "size": "37"}, {"price": "0.06", "size": "47"}, {"price": "0.17", "size": "76.47"}, {"price": "0.18", "size": "61.11"}, {"price": "0.86", "size": "13"}], "asks": [{"price": "0.99", "size": "603"}, {"price": "0.98", "size": "300"}, {"price": "0.97", "size": "225"}, {"price": "0.96", "size": "45.7"}], "event_type": "book", "last_trade_price": ""}, {"market": "0xeb7ac4dcf4461b355721398836f43840debc727fa8bdb6845992eb2a0f2318dc", "asset_id": "60159949963275615140502744758331860710321973779603187693856242497657096450964", "timestamp": "1769383901938", "hash": "679896a7cd37713fc1c9aa5f81cdb1a146bd916d", "bids": [{"price": "0.01", "size": "603"}, {"price": "0.02", "size": "300"}, {"price": "0.03", "size": "250"}, {"price": "0.04", "size": "3"}], "asks": [{"price": "0.99", "size": "173"}, {"price": "0.97", "size": "49"}, {"price": "0.96", "size": "37"}, {"price": "0.8", "size": "65"}, {"price": "0.79", "size": "52.38"}, {"price": "0.14", "size": "13"}], "event_type": "book", "last_trade_price": "0.040"}]}
