{"_local_timestamp": "2026-01-25T23:33:16.877238+00:00", "data": [{"market": "0xced0cb8725bad43d78fda0cd0e5fa9e31804625cb3502b2c7897f8e8f7fa9e1f", "asset_id": "28557614648090529004584076028720900603196666949274543515794672175624115225556", "timestamp": "1769383900436", "hash": "de1755594aba14218c728e0aaebc13afc6e36aea", "bids": [{"price": "0.01", "size": "15.19"}, {"price": "0.02", "size": "457"}, {"price": "0.03", "size": "6.02"}, {"price": "0.04", "size": "114"}, {"price": "0.05", "size": "14.55"}, {"price": "0.09", "size": "220.83"}, {"price": "0.11", "size": "5"}, {"price": "0.12", "size": "19.2"}], "asks": [{"price": "0.99", "size": "5019.76"}, {"price": "0.98", "size": "5000"}, {"price": "0.97", "size": "2005.6"}, {"price": "0.96", "size": "1000"}, {"price": "0.95", "size": "1015.42"}, {"price": "0.94", "size": "33"}, {"price": "0.91", "size": "8.16"}, {"price": "0.84", "size": "700"}, {"price": "0.83", "size": "250"}, {"price": "0.38", "size": "1000"}, {"price": "0.37", "size": "200"}, {"price": "0.3", "size": "5"}, {"price": "0.27", "size": "94.25"}, {"price": "0.25", "size": "50.66"}, {"price": "0.23", "size": "9.33"}, {"price": "0.22", "size": "5.8"}], "event_type": "book", "last_trade_price": "0.130"}, {"market": "0x9b3c3177fe473124c756b01e123b4b03e3a99880844ed8dea21b0a7879ca04aa", "asset_id": "33799186820745984796925628555218896548353763534512103584425851114581900224385", "timestamp": "1769383662785", "hash": "f3e195adc695e92097eed96851270611ee2cf8e6", "bids": [{"price": "0.01", "size": "5699"}, {"price": "0.02", "size": "25.8"}, {"price": "0.05", "size": "1952.42"}, {"price": "0.06", "size": "360.15"}, {"price": "0.07", "size": "100"}, {"price": "0.08", "size": "6.05"}, {"price": "0.1", "size": "126.47"}, {"price": "0.13", "size": "20.94"}, {"price": "0.14", "size": "350"}], "asks": [{"price": "0.99", "size": "9.77"}, {"price": "0.98", "size": "750"}, {"price": "0.97", "size": "10.19"}, {"price": "0.96", "size": "500"}, {"price": "0.95", "size": "30"}, {"price": "0.92", "size": "1111"}, {"price": "0.91", "size": "400"}, {"price": "0.9", "size": "5.96"}, {"price": "0.87", "size": "261.53"}, {"price": "0.83", "size": "188.23"}, {"price": "0.78", "size": "127.27"}, {"price": "0.77", "size": "19.19"}, {"price": "0.75", "size": "188"}, {"price": "0.74", "size": "100"}, {"price": "0.73", "size": "50"}, {"price": "0.7", "size": "80"}, {"price": "0.67", "size": "142"}, {"price": "0.65", "size": "57.14"}, {"price": "0.64", "size": "199.99"}, {"price": "0.63", "size": "30"}, {"price": "0.6", "size": "15"}, {"price": "0.59", "size": "315"}, {"price": "0.18", "size": "103"}, {"price": "0.17", "size": "5.11"}], "event_type": "book", "last_trade_price": "0.160"}, {"market": "0xced0cb8725bad43d78fda0cd0e5fa9e31804625cb3502b2c7897f8e8f7fa9e1f", "asset_id": "34626184950254225208692030156208941308358060420950772251072421141618169142241", "timestamp": "1769383900436", "hash": "9f4135e2a29fd5874190454af60109482869b9e8", "bids": [{"price": "0.01", "size": "5019.76"}, {"price": "0.02", "size": "5000"}, {"price": "0.03", "size": "2005.6"}, {"price": "0.04", "size": "1000"}, {"price": "0.05", "size": "1015.42"}, {"price": "0.06", "size": "33"}, {"price": "0.09", "size": "8.16"}, {"price": "0.16", "size": "700"}, {"price": "0.17", "size": "250"}, {"price": "0.62", "size": "1000"}, {"price": "0.63", "size": "200"}, {"price": "0.7", "size": "5"}, {"price": "0.73", "size": "94.25"}, {"price": "0.75", "size": "50.66"}, {"price": "0.77", "size": "9.33"}, {"price": "0.78", "size": "5.8"}], "asks": [{"price": "0.99", "size": "15.19"}, {"price": "0.98", "size": "457"}, {"price": "0.97", "size": "6.02"}, {"price": "0.96", "size": "114"}, {"price": "0.95", "size": "14.55"}, {"price": "0.91", "size": "220.83"}, {"price": "0.89", "size": "5"}, {"price": "0.88", "size": "19.2"}], "event_type": "book", "last_trade_price": "0.130"}, {"market": "0x9b3c3177fe473124c756b01e123b4b03e3a99880844ed8dea21b0a7879ca04aa", "asset_id": "103693433518125527001416636574099415821922498558487623412396163292963814003978", "timestamp": "1769383662785", "hash": "04d9b43b3e9d538d0533ffe46c65e5c1e49645f1", "bids": [{"price": "0.01", "size": "9.77"}, {"price": "0.02", "size": "750"}, {"price": "0.03", "size": "10.19"}, {"price": "0.04", "size": "500"}, {"price": "0.05", "size": "30"}, {"price": "0.08", "size": "1111"}, {"price": "0.09", "size": "400"}, {"price": "0.1", "size": "5.96"}, {"price": "0.13", "size": "261.53"}, {"price": "0.17", "size": "188.23"}, {"price": "0.22", "size": "127.27"}, {"price": "0.23", "size": "19.19"}, {"price": "0.25", "size": "188"}, {"price": "0.26", "size": "100"}, {"price": "0.27", "size": "50"}, {"price": "0.3", "size": "80"}, {"price": "0.33", "size": "142"}, {"price": "0.35", "size": "57.14"}, {"price": "0.36", "size": "199.99"}, {"price": "0.37", "size": "30"}, {"price": "0.4", "size": "15"}, {"price": "0.41", "size": "315"}, {"price": "0.82", "size": "103"}, {"price": "0.83", "size": "5.11"}], "asks": [{"price": "0.99", "size": "5699"}, {"price": "0.98", "size": "25.8"}, {"price": "0.95", "size": "1952.42"}, {"price": "0.94", "size": "360.15"}, {"price": "0.93", "size": "100"}, {"price": "0.92", "size": "6.05"}, {"price": "0.9", "size": "126.47"}, {"price": "0.87", "size": "20.94"}, {"price": "0.86", "size": "350"}], "event_type": "book", "last_trade_price": "0.160"}]}
{"_local_timestamp": "2026-01-25T23:33:54.604396+00:00", "data": {"market": "0xced0cb8725bad43d78fda0cd0e5fa9e31804625cb3502b2c7897f8e8f7fa9e1f", "price_changes": [{"asset_id": "34626184950254225208692030156208941308358060420950772251072421141618169142241", "price": "0.75", "size": "0", "side": "BUY", "hash": "fdc1684c840a1c04576375673350522cb5ec5699", "best_bid": "0.78", "best_ask": "0.88"}, {"asset_id": "28557614648090529004584076028720900603196666949274543515794672175624115225556", "price": "0.25", "size": "0", "side": "SELL", "hash": "c2cf41dd77df0d132c1e392a1826ac6e4c09ee5a", "best_bid": "0.12", "best_ask": "0.22"}], "timestamp": "1769384034534", "event_type": "price_change"}}
{"_local_timestamp": "2026-01-25T23:35:06.967809+00:00", "data": {"market": "0xced0cb8725bad43d78fda0cd0e5fa9e31804625cb3502b2c7897f8e8f7fa9e1f", "price_changes": [{"asset_id": "34626184950254225208692030156208941308358060420950772251072421141618169142241", "price": "0.78", "size": "54.51", "side": "BUY", "hash": "1f5d6481795f99a2ac2b539fcad484ea376e388d", "best_bid": "0.78", "best_ask": "0.88"}, {"asset_id": "28557614648090529004584076028720900603196666949274543515794672175624115225556", "price": "0.22", "size": "54.51", "side": "SELL", "hash": "960c3d9b97a9b4117ace06df2b3f2f02e4fbbb14", "best_bid": "0.12", "best_ask": "0.22"}], "timestamp": "1769384106888", "event_type": "price_change"}}
{"_local_timestamp": "2026-01-25T23:36:59.790589+00:00", "data": {"market": "0xced0cb8725bad43d78fda0cd0e5fa9e31804625cb3502b2c7897f8e8f7fa9e1f", "price_changes": [{"asset_id": "28557614648090529004584076028720900603196666949274543515794672175624115225556", "price": "0.05", "size": "0", "side": "BUY", "hash": "1c327f11c48529f6a24ea9e9be7992e24bed21ea", "best_bid": "0.12", "best_ask": "0.22"}, {"asset_id": "34626184950254225208692030156208941308358060420950772251072421141618169142241", "price": "0.95", "size": "0", "side": "SELL", "hash": "58e584f3e1b0fec11733492a447505789edf81c0", "best_bid": "0.78", "best_ask": "0.88"}], "timestamp": "1769384219631", "event_type": "price_change"}}
{"_local_timestamp": "2026-01-25T23:36:59.791230+00:00", "data": {"market": "0xced0cb8725bad43d78fda0cd0e5fa9e31804625cb3502b2c7897f8e8f7fa9e1f", "price_changes": [{"asset_id": "34626184950254225208692030156208941308358060420950772251072421141618169142241", "price": "0.09", "size": "0", "side": "BUY", "hash": "6bcf3dd54b8db016509e7773833626af23214c72", "best_bid": "0.78", "best_ask": "0.88"}, {"asset_id": "28557614648090529004584076028720900603196666949274543515794672175624115225556", "price": "0.91", "size": "0", "side": "SELL", "hash": "b5bfcc1ac7e641fc43839e17d8401bc04fe4a8b6", "best_bid": "0.12", "best_ask": "0.22"}], "timestamp": "1769384219631", "event_type": "price_change"}}
{"_local_timestamp": "2026-01-25T23:37:00.196958+00:00", "data": {"market": "0xced0cb8725bad43d78fda0cd0e5fa9e31804625cb3502b2c7897f8e8f7fa9e1f", "price_changes": [{"asset_id": "28557614648090529004584076028720900603196666949274543515794672175624115225556", "price": "0.05", "size": "14.55", "side": "BUY", "hash": "fbec9007e5ebac7edd472d1fee597b77943532a4", "best_bid": "0.12", "best_ask": "0.22"}, {"asset_id": "34626184950254225208692030156208941308358060420950772251072421141618169142241", "price": "0.95", "size": "14.55", "side": "SELL", "hash": "1a21b3835c5f10f9f3fffdd8869e979e220a4132", "best_bid": "0.78", "best_ask": "0.88"}], "timestamp": "1769384220023", "event_type": "price_change"}}
{"_local_timestamp": "2026-01-25T23:37:00.211689+00:00", "data": {"market": "0xced0cb8725bad43d78fda0cd0e5fa9e31804625cb3502b2c7897f8e8f7fa9e1f", "price_changes": [{"asset_id": "34626184950254225208692030156208941308358060420950772251072421141618169142241", "price": "0.1", "size": "7.34", "side": "BUY", "hash": "74eeffa971644e43c6d39ea95da19f4760dd354f", "best_bid": "0.78", "best_ask": "0.88"}, {"asset_id": "28557614648090529004584076028720900603196666949274543515794672175624115225556", "price": "0.9", "size": "7.34", "side": "SELL", "hash": "31d0cec9ad774cb65c6bf6e7d262a3de5883555a", "best_bid": "0.12", "best_ask": "0.22"}], "timestamp": "1769384220024", "event_type": "price_change"}}
