{"_local_timestamp": "2026-01-25T23:40:29.597159+00:00", "data": [{"market": "0x9b3c3177fe473124c756b01e123b4b03e3a99880844ed8dea21b0a7879ca04aa", "asset_id": "33799186820745984796925628555218896548353763534512103584425851114581900224385", "timestamp": "1769384406041", "hash": "11c676196ffdce54b74d8253c3833605f561a4cc", "bids": [{"price": "0.01", "size": "1000"}, {"price": "0.02", "size": "25.8"}, {"price": "0.05", "size": "1012.42"}, {"price": "0.06", "size": "360.15"}, {"price": "0.07", "size": "100"}, {"price": "0.08", "size": "6.05"}, {"price": "0.1", "size": "126.47"}, {"price": "0.13", "size": "20.94"}, {"price": "0.14", "size": "350"}], "asks": [{"price": "0.99", "size": "9.77"}, {"price": "0.98", "size": "750"}, {"price": "0.97", "size": "10.19"}, {"price": "0.96", "size": "500"}, {"price": "0.95", "size": "30"}, {"price": "0.92", "size": "1111"}, {"price": "0.91", "size": "400"}, {"price": "0.9", "size": "5.96"}, {"price": "0.87", "size": "261.53"}, {"price": "0.83", "size": "188.23"}, {"price": "0.78", "size": "127.27"}, {"price": "0.77", "size": "19.19"}, {"price": "0.74", "size": "100"}, {"price": "0.73", "size": "50"}, {"price": "0.7", "size": "80"}, {"price": "0.69", "size": "199.99"}, {"price": "0.68", "size": "30"}, {"price": "0.65", "size": "57.14"}, {"price": "0.6", "size": "15"}, {"price": "0.59", "size": "201"}, {"price": "0.18", "size": "103"}, {"price": "0.17", "size": "5.11"}], "event_type": "book", "last_trade_price": "0.160"}, {"market": "0xced0cb8725bad43d78fda0cd0e5fa9e31804625cb3502b2c7897f8e8f7fa9e1f", "asset_id": "34626184950254225208692030156208941308358060420950772251072421141618169142241", "timestamp": "1769384423404", "hash": "c87f4a596c248aefedc5689d3a0aced844b72a2b", "bids": [{"price": "0.01", "size": "5019.76"}, {"price": "0.02", "size": "5000"}, {"price": "0.03", "size": "2005.6"}, {"price": "0.04", "size": "1000"}, {"price": "0.05", "size": "1015.42"}, {"price": "0.06", "size": "33"}, {"price": "0.1", "size": "7.34"}, {"price": "0.16", "size": "700"}, {"price": "0.17", "size": "250"}, {"price": "0.62", "size": "1000"}, {"price": "0.63", "size": "200"}, {"price": "0.7", "size": "5"}, {"price": "0.73", "size": "94.25"}, {"price": "0.77", "size": "9.33"}, {"price": "0.78", "size": "5.8"}], "asks": [{"price": "0.99", "size": "15.19"}, {"price": "0.98", "size": "457"}, {"price": "0.97", "size": "6.02"}, {"price": "0.96", "size": "114"}, {"price": "0.95", "size": "14.55"}, {"price": "0.91", "size": "220.83"}, {"price": "0.89", "size": "5"}, {"price": "0.88", "size": "19.2"}], "event_type": "book", "last_trade_price": "0.130"}, {"market": "0xced0cb8725bad43d78fda0cd0e5fa9e31804625cb3502b2c7897f8e8f7fa9e1f", "asset_id": "28557614648090529004584076028720900603196666949274543515794672175624115225556", "timestamp": "1769384423404", "hash": "5e4530d8b2f99cbbe5e3bb18b405ecdab205409c", "bids": [{"price": "0.01", "size": "15.19"}, {"price": "0.02", "size": "457"}, {"price": "0.03", "size": "6.02"}, {"price": "0.04", "size": "114"}, {"price": "0.05", "size": "14.55"}, {"price": "0.09", "size": "220.83"}, {"price": "0.11", "size": "5"}, {"price": "0.12", "size": "19.2"}], "asks": [{"price": "0.99", "size": "5019.76"}, {"price": "0.98", "size": "5000"}, {"price": "0.97", "size": "2005.6"}, {"price": "0.96", "size": "1000"}, {"price": "0.95", "size": "1015.42"}, {"price": "0.94", "size": "33"}, {"price": "0.9", "size": "7.34"}, {"price": "0.84", "size": "700"}, {"price": "0.83", "size": "250"}, {"price": "0.38", "size": "1000"}, {"price": "0.37", "size": "200"}, {"price": "0.3", "size": "5"}, {"price": "0.27", "size": "94.25"}, {"price": "0.23", "size": "9.33"}, {"price": "0.22", "size": "5.8"}], "event_type": "book", "last_trade_price": "0.130"}, {"market": "0x9b3c3177fe473124c756b01e123b4b03e3a99880844ed8dea21b0a7879ca04aa", "asset_id": "103693433518125527001416636574099415821922498558487623412396163292963814003978", "timestamp": "1769384406041", "hash": "5d15b2705087e9434670aae53306f3216d17da66", "bids": [{"price": "0.01", "size": "9.77"}, {"price": "0.02", "size": "750"}, {"price": "0.03", "size": "10.19"}, {"price": "0.04", "size": "500"}, {"price": "0.05", "size": "30"}, {"price": "0.08", "size": "1111"}, {"price": "0.09", "size": "400"}, {"price": "0.1", "size": "5.96"}, {"price": "0.13", "size": "261.53"}, {"price": "0.17", "size": "188.23"}, {"price": "0.22", "size": "127.27"}, {"price": "0.23", "size": "19.19"}, {"price": "0.26", "size": "100"}, {"price": "0.27", "size": "50"}, {"price": "0.3", "size": "80"}, {"price": "0.31", "size": "199.99"}, {"price": "0.32", "size": "30"}, {"price": "0.35", "size": "57.14"}, {"price": "0.4", "size": "15"}, {"price": "0.41", "size": "201"}, {"price": "0.82", "size": "103"}, {"price": "0.83", "size": "5.11"}], "asks": [{"price": "0.99", "size": "1000"}, {"price": "0.98", "size": "25.8"}, {"price": "0.95", "size": "1012.42"}, {"price": "0.94", "size": "360.15"}, {"price": "0.93", "size": "100"}, {"price": "0.92", "size": "6.05"}, {"price": "0.9", "size": "126.47"}, {"price": "0.87", "size": "20.94"}, {"price": "0.86", "size": "350"}], "event_type": "book", "last_trade_price": "0.160"}]}
{"_local_timestamp": "2026-01-25T23:41:04.583530+00:00", "data": {"market": "0x9b3c3177fe473124c756b01e123b4b03e3a99880844ed8dea21b0a7879ca04aa", "price_changes": [{"asset_id": "103693433518125527001416636574099415821922498558487623412396163292963814003978", "price": "0.25", "size": "188", "side": "BUY", "hash": "d038a31fd9791619c376330edc38c1b85db54235", "best_bid": "0.83", "best_ask": "0.86"}, {"asset_id": "33799186820745984796925628555218896548353763534512103584425851114581900224385", "price": "0.75", "size": "188", "side": "SELL", "hash": "00272f26b52cd6d4eb238b036631a5148ecf015c", "best_bid": "0.14", "best_ask": "0.17"}], "timestamp": "1769384464513", "event_type": "price_change"}}
{"_local_timestamp": "2026-01-25T23:41:04.587030+00:00", "data": {"market": "0x9b3c3177fe473124c756b01e123b4b03e3a99880844ed8dea21b0a7879ca04aa", "price_changes": [{"asset_id": "103693433518125527001416636574099415821922498558487623412396163292963814003978", "price": "0.41", "size": "315", "side": "BUY", "hash": "4c1945a0ff2b4f733bf86ac9d631c42b4a80e277", "best_bid": "0.83", "best_ask": "0.86"}, {"asset_id": "33799186820745984796925628555218896548353763534512103584425851114581900224385", "price": "0.59", "size": "315", "side": "SELL", "hash": "3cde643a5cbfaf94d381fb74d4bb19c2c9dfadca", "best_bid": "0.14", "best_ask": "0.17"}], "timestamp": "1769384464514", "event_type": "price_change"}}
{"_local_timestamp": "2026-01-25T23:41:04.587464+00:00", "data": {"market": "0x9b3c3177fe473124c756b01e123b4b03e3a99880844ed8dea21b0a7879ca04aa", "price_changes": [{"asset_id": "103693433518125527001416636574099415821922498558487623412396163292963814003978", "price": "0.33", "size": "142", "side": "BUY", "hash": "58b4212000168463421729694117ac47f803275e", "best_bid": "0.83", "best_ask": "0.86"}, {"asset_id": "33799186820745984796925628555218896548353763534512103584425851114581900224385", "price": "0.67", "size": "142", "side": "SELL", "hash": "a71cffd41728ed426499c3d86a20029429831ef2", "best_bid": "0.14", "best_ask": "0.17"}], "timestamp": "1769384464514", "event_type": "price_change"}}
{"_local_timestamp": "2026-01-25T23:41:04.587930+00:00", "data": {"market": "0x9b3c3177fe473124c756b01e123b4b03e3a99880844ed8dea21b0a7879ca04aa", "price_changes": [{"asset_id": "33799186820745984796925628555218896548353763534512103584425851114581900224385", "price": "0.05", "size": "1952.42", "side": "BUY", "hash": "8016d185b58037ca83742356ad76afed8361be59", "best_bid": "0.14", "best_ask": "0.17"}, {"asset_id": "103693433518125527001416636574099415821922498558487623412396163292963814003978", "price": "0.95", "size": "1952.42", "side": "SELL", "hash": "3cabd7e0c2b7292adb3f0fd748a633ebb47d0e97", "best_bid": "0.83", "best_ask": "0.86"}], "timestamp": "1769384464515", "event_type": "price_change"}}
{"_local_timestamp": "2026-01-25T23:41:04.588438+00:00", "data": {"market": "0x9b3c3177fe473124c756b01e123b4b03e3a99880844ed8dea21b0a7879ca04aa", "price_changes": [{"asset_id": "33799186820745984796925628555218896548353763534512103584425851114581900224385", "price": "0.01", "size": "5699", "side": "BUY", "hash": "604ecca52233c4d5fe027ab12dfafe48c41929fa", "best_bid": "0.14", "best_ask": "0.17"}, {"asset_id": "103693433518125527001416636574099415821922498558487623412396163292963814003978", "price": "0.99", "size": "5699", "side": "SELL", "hash": "070378cb7e34b8125838fbedd464657f4e78ed55", "best_bid": "0.83", "best_ask": "0.86"}], "timestamp": "1769384464516", "event_type": "price_change"}}
{"_local_timestamp": "2026-01-25T23:41:05.729920+00:00", "data": {"market": "0x9b3c3177fe473124c756b01e123b4b03e3a99880844ed8dea21b0a7879ca04aa", "price_changes": [{"asset_id": "103693433518125527001416636574099415821922498558487623412396163292963814003978", "price": "0.36", "size": "30", "side": "BUY", "hash": "75a30227a30e35159c3caba18438da959fd79411", "best_bid": "0.83", "best_ask": "0.86"}, {"asset_id": "33799186820745984796925628555218896548353763534512103584425851114581900224385", "price": "0.64", "size": "30", "side": "SELL", "hash": "b387a7d80bfadbf1d0da7f47ae229126ef5d0443", "best_bid": "0.14", "best_ask": "0.17"}], "timestamp": "1769384465658", "event_type": "price_change"}}
{"_local_timestamp": "2026-01-25T23:41:06.052991+00:00", "data": {"market": "0x9b3c3177fe473124c756b01e123b4b03e3a99880844ed8dea21b0a7879ca04aa", "price_changes": [{"asset_id": "103693433518125527001416636574099415821922498558487623412396163292963814003978", "price": "0.32", "size": "0", "side": "BUY", "hash": "2132de99804e891237720145ad0b7477a44f315f", "best_bid": "0.83", "best_ask": "0.86"}, {"asset_id": "33799186820745984796925628555218896548353763534512103584425851114581900224385", "price": "0.68", "size": "0", "side": "SELL", "hash": "34ce890a5407e20c7b1a9bf85c656fadf199187e", "best_bid": "0.14", "best_ask": "0.17"}], "timestamp": "1769384465954", "event_type": "price_change"}}
{"_local_timestamp": "2026-01-25T23:41:07.837839+00:00", "data": {"market": "0x9b3c3177fe473124c756b01e123b4b03e3a99880844ed8dea21b0a7879ca04aa", "price_changes": [{"asset_id": "33799186820745984796925628555218896548353763534512103584425851114581900224385", "price": "0.69", "size": "100", "side": "SELL", "hash": "68c1a70c5b8cdcd84f6bc3d16081676dfb8d77b1", "best_bid": "0.14", "best_ask": "0.17"}, {"asset_id": "103693433518125527001416636574099415821922498558487623412396163292963814003978", "price": "0.31", "size": "100", "side": "BUY", "hash": "583676305c5b534ee77e8cf5d6e93ad92f5c964f", "best_bid": "0.83", "best_ask": "0.86"}], "timestamp": "1769384467757", "event_type": "price_change"}}
{"_local_timestamp": "2026-01-25T23:41:08.246311+00:00", "data": {"market": "0x9b3c3177fe473124c756b01e123b4b03e3a99880844ed8dea21b0a7879ca04aa", "price_changes": [{"asset_id": "33799186820745984796925628555218896548353763534512103584425851114581900224385", "price": "0.64", "size": "129.99", "side": "SELL", "hash": "8e1726f87a2d53d5b311577a8798e9b7d13a44f1", "best_bid": "0.14", "best_ask": "0.17"}, {"asset_id": "103693433518125527001416636574099415821922498558487623412396163292963814003978", "price": "0.36", "size": "129.99", "side": "BUY", "hash": "a1c31b24bec4f0b4d90bc49c396cfa793c3339b3", "best_bid": "0.83", "best_ask": "0.86"}], "timestamp": "1769384468174", "event_type": "price_change"}}
{"_local_timestamp": "2026-01-25T23:41:08.299283+00:00", "data": {"market": "0x9b3c3177fe473124c756b01e123b4b03e3a99880844ed8dea21b0a7879ca04aa", "price_changes": [{"asset_id": "103693433518125527001416636574099415821922498558487623412396163292963814003978", "price": "0.31", "size": "0", "side": "BUY", "hash": "12705b9263fac2a962ca6fc189c0f71b4e990017", "best_bid": "0.83", "best_ask": "0.86"}, {"asset_id": "33799186820745984796925628555218896548353763534512103584425851114581900224385", "price": "0.69", "size": "0", "side": "SELL", "hash": "969f560cf69ff2389224de327884b92ef5d3c1bf", "best_bid": "0.14", "best_ask": "0.17"}], "timestamp": "1769384468218", "event_type": "price_change"}}
{"_local_timestamp": "2026-01-25T23:41:08.904281+00:00", "data": {"market": "0x9b3c3177fe473124c756b01e123b4b03e3a99880844ed8dea21b0a7879ca04aa", "price_changes": [{"asset_id": "103693433518125527001416636574099415821922498558487623412396163292963814003978", "price": "0.36", "size": "229.99", "side": "BUY", "hash": "b6f6ff6c5fffea74f702a9968310194068dce51d", "best_bid": "0.83", "best_ask": "0.86"}, {"asset_id": "33799186820745984796925628555218896548353763534512103584425851114581900224385", "price": "0.64", "size": "229.99", "side": "SELL", "hash": "4e4ffc6db23db2788ef144ffb43f1183aa284fec", "best_bid": "0.14", "best_ask": "0.17"}], "timestamp": "1769384468832", "event_type": "price_change"}}
