{"_local_timestamp": "2026-01-25T23:33:44.523769+00:00", "data": [{"market": "0x8ca781cf3463eba14e964498e90eebaf052ee43d38c9203e9a34f297df042681", "asset_id": "111109936896047563566561076155377292390307896490118479911334624816759913133425", "timestamp": "1769383987973", "hash": "fbda37940fa0f48a5f9a63f14b56e6dabe18f47b", "bids": [{"price": "0.01", "size": "3500"}, {"price": "0.02", "size": "757.22"}, {"price": "0.03", "size": "50"}, {"price": "0.04", "size": "1006.19"}, {"price": "0.05", "size": "1843.67"}, {"price": "0.07", "size": "1785.99"}, {"price": "0.08", "size": "250"}, {"price": "0.09", "size": "6.75"}, {"price": "0.11", "size": "1736.34"}, {"price": "0.12", "size": "600"}, {"price": "0.13", "size": "66.66"}, {"price": "0.15", "size": "73.33"}, {"price": "0.17", "size": "76.47"}, {"price": "0.18", "size": "66.66"}, {"price": "0.21", "size": "114.97"}, {"price": "0.23", "size": "34"}, {"price": "0.24", "size": "66.66"}], "asks": [{"price": "0.99", "size": "3109.06"}, {"price": "0.98", "size": "2950"}, {"price": "0.97", "size": "7.42"}, {"price": "0.96", "size": "250"}, {"price": "0.95", "size": "510"}, {"price": "0.92", "size": "650"}, {"price": "0.91", "size": "7.63"}, {"price": "0.88", "size": "833.33"}, {"price": "0.84", "size": "600"}, {"price": "0.8", "size": "140"}, {"price": "0.77", "size": "113.04"}, {"price": "0.76", "size": "506"}, {"price": "0.73", "size": "188.88"}, {"price": "0.72", "size": "7"}, {"price": "0.69", "size": "64.51"}, {"price": "0.66", "size": "125"}, {"price": "0.46", "size": "100"}, {"price": "0.45", "size": "23.63"}, {"price": "0.41", "size": "5.66"}, {"price": "0.4", "size": "343"}, {"price": "0.39", "size": "57.56"}, {"price": "0.35", "size": "57.56"}, {"price": "0.33", "size": "123"}, {"price": "0.32", "size": "130"}, {"price": "0.27", "size": "57.56"}, {"price": "0.26", "size": "25"}], "event_type": "book", "last_trade_price": "0.260"}, {"market": "0x8ca781cf3463eba14e964498e90eebaf052ee43d38c9203e9a34f297df042681", "asset_id": "26869015442333096125313540288946102508062634368846792903773444732328994624083", "timestamp": "1769383987973", "hash": "7910b674fdc1add0c6f4d2774e004bd7d71561d6", "bids": [{"price": "0.01", "size": "3109.06"}, {"price": "0.02", "size": "2950"}, {"price": "0.03", "size": "7.42"}, {"price": "0.04", "size": "250"}, {"price": "0.05", "size": "510"}, {"price": "0.08", "size": "650"}, {"price": "0.09", "size": "7.63"}, {"price": "0.12", "size": "833.33"}, {"price": "0.16", "size": "600"}, {"price": "0.2", "size": "140"}, {"price": "0.23", "size": "113.04"}, {"price": "0.24", "size": "506"}, {"price": "0.27", "size": "188.88"}, {"price": "0.28", "size": "7"}, {"price": "0.31", "size": "64.51"}, {"price": "0.34", "size": "125"}, {"price": "0.54", "size": "100"}, {"price": "0.55", "size": "23.63"}, {"price": "0.59", "size": "5.66"}, {"price": "0.6", "size": "343"}, {"price": "0.61", "size": "57.56"}, {"price": "0.65", "size": "57.56"}, {"price": "0.67", "size": "123"}, {"price": "0.68", "size": "130"}, {"price": "0.73", "size": "57.56"}, {"price": "0.74", "size": "25"}], "asks": [{"price": "0.99", "size": "3500"}, {"price": "0.98", "size": "757.22"}, {"price": "0.97", "size": "50"}, {"price": "0.96", "size": "1006.19"}, {"price": "0.95", "size": "1843.67"}, {"price": "0.93", "size": "1785.99"}, {"price": "0.92", "size": "250"}, {"price": "0.91", "size": "6.75"}, {"price": "0.89", "size": "1736.34"}, {"price": "0.88", "size": "600"}, {"price": "0.87", "size": "66.66"}, {"price": "0.85", "size": "73.33"}, {"price": "0.83", "size": "76.47"}, {"price": "0.82", "size": "66.66"}, {"price": "0.79", "size": "114.97"}, {"price": "0.77", "size": "34"}, {"price": "0.76", "size": "66.66"}], "event_type": "book", "last_trade_price": "0.260"}]}
{"_local_timestamp": "2026-01-25T23:35:31.428050+00:00", "data": {"market": "0x8ca781cf3463eba14e964498e90eebaf052ee43d38c9203e9a34f297df042681", "price_changes": [{"asset_id": "111109936896047563566561076155377292390307896490118479911334624816759913133425", "price": "0.23", "size": "0", "side": "BUY", "hash": "07c5ceb3257554b963b2a27c6f9284a3ef57e192", "best_bid": "0.24", "best_ask": "0.26"}, {"asset_id": "26869015442333096125313540288946102508062634368846792903773444732328994624083", "price": "0.77", "size": "0", "side": "SELL", "hash": "d25f550e06c0b4fdf34f106b8d844737fcbf75ef", "best_bid": "0.74", "best_ask": "0.76"}], "timestamp": "1769384131248", "event_type": "price_change"}}
{"_local_timestamp": "2026-01-25T23:35:33.356277+00:00", "data": {"market": "0x8ca781cf3463eba14e964498e90eebaf052ee43d38c9203e9a34f297df042681", "price_changes": [{"asset_id": "111109936896047563566561076155377292390307896490118479911334624816759913133425", "price": "0.09", "size": "0", "side": "BUY", "hash": "1d2f8872eb2e23783b7b67277475e2445723c32a", "best_bid": "0.24", "best_ask": "0.26"}, {"asset_id": "26869015442333096125313540288946102508062634368846792903773444732328994624083", "price": "0.91", "size": "0", "side": "SELL", "hash": "c85a7678341ce7d425d32fad697afcf7ac6a4ba9", "best_bid": "0.74", "best_ask": "0.76"}], "timestamp": "1769384133285", "event_type": "price_change"}}
{"_local_timestamp": "2026-01-25T23:35:36.701091+00:00", "data": {"market": "0x8ca781cf3463eba14e964498e90eebaf052ee43d38c9203e9a34f297df042681", "price_changes": [{"asset_id": "111109936896047563566561076155377292390307896490118479911334624816759913133425", "price": "0.09", "size": "6.75", "side": "BUY", "hash": "f2b15f73c0a93854d01fd2e924ca045b23687c32", "best_bid": "0.24", "best_ask": "0.26"}, {"asset_id": "26869015442333096125313540288946102508062634368846792903773444732328994624083", "price": "0.91", "size": "6.75", "side": "SELL", "hash": "f6f6518200bb1c858d687d59bb308ee0542c4c7c", "best_bid": "0.74", "best_ask": "0.76"}], "timestamp": "1769384136626", "event_type": "price_change"}}
{"_local_timestamp": "2026-01-25T23:35:40.256916+00:00", "data": {"market": "0x8ca781cf3463eba14e964498e90eebaf052ee43d38c9203e9a34f297df042681", "price_changes": [{"asset_id": "111109936896047563566561076155377292390307896490118479911334624816759913133425", "price": "0.24", "size": "0", "side": "BUY", "hash": "b20cddaca4431bf3dd5a32f84dbd951319e05a0f", "best_bid": "0.21", "best_ask": "0.26"}, {"asset_id": "26869015442333096125313540288946102508062634368846792903773444732328994624083", "price": "0.76", "size": "0", "side": "SELL", "hash": "9ef3c9f4d26e05c5dccd14fab7de250ec8b1bc0e", "best_bid": "0.74", "best_ask": "0.79"}], "timestamp": "1769384140179", "event_type": "price_change"}}
{"_local_timestamp": "2026-01-25T23:35:40.257466+00:00", "data": {"market": "0x8ca781cf3463eba14e964498e90eebaf052ee43d38c9203e9a34f297df042681", "price_changes": [{"asset_id": "26869015442333096125313540288946102508062634368846792903773444732328994624083", "price": "0.73", "size": "0", "side": "BUY", "hash": "57e381d51a6c302a395a34738b231a7a53754187", "best_bid": "0.74", "best_ask": "0.79"}, {"asset_id": "111109936896047563566561076155377292390307896490118479911334624816759913133425", "price": "0.27", "size": "0", "side": "SELL", "hash": "186dd8e55faacb6d17367061352b31eee9169c4b", "best_bid": "0.21", "best_ask": "0.26"}], "timestamp": "1769384140179", "event_type": "price_change"}}
{"_local_timestamp": "2026-01-25T23:35:40.257756+00:00", "data": {"market": "0x8ca781cf3463eba14e964498e90eebaf052ee43d38c9203e9a34f297df042681", "price_changes": [{"asset_id": "26869015442333096125313540288946102508062634368846792903773444732328994624083", "price": "0.65", "size": "0", "side": "BUY", "hash": "57e381d51a6c302a395a34738b231a7a53754187", "best_bid": "0.74", "best_ask": "0.79"}, {"asset_id": "111109936896047563566561076155377292390307896490118479911334624816759913133425", "price": "0.35", "size": "0", "side": "SELL", "hash": "186dd8e55faacb6d17367061352b31eee9169c4b", "best_bid": "0.21", "best_ask": "0.26"}], "timestamp": "1769384140179", "event_type": "price_change"}}
{"_local_timestamp": "2026-01-25T23:35:40.258584+00:00", "data": {"market": "0x8ca781cf3463eba14e964498e90eebaf052ee43d38c9203e9a34f297df042681", "price_changes": [{"asset_id": "26869015442333096125313540288946102508062634368846792903773444732328994624083", "price": "0.61", "size": "0", "side": "BUY", "hash": "57e381d51a6c302a395a34738b231a7a53754187", "best_bid": "0.74", "best_ask": "0.79"}, {"asset_id": "111109936896047563566561076155377292390307896490118479911334624816759913133425", "price": "0.39", "size": "0", "side": "SELL", "hash": "186dd8e55faacb6d17367061352b31eee9169c4b", "best_bid": "0.21", "best_ask": "0.26"}], "timestamp": "1769384140179", "event_type": "price_change"}}
{"_local_timestamp": "2026-01-25T23:35:40.982642+00:00", "data": {"market": "0x8ca781cf3463eba14e964498e90eebaf052ee43d38c9203e9a34f297df042681", "price_changes": [{"asset_id": "26869015442333096125313540288946102508062634368846792903773444732328994624083", "price": "0.35", "size": "30", "side": "BUY", "hash": "131ac4896cef7aee02abc2e341420c821f8b9fb5", "best_bid": "0.74", "best_ask": "0.79"}, {"asset_id": "111109936896047563566561076155377292390307896490118479911334624816759913133425", "price": "0.65", "size": "30", "side": "SELL", "hash": "640238895d4c9cb57bcce499c93495d1f29f5f1b", "best_bid": "0.21", "best_ask": "0.26"}], "timestamp": "1769384140900", "event_type": "price_change"}}
{"_local_timestamp": "2026-01-25T23:35:40.998417+00:00", "data": {"market": "0x8ca781cf3463eba14e964498e90eebaf052ee43d38c9203e9a34f297df042681", "price_changes": [{"asset_id": "111109936896047563566561076155377292390307896490118479911334624816759913133425", "price": "0.22", "size": "66.66", "side": "BUY", "hash": "788b99ec6a87108aedca4683590f904db5d3c122", "best_bid": "0.22", "best_ask": "0.26"}, {"asset_id": "26869015442333096125313540288946102508062634368846792903773444732328994624083", "price": "0.78", "size": "66.66", "side": "SELL", "hash": "3424b8e068ca9a78d5009ec044619eed9e085d5b", "best_bid": "0.74", "best_ask": "0.78"}], "timestamp": "1769384140911", "event_type": "price_change"}}
{"_local_timestamp": "2026-01-25T23:35:41.130882+00:00", "data": {"market": "0x8ca781cf3463eba14e964498e90eebaf052ee43d38c9203e9a34f297df042681", "price_changes": [{"asset_id": "26869015442333096125313540288946102508062634368846792903773444732328994624083", "price": "0.61", "size": "86.34", "side": "BUY", "hash": "1bbe64f5175e9d0196f5ce6db3f6756d13607f19", "best_bid": "0.74", "best_ask": "0.78"}, {"asset_id": "111109936896047563566561076155377292390307896490118479911334624816759913133425", "price": "0.39", "size": "86.34", "side": "SELL", "hash": "0856481ee2fc01662ee5c65eed835560d2780c7a", "best_bid": "0.22", "best_ask": "0.26"}], "timestamp": "1769384141049", "event_type": "price_change"}}
{"_local_timestamp": "2026-01-25T23:35:41.268092+00:00", "data": {"market": "0x8ca781cf3463eba14e964498e90eebaf052ee43d38c9203e9a34f297df042681", "price_changes": [{"asset_id": "111109936896047563566561076155377292390307896490118479911334624816759913133425", "price": "0.26", "size": "0", "side": "SELL", "hash": "b52ccbf25407f490d0d0d6f7692f5d62efe352bc", "best_bid": "0.22", "best_ask": "0.32"}, {"asset_id": "26869015442333096125313540288946102508062634368846792903773444732328994624083", "price": "0.74", "size": "0", "side": "BUY", "hash": "29156421bed908f3e2187c9aad3b03813f9ad93f", "best_bid": "0.68", "best_ask": "0.78"}], "timestamp": "1769384141180", "event_type": "price_change"}}
{"_local_timestamp": "2026-01-25T23:35:41.284234+00:00", "data": {"market": "0x8ca781cf3463eba14e964498e90eebaf052ee43d38c9203e9a34f297df042681", "price_changes": [{"asset_id": "26869015442333096125313540288946102508062634368846792903773444732328994624083", "price": "0.68", "size": "100", "side": "BUY", "hash": "f4b20dc09ae49adfc1eff17d3315acac14f6d616", "best_bid": "0.68", "best_ask": "0.78"}, {"asset_id": "111109936896047563566561076155377292390307896490118479911334624816759913133425", "price": "0.32", "size": "100", "side": "SELL", "hash": "3224cdc0f1e8eb63a04e7457efd29752e628c54c", "best_bid": "0.22", "best_ask": "0.32"}], "timestamp": "1769384141203", "event_type": "price_change"}}
{"_local_timestamp": "2026-01-25T23:35:41.287689+00:00", "data": {"market": "0x8ca781cf3463eba14e964498e90eebaf052ee43d38c9203e9a34f297df042681", "price_changes": [{"asset_id": "26869015442333096125313540288946102508062634368846792903773444732328994624083", "price": "0.67", "size": "209.34", "side": "BUY", "hash": "dd19fc234e3417b672393e72c519ccdc435cbb26", "best_bid": "0.68", "best_ask": "0.78"}, {"asset_id": "111109936896047563566561076155377292390307896490118479911334624816759913133425", "price": "0.33", "size": "209.34", "side": "SELL", "hash": "591f5308d2715eb487c85fc2c405acd4d705fad8", "best_bid": "0.22", "best_ask": "0.32"}], "timestamp": "1769384141206", "event_type": "price_change"}}
{"_local_timestamp": "2026-01-25T23:35:43.145795+00:00", "data": {"market": "0x8ca781cf3463eba14e964498e90eebaf052ee43d38c9203e9a34f297df042681", "price_changes": [{"asset_id": "26869015442333096125313540288946102508062634368846792903773444732328994624083", "price": "0.68", "size": "0", "side": "BUY", "hash": "54f67412f21eb6f6a83b72861d712a901ea9d518", "best_bid": "0.67", "best_ask": "0.78"}, {"asset_id": "111109936896047563566561076155377292390307896490118479911334624816759913133425", "price": "0.32", "size": "0", "side": "SELL", "hash": "904b5311801eeed24ddeba60c24be9acb2ce810a", "best_bid": "0.22", "best_ask": "0.33"}], "timestamp": "1769384143074", "event_type": "price_change"}}
{"_local_timestamp": "2026-01-25T23:35:43.228338+00:00", "data": {"market": "0x8ca781cf3463eba14e964498e90eebaf052ee43d38c9203e9a34f297df042681", "price_changes": [{"asset_id": "26869015442333096125313540288946102508062634368846792903773444732328994624083", "price": "0.23", "size": "0", "side": "BUY", "hash": "e458d409aa5d09be3e3ad10c2de9aa3ad0815251", "best_bid": "0.67", "best_ask": "0.78"}, {"asset_id": "111109936896047563566561076155377292390307896490118479911334624816759913133425", "price": "0.77", "size": "0", "side": "SELL", "hash": "a6294412256c34a786ef885421b246f801c30dae", "best_bid": "0.22", "best_ask": "0.33"}], "timestamp": "1769384143155", "event_type": "price_change"}}
{"_local_timestamp": "2026-01-25T23:35:43.228814+00:00", "data": {"market": "0x8ca781cf3463eba14e964498e90eebaf052ee43d38c9203e9a34f297df042681", "price_changes": [{"asset_id": "26869015442333096125313540288946102508062634368846792903773444732328994624083", "price": "0.2", "size": "0", "side": "BUY", "hash": "e458d409aa5d09be3e3ad10c2de9aa3ad0815251", "best_bid": "0.67", "best_ask": "0.78"}, {"asset_id": "111109936896047563566561076155377292390307896490118479911334624816759913133425", "price": "0.8", "size": "0", "side": "SELL", "hash": "a6294412256c34a786ef885421b246f801c30dae", "best_bid": "0.22", "best_ask": "0.33"}], "timestamp": "1769384143155", "event_type": "price_change"}}
{"_local_timestamp": "2026-01-25T23:35:43.229151+00:00", "data": {"market": "0x8ca781cf3463eba14e964498e90eebaf052ee43d38c9203e9a34f297df042681", "price_changes": [{"asset_id": "26869015442333096125313540288946102508062634368846792903773444732328994624083", "price": "0.12", "size": "550", "side": "BUY", "hash": "e458d409aa5d09be3e3ad10c2de9aa3ad0815251", "best_bid": "0.67", "best_ask": "0.78"}, {"asset_id": "111109936896047563566561076155377292390307896490118479911334624816759913133425", "price": "0.88", "size": "550", "side": "SELL", "hash": "a6294412256c34a786ef885421b246f801c30dae", "best_bid": "0.22", "best_ask": "0.33"}], "timestamp": "1769384143155", "event_type": "price_change"}}
{"_local_timestamp": "2026-01-25T23:35:43.229478+00:00", "data": {"market": "0x8ca781cf3463eba14e964498e90eebaf052ee43d38c9203e9a34f297df042681", "price_changes": [{"asset_id": "26869015442333096125313540288946102508062634368846792903773444732328994624083", "price": "0.08", "size": "200", "side": "BUY", "hash": "e458d409aa5d09be3e3ad10c2de9aa3ad0815251", "best_bid": "0.67", "best_ask": "0.78"}, {"asset_id": "111109936896047563566561076155377292390307896490118479911334624816759913133425", "price": "0.92", "size": "200", "side": "SELL", "hash": "a6294412256c34a786ef885421b246f801c30dae", "best_bid": "0.22", "best_ask": "0.33"}], "timestamp": "1769384143155", "event_type": "price_change"}}
{"_local_timestamp": "2026-01-25T23:35:43.229840+00:00", "data": {"market": "0x8ca781cf3463eba14e964498e90eebaf052ee43d38c9203e9a34f297df042681", "price_changes": [{"asset_id": "26869015442333096125313540288946102508062634368846792903773444732328994624083", "price": "0.31", "size": "0", "side": "BUY", "hash": "e458d409aa5d09be3e3ad10c2de9aa3ad0815251", "best_bid": "0.67", "best_ask": "0.78"}, {"asset_id": "111109936896047563566561076155377292390307896490118479911334624816759913133425", "price": "0.69", "size": "0", "side": "SELL", "hash": "a6294412256c34a786ef885421b246f801c30dae", "best_bid": "0.22", "best_ask": "0.33"}], "timestamp": "1769384143155", "event_type": "price_change"}}
{"_local_timestamp": "2026-01-25T23:35:43.230162+00:00", "data": {"market": "0x8ca781cf3463eba14e964498e90eebaf052ee43d38c9203e9a34f297df042681", "price_changes": [{"asset_id": "26869015442333096125313540288946102508062634368846792903773444732328994624083", "price": "0.27", "size": "100", "side": "BUY", "hash": "e458d409aa5d09be3e3ad10c2de9aa3ad0815251", "best_bid": "0.67", "best_ask": "0.78"}, {"asset_id": "111109936896047563566561076155377292390307896490118479911334624816759913133425", "price": "0.73", "size": "100", "side": "SELL", "hash": "a6294412256c34a786ef885421b246f801c30dae", "best_bid": "0.22", "best_ask": "0.33"}], "timestamp": "1769384143155", "event_type": "price_change"}}
{"_local_timestamp": "2026-01-25T23:35:43.230471+00:00", "data": {"market": "0x8ca781cf3463eba14e964498e90eebaf052ee43d38c9203e9a34f297df042681", "price_changes": [{"asset_id": "26869015442333096125313540288946102508062634368846792903773444732328994624083", "price": "0.16", "size": "400", "side": "BUY", "hash": "e458d409aa5d09be3e3ad10c2de9aa3ad0815251", "best_bid": "0.67", "best_ask": "0.78"}, {"asset_id": "111109936896047563566561076155377292390307896490118479911334624816759913133425", "price": "0.84", "size": "400", "side": "SELL", "hash": "a6294412256c34a786ef885421b246f801c30dae", "best_bid": "0.22", "best_ask": "0.33"}], "timestamp": "1769384143155", "event_type": "price_change"}}
{"_local_timestamp": "2026-01-25T23:35:43.538833+00:00", "data": {"market": "0x8ca781cf3463eba14e964498e90eebaf052ee43d38c9203e9a34f297df042681", "price_changes": [{"asset_id": "26869015442333096125313540288946102508062634368846792903773444732328994624083", "price": "0.62", "size": "100", "side": "BUY", "hash": "b926df19f621df8bf8b69615fc9a7d61e90173c4", "best_bid": "0.67", "best_ask": "0.78"}, {"asset_id": "111109936896047563566561076155377292390307896490118479911334624816759913133425", "price": "0.38", "size": "100", "side": "SELL", "hash": "3c071a508fd8512f035b56c7139c9eace96f6b2a", "best_bid": "0.22", "best_ask": "0.33"}], "timestamp": "1769384143472", "event_type": "price_change"}}
{"_local_timestamp": "2026-01-25T23:35:43.547655+00:00", "data": {"market": "0x8ca781cf3463eba14e964498e90eebaf052ee43d38c9203e9a34f297df042681", "price_changes": [{"asset_id": "111109936896047563566561076155377292390307896490118479911334624816759913133425", "price": "0.23", "size": "100", "side": "BUY", "hash": "9338881d9e2ada08e6d83709b800cd83e49d5b42", "best_bid": "0.23", "best_ask": "0.33"}, {"asset_id": "26869015442333096125313540288946102508062634368846792903773444732328994624083", "price": "0.77", "size": "100", "side": "SELL", "hash": "0fb41b40c1ba56cb7d5a254a11ba837a85a9f9df", "best_bid": "0.67", "best_ask": "0.77"}], "timestamp": "1769384143476", "event_type": "price_change"}}
{"_local_timestamp": "2026-01-25T23:35:43.690726+00:00", "data": {"market": "0x8ca781cf3463eba14e964498e90eebaf052ee43d38c9203e9a34f297df042681", "price_changes": [{"asset_id": "26869015442333096125313540288946102508062634368846792903773444732328994624083", "price": "0.31", "size": "64.51", "side": "BUY", "hash": "4f41626cd96c6c3ca45529fd4e15c3190b76ad88", "best_bid": "0.67", "best_ask": "0.77"}, {"asset_id": "111109936896047563566561076155377292390307896490118479911334624816759913133425", "price": "0.69", "size": "64.51", "side": "SELL", "hash": "a22c4d6fc33edfd5be929a8bb9c4c6973c79444f", "best_bid": "0.23", "best_ask": "0.33"}], "timestamp": "1769384143620", "event_type": "price_change"}}
{"_local_timestamp": "2026-01-25T23:35:43.742953+00:00", "data": {"market": "0x8ca781cf3463eba14e964498e90eebaf052ee43d38c9203e9a34f297df042681", "price_changes": [{"asset_id": "26869015442333096125313540288946102508062634368846792903773444732328994624083", "price": "0.27", "size": "188.88", "side": "BUY", "hash": "0c2054b82e1050b1417e734c28cbfb7ca109a083", "best_bid": "0.67", "best_ask": "0.77"}, {"asset_id": "111109936896047563566561076155377292390307896490118479911334624816759913133425", "price": "0.73", "size": "188.88", "side": "SELL", "hash": "3709d62e55324a35cd34b703710b26c1d7b1ca0b", "best_bid": "0.23", "best_ask": "0.33"}], "timestamp": "1769384143674", "event_type": "price_change"}}
{"_local_timestamp": "2026-01-25T23:35:43.799763+00:00", "data": {"market": "0x8ca781cf3463eba14e964498e90eebaf052ee43d38c9203e9a34f297df042681", "price_changes": [{"asset_id": "26869015442333096125313540288946102508062634368846792903773444732328994624083", "price": "0.23", "size": "113.04", "side": "BUY", "hash": "6ef8b3220174702b2df20b61983b983c2e5f87bc", "best_bid": "0.67", "best_ask": "0.77"}, {"asset_id": "111109936896047563566561076155377292390307896490118479911334624816759913133425", "price": "0.77", "size": "113.04", "side": "SELL", "hash": "d685dcc36f5a807438a98834b02bdff4ba98e585", "best_bid": "0.23", "best_ask": "0.33"}], "timestamp": "1769384143729", "event_type": "price_change"}}
{"_local_timestamp": "2026-01-25T23:35:43.854702+00:00", "data": {"market": "0x8ca781cf3463eba14e964498e90eebaf052ee43d38c9203e9a34f297df042681", "price_changes": [{"asset_id": "26869015442333096125313540288946102508062634368846792903773444732328994624083", "price": "0.19", "size": "147.36", "side": "BUY", "hash": "b6ab01f55fd2d5aed1c3bb64ee0094bb8ddae30b", "best_bid": "0.67", "best_ask": "0.77"}, {"asset_id": "111109936896047563566561076155377292390307896490118479911334624816759913133425", "price": "0.81", "size": "147.36", "side": "SELL", "hash": "93274220b470a502927d8489eccdc0afe918f00a", "best_bid": "0.23", "best_ask": "0.33"}], "timestamp": "1769384143786", "event_type": "price_change"}}
{"_local_timestamp": "2026-01-25T23:35:43.926768+00:00", "data": {"market": "0x8ca781cf3463eba14e964498e90eebaf052ee43d38c9203e9a34f297df042681", "price_changes": [{"asset_id": "26869015442333096125313540288946102508062634368846792903773444732328994624083", "price": "0.15", "size": "213.33", "side": "BUY", "hash": "89c5b3370035fead13ddb9071984bb48c72b24a7", "best_bid": "0.67", "best_ask": "0.77"}, {"asset_id": "111109936896047563566561076155377292390307896490118479911334624816759913133425", "price": "0.85", "size": "213.33", "side": "SELL", "hash": "626cb88c22e6e7dd766dd3eb429b50a86ba40af6", "best_bid": "0.23", "best_ask": "0.33"}], "timestamp": "1769384143850", "event_type": "price_change"}}
{"_local_timestamp": "2026-01-25T23:35:43.976165+00:00", "data": {"market": "0x8ca781cf3463eba14e964498e90eebaf052ee43d38c9203e9a34f297df042681", "price_changes": [{"asset_id": "26869015442333096125313540288946102508062634368846792903773444732328994624083", "price": "0.12", "size": "833.33", "side": "BUY", "hash": "480a2303fc82c050438ea9a07cfd9966a46c86ed", "best_bid": "0.67", "best_ask": "0.77"}, {"asset_id": "111109936896047563566561076155377292390307896490118479911334624816759913133425", "price": "0.88", "size": "833.33", "side": "SELL", "hash": "deccd0d994ca6cd1c61a0b6edf049133b5a8e1b7", "best_bid": "0.23", "best_ask": "0.33"}], "timestamp": "1769384143902", "event_type": "price_change"}}
{"_local_timestamp": "2026-01-25T23:35:44.043582+00:00", "data": {"market": "0x8ca781cf3463eba14e964498e90eebaf052ee43d38c9203e9a34f297df042681", "price_changes": [{"asset_id": "26869015442333096125313540288946102508062634368846792903773444732328994624083", "price": "0.08", "size": "650", "side": "BUY", "hash": "a7c0b1cf1d43f0d1fe32806a99f34dd53fd8e203", "best_bid": "0.67", "best_ask": "0.77"}, {"asset_id": "111109936896047563566561076155377292390307896490118479911334624816759913133425", "price": "0.92", "size": "650", "side": "SELL", "hash": "a8955a1dffab8c5f002366ab4746cd619f504a4b", "best_bid": "0.23", "best_ask": "0.33"}], "timestamp": "1769384143971", "event_type": "price_change"}}
{"_local_timestamp": "2026-01-25T23:35:46.827689+00:00", "data": {"market": "0x8ca781cf3463eba14e964498e90eebaf052ee43d38c9203e9a34f297df042681", "price_changes": [{"asset_id": "26869015442333096125313540288946102508062634368846792903773444732328994624083", "price": "0.63", "size": "30", "side": "BUY", "hash": "c45787a2545d0bbe85fb2ec281b9281f597d657c", "best_bid": "0.67", "best_ask": "0.77"}, {"asset_id": "111109936896047563566561076155377292390307896490118479911334624816759913133425", "price": "0.37", "size": "30", "side": "SELL", "hash": "28292451ed45fafbae0299f1788cfc8e42668afc", "best_bid": "0.23", "best_ask": "0.33"}], "timestamp": "1769384146733", "event_type": "price_change"}}
{"_local_timestamp": "2026-01-25T23:35:47.103437+00:00", "data": {"market": "0x8ca781cf3463eba14e964498e90eebaf052ee43d38c9203e9a34f297df042681", "price_changes": [{"asset_id": "26869015442333096125313540288946102508062634368846792903773444732328994624083", "price": "0.35", "size": "0", "side": "BUY", "hash": "354fc16dfeb2e63cb07489920269435279288cb4", "best_bid": "0.67", "best_ask": "0.77"}, {"asset_id": "111109936896047563566561076155377292390307896490118479911334624816759913133425", "price": "0.65", "size": "0", "side": "SELL", "hash": "bc3c00096d112d9cc2643a6fb3b74cabf36d86f3", "best_bid": "0.23", "best_ask": "0.33"}], "timestamp": "1769384147029", "event_type": "price_change"}}
{"_local_timestamp": "2026-01-25T23:35:56.217133+00:00", "data": {"market": "0x8ca781cf3463eba14e964498e90eebaf052ee43d38c9203e9a34f297df042681", "price_changes": [{"asset_id": "111109936896047563566561076155377292390307896490118479911334624816759913133425", "price": "0.32", "size": "25", "side": "SELL", "hash": "0cc9d4e8719d44e70277e78941807a9f762f8830", "best_bid": "0.23", "best_ask": "0.32"}, {"asset_id": "26869015442333096125313540288946102508062634368846792903773444732328994624083", "price": "0.68", "size": "25", "side": "BUY", "hash": "75093e54a933d3e67ea35626d4a5e8ce00d52bc2", "best_bid": "0.68", "best_ask": "0.77"}], "timestamp": "1769384156141", "event_type": "price_change"}}
{"_local_timestamp": "2026-01-25T23:36:34.087329+00:00", "data": {"market": "0x8ca781cf3463eba14e964498e90eebaf052ee43d38c9203e9a34f297df042681", "price_changes": [{"asset_id": "111109936896047563566561076155377292390307896490118479911334624816759913133425", "price": "0.24", "size": "37", "side": "BUY", "hash": "c0cf06614eab6ca65fe032dc4b88e093936954d7", "best_bid": "0.24", "best_ask": "0.32"}, {"asset_id": "26869015442333096125313540288946102508062634368846792903773444732328994624083", "price": "0.76", "size": "37", "side": "SELL", "hash": "eb66aa46710f1e6c10237210268d7cc3a5cc94cf", "best_bid": "0.68", "best_ask": "0.76"}], "timestamp": "1769384193981", "event_type": "price_change"}}
{"_local_timestamp": "2026-01-25T23:36:37.797343+00:00", "data": {"market": "0x8ca781cf3463eba14e964498e90eebaf052ee43d38c9203e9a34f297df042681", "price_changes": [{"asset_id": "111109936896047563566561076155377292390307896490118479911334624816759913133425", "price": "0.23", "size": "0", "side": "BUY", "hash": "26890efebcbb246d9472c49ce6c05685f09fa0e0", "best_bid": "0.24", "best_ask": "0.32"}, {"asset_id": "26869015442333096125313540288946102508062634368846792903773444732328994624083", "price": "0.77", "size": "0", "side": "SELL", "hash": "6f6d8c906452317fa516187ce16f09c3c54897f6", "best_bid": "0.68", "best_ask": "0.76"}], "timestamp": "1769384197711", "event_type": "price_change"}}
{"_local_timestamp": "2026-01-25T23:36:38.379790+00:00", "data": {"market": "0x8ca781cf3463eba14e964498e90eebaf052ee43d38c9203e9a34f297df042681", "price_changes": [{"asset_id": "111109936896047563566561076155377292390307896490118479911334624816759913133425", "price": "0.25", "size": "100", "side": "BUY", "hash": "361f6ae1030b61458e8810222d2358af5a83fd06", "best_bid": "0.25", "best_ask": "0.32"}, {"asset_id": "26869015442333096125313540288946102508062634368846792903773444732328994624083", "price": "0.75", "size": "100", "side": "SELL", "hash": "27c2388d3d349974c16d9c7059836cb9ac9fad08", "best_bid": "0.68", "best_ask": "0.75"}], "timestamp": "1769384198308", "event_type": "price_change"}}
{"_local_timestamp": "2026-01-25T23:36:38.405096+00:00", "data": {"market": "0x8ca781cf3463eba14e964498e90eebaf052ee43d38c9203e9a34f297df042681", "price_changes": [{"asset_id": "26869015442333096125313540288946102508062634368846792903773444732328994624083", "price": "0.08", "size": "200", "side": "BUY", "hash": "23d56f80da169dc9f8776af819f929d9b98a08d4", "best_bid": "0.68", "best_ask": "0.75"}, {"asset_id": "111109936896047563566561076155377292390307896490118479911334624816759913133425", "price": "0.92", "size": "200", "side": "SELL", "hash": "5134b2cfc3903f7835d08351a5310d5152dbfde5", "best_bid": "0.25", "best_ask": "0.32"}], "timestamp": "1769384198338", "event_type": "price_change"}}
{"_local_timestamp": "2026-01-25T23:36:38.405568+00:00", "data": {"market": "0x8ca781cf3463eba14e964498e90eebaf052ee43d38c9203e9a34f297df042681", "price_changes": [{"asset_id": "26869015442333096125313540288946102508062634368846792903773444732328994624083", "price": "0.12", "size": "550", "side": "BUY", "hash": "23d56f80da169dc9f8776af819f929d9b98a08d4", "best_bid": "0.68", "best_ask": "0.75"}, {"asset_id": "111109936896047563566561076155377292390307896490118479911334624816759913133425", "price": "0.88", "size": "550", "side": "SELL", "hash": "5134b2cfc3903f7835d08351a5310d5152dbfde5", "best_bid": "0.25", "best_ask": "0.32"}], "timestamp": "1769384198338", "event_type": "price_change"}}
{"_local_timestamp": "2026-01-25T23:36:38.415776+00:00", "data": {"market": "0x8ca781cf3463eba14e964498e90eebaf052ee43d38c9203e9a34f297df042681", "price_changes": [{"asset_id": "26869015442333096125313540288946102508062634368846792903773444732328994624083", "price": "0.23", "size": "0", "side": "BUY", "hash": "23d56f80da169dc9f8776af819f929d9b98a08d4", "best_bid": "0.68", "best_ask": "0.75"}, {"asset_id": "111109936896047563566561076155377292390307896490118479911334624816759913133425", "price": "0.77", "size": "0", "side": "SELL", "hash": "5134b2cfc3903f7835d08351a5310d5152dbfde5", "best_bid": "0.25", "best_ask": "0.32"}], "timestamp": "1769384198338", "event_type": "price_change"}}
{"_local_timestamp": "2026-01-25T23:36:38.419874+00:00", "data": {"market": "0x8ca781cf3463eba14e964498e90eebaf052ee43d38c9203e9a34f297df042681", "price_changes": [{"asset_id": "26869015442333096125313540288946102508062634368846792903773444732328994624083", "price": "0.15", "size": "0", "side": "BUY", "hash": "23d56f80da169dc9f8776af819f929d9b98a08d4", "best_bid": "0.68", "best_ask": "0.75"}, {"asset_id": "111109936896047563566561076155377292390307896490118479911334624816759913133425", "price": "0.85", "size": "0", "side": "SELL", "hash": "5134b2cfc3903f7835d08351a5310d5152dbfde5", "best_bid": "0.25", "best_ask": "0.32"}], "timestamp": "1769384198338", "event_type": "price_change"}}
{"_local_timestamp": "2026-01-25T23:36:38.420319+00:00", "data": {"market": "0x8ca781cf3463eba14e964498e90eebaf052ee43d38c9203e9a34f297df042681", "price_changes": [{"asset_id": "26869015442333096125313540288946102508062634368846792903773444732328994624083", "price": "0.31", "size": "0", "side": "BUY", "hash": "23d56f80da169dc9f8776af819f929d9b98a08d4", "best_bid": "0.68", "best_ask": "0.75"}, {"asset_id": "111109936896047563566561076155377292390307896490118479911334624816759913133425", "price": "0.69", "size": "0", "side": "SELL", "hash": "5134b2cfc3903f7835d08351a5310d5152dbfde5", "best_bid": "0.25", "best_ask": "0.32"}], "timestamp": "1769384198338", "event_type": "price_change"}}
{"_local_timestamp": "2026-01-25T23:36:38.420742+00:00", "data": {"market": "0x8ca781cf3463eba14e964498e90eebaf052ee43d38c9203e9a34f297df042681", "price_changes": [{"asset_id": "26869015442333096125313540288946102508062634368846792903773444732328994624083", "price": "0.19", "size": "0", "side": "BUY", "hash": "23d56f80da169dc9f8776af819f929d9b98a08d4", "best_bid": "0.68", "best_ask": "0.75"}, {"asset_id": "111109936896047563566561076155377292390307896490118479911334624816759913133425", "price": "0.81", "size": "0", "side": "SELL", "hash": "5134b2cfc3903f7835d08351a5310d5152dbfde5", "best_bid": "0.25", "best_ask": "0.32"}], "timestamp": "1769384198338", "event_type": "price_change"}}
{"_local_timestamp": "2026-01-25T23:36:38.421194+00:00", "data": {"market": "0x8ca781cf3463eba14e964498e90eebaf052ee43d38c9203e9a34f297df042681", "price_changes": [{"asset_id": "26869015442333096125313540288946102508062634368846792903773444732328994624083", "price": "0.27", "size": "100", "side": "BUY", "hash": "23d56f80da169dc9f8776af819f929d9b98a08d4", "best_bid": "0.68", "best_ask": "0.75"}, {"asset_id": "111109936896047563566561076155377292390307896490118479911334624816759913133425", "price": "0.73", "size": "100", "side": "SELL", "hash": "5134b2cfc3903f7835d08351a5310d5152dbfde5", "best_bid": "0.25", "best_ask": "0.32"}], "timestamp": "1769384198338", "event_type": "price_change"}}
{"_local_timestamp": "2026-01-25T23:36:38.449542+00:00", "data": {"market": "0x8ca781cf3463eba14e964498e90eebaf052ee43d38c9203e9a34f297df042681", "price_changes": [{"asset_id": "26869015442333096125313540288946102508062634368846792903773444732328994624083", "price": "0.3", "size": "66.66", "side": "BUY", "hash": "dcc3ba6307ca28e2b8de68ccdb978138b6d52e22", "best_bid": "0.68", "best_ask": "0.75"}, {"asset_id": "111109936896047563566561076155377292390307896490118479911334624816759913133425", "price": "0.7", "size": "66.66", "side": "SELL", "hash": "7d13a44cb3efa991c11c0b078e9d5a6d8f7a59de", "best_bid": "0.25", "best_ask": "0.32"}], "timestamp": "1769384198376", "event_type": "price_change"}}
{"_local_timestamp": "2026-01-25T23:36:38.491161+00:00", "data": {"market": "0x8ca781cf3463eba14e964498e90eebaf052ee43d38c9203e9a34f297df042681", "price_changes": [{"asset_id": "26869015442333096125313540288946102508062634368846792903773444732328994624083", "price": "0.26", "size": "92.3", "side": "BUY", "hash": "3c48113a46eab3aa30be40d10b8b9c4baffbc45a", "best_bid": "0.68", "best_ask": "0.75"}, {"asset_id": "111109936896047563566561076155377292390307896490118479911334624816759913133425", "price": "0.74", "size": "92.3", "side": "SELL", "hash": "db83d89243209f6f5f0559646dea9099ea6d3a2d", "best_bid": "0.25", "best_ask": "0.32"}], "timestamp": "1769384198422", "event_type": "price_change"}}
{"_local_timestamp": "2026-01-25T23:36:38.540618+00:00", "data": {"market": "0x8ca781cf3463eba14e964498e90eebaf052ee43d38c9203e9a34f297df042681", "price_changes": [{"asset_id": "26869015442333096125313540288946102508062634368846792903773444732328994624083", "price": "0.23", "size": "113.04", "side": "BUY", "hash": "5af292445b1a0d6b984be4174707299e54208065", "best_bid": "0.68", "best_ask": "0.75"}, {"asset_id": "111109936896047563566561076155377292390307896490118479911334624816759913133425", "price": "0.77", "size": "113.04", "side": "SELL", "hash": "fa013765853565b5c372a2ab17a5714dd9bf981a", "best_bid": "0.25", "best_ask": "0.32"}], "timestamp": "1769384198464", "event_type": "price_change"}}
{"_local_timestamp": "2026-01-25T23:36:38.571565+00:00", "data": {"market": "0x8ca781cf3463eba14e964498e90eebaf052ee43d38c9203e9a34f297df042681", "price_changes": [{"asset_id": "26869015442333096125313540288946102508062634368846792903773444732328994624083", "price": "0.19", "size": "147.36", "side": "BUY", "hash": "d674d42429ac103a0a3be6fbbbf9b31f924e3d7c", "best_bid": "0.68", "best_ask": "0.75"}, {"asset_id": "111109936896047563566561076155377292390307896490118479911334624816759913133425", "price": "0.81", "size": "147.36", "side": "SELL", "hash": "38e0b5f643c02baf44c1dc2ad3c32329de936f35", "best_bid": "0.25", "best_ask": "0.32"}], "timestamp": "1769384198504", "event_type": "price_change"}}
{"_local_timestamp": "2026-01-25T23:36:38.632033+00:00", "data": {"market": "0x8ca781cf3463eba14e964498e90eebaf052ee43d38c9203e9a34f297df042681", "price_changes": [{"asset_id": "26869015442333096125313540288946102508062634368846792903773444732328994624083", "price": "0.15", "size": "213.33", "side": "BUY", "hash": "b80209f67ce43240b72cd7f638d4c867d65a580d", "best_bid": "0.68", "best_ask": "0.75"}, {"asset_id": "111109936896047563566561076155377292390307896490118479911334624816759913133425", "price": "0.85", "size": "213.33", "side": "SELL", "hash": "bda4a82f5409a486f4bb443bc00a603e70b3dc6a", "best_bid": "0.25", "best_ask": "0.32"}], "timestamp": "1769384198545", "event_type": "price_change"}}
{"_local_timestamp": "2026-01-25T23:36:38.650702+00:00", "data": {"market": "0x8ca781cf3463eba14e964498e90eebaf052ee43d38c9203e9a34f297df042681", "price_changes": [{"asset_id": "26869015442333096125313540288946102508062634368846792903773444732328994624083", "price": "0.11", "size": "309.09", "side": "BUY", "hash": "8efd56d6084a296887c12be937b8467e667a2ecd", "best_bid": "0.68", "best_ask": "0.75"}, {"asset_id": "111109936896047563566561076155377292390307896490118479911334624816759913133425", "price": "0.89", "size": "309.09", "side": "SELL", "hash": "f884fd06789500f1a104bf0aa6acd27e4c258291", "best_bid": "0.25", "best_ask": "0.32"}], "timestamp": "1769384198583", "event_type": "price_change"}}
{"_local_timestamp": "2026-01-25T23:36:38.701804+00:00", "data": {"market": "0x8ca781cf3463eba14e964498e90eebaf052ee43d38c9203e9a34f297df042681", "price_changes": [{"asset_id": "26869015442333096125313540288946102508062634368846792903773444732328994624083", "price": "0.07", "size": "514.28", "side": "BUY", "hash": "a00783dd66042a7944a397e2c0ce890b410dd0ad", "best_bid": "0.68", "best_ask": "0.75"}, {"asset_id": "111109936896047563566561076155377292390307896490118479911334624816759913133425", "price": "0.93", "size": "514.28", "side": "SELL", "hash": "f5cb25476bef55bc2a50eb905469fc8bd93a7960", "best_bid": "0.25", "best_ask": "0.32"}], "timestamp": "1769384198623", "event_type": "price_change"}}
{"_local_timestamp": "2026-01-25T23:37:23.940017+00:00", "data": {"market": "0x8ca781cf3463eba14e964498e90eebaf052ee43d38c9203e9a34f297df042681", "price_changes": [{"asset_id": "26869015442333096125313540288946102508062634368846792903773444732328994624083", "price": "0.27", "size": "50", "side": "BUY", "hash": "32fd7077bc9e859e5cce112ede1268e69f535184", "best_bid": "0.68", "best_ask": "0.75"}, {"asset_id": "111109936896047563566561076155377292390307896490118479911334624816759913133425", "price": "0.73", "size": "50", "side": "SELL", "hash": "18f6d4783e89183d3f67ed7e3377ed7c7e6e6ad7", "best_bid": "0.25", "best_ask": "0.32"}], "timestamp": "1769384243850", "event_type": "price_change"}}
{"_local_timestamp": "2026-01-25T23:37:24.196522+00:00", "data": {"market": "0x8ca781cf3463eba14e964498e90eebaf052ee43d38c9203e9a34f297df042681", "price_changes": [{"asset_id": "26869015442333096125313540288946102508062634368846792903773444732328994624083", "price": "0.26", "size": "142.3", "side": "BUY", "hash": "9076fd4bf536ec18bff107d7677bd54cbe007bbe", "best_bid": "0.68", "best_ask": "0.75"}, {"asset_id": "111109936896047563566561076155377292390307896490118479911334624816759913133425", "price": "0.74", "size": "142.3", "side": "SELL", "hash": "dfecb0b2db60a651475c8f220ec09e92f94b2f3e", "best_bid": "0.25", "best_ask": "0.32"}], "timestamp": "1769384244103", "event_type": "price_change"}}
{"_local_timestamp": "2026-01-25T23:38:17.101310+00:00", "data": {"market": "0x8ca781cf3463eba14e964498e90eebaf052ee43d38c9203e9a34f297df042681", "price_changes": [{"asset_id": "26869015442333096125313540288946102508062634368846792903773444732328994624083", "price": "0.68", "size": "80.88", "side": "BUY", "hash": "817e7f70ad78a541a023266207e06cb233d56aa1", "best_bid": "0.68", "best_ask": "0.75"}, {"asset_id": "111109936896047563566561076155377292390307896490118479911334624816759913133425", "price": "0.32", "size": "80.88", "side": "SELL", "hash": "a4e11280809cd8d5175b4d7f3c4be5e02bace6b2", "best_bid": "0.25", "best_ask": "0.32"}], "timestamp": "1769384297009", "event_type": "price_change"}}
{"_local_timestamp": "2026-01-25T23:38:21.753083+00:00", "data": {"market": "0x8ca781cf3463eba14e964498e90eebaf052ee43d38c9203e9a34f297df042681", "price_changes": [{"asset_id": "26869015442333096125313540288946102508062634368846792903773444732328994624083", "price": "0.62", "size": "0", "side": "BUY", "hash": "040c8c1a54875f88efaf3897399b3726d44b905f", "best_bid": "0.68", "best_ask": "0.75"}, {"asset_id": "111109936896047563566561076155377292390307896490118479911334624816759913133425", "price": "0.38", "size": "0", "side": "SELL", "hash": "11fe62de0bda3f6333a1dcc269ff1795166a9281", "best_bid": "0.25", "best_ask": "0.32"}], "timestamp": "1769384301684", "event_type": "price_change"}}
{"_local_timestamp": "2026-01-25T23:38:22.380848+00:00", "data": {"market": "0x8ca781cf3463eba14e964498e90eebaf052ee43d38c9203e9a34f297df042681", "price_changes": [{"asset_id": "26869015442333096125313540288946102508062634368846792903773444732328994624083", "price": "0.69", "size": "100", "side": "BUY", "hash": "00313fe6a74f0467282ef4d7795e5cf21adad860", "best_bid": "0.69", "best_ask": "0.75"}, {"asset_id": "111109936896047563566561076155377292390307896490118479911334624816759913133425", "price": "0.31", "size": "100", "side": "SELL", "hash": "5ca0d2cbbc44012efba80cb1e6a2d726daeecafc", "best_bid": "0.25", "best_ask": "0.31"}], "timestamp": "1769384302306", "event_type": "price_change"}}
{"_local_timestamp": "2026-01-25T23:38:22.573621+00:00", "data": {"market": "0x8ca781cf3463eba14e964498e90eebaf052ee43d38c9203e9a34f297df042681", "price_changes": [{"asset_id": "26869015442333096125313540288946102508062634368846792903773444732328994624083", "price": "0.69", "size": "130", "side": "BUY", "hash": "4a8a3a3cc776542e00ca1c71072a54c434b06448", "best_bid": "0.69", "best_ask": "0.75"}, {"asset_id": "111109936896047563566561076155377292390307896490118479911334624816759913133425", "price": "0.31", "size": "130", "side": "SELL", "hash": "86a5bab3ba61f57facd0e601036299fc3754a90b", "best_bid": "0.25", "best_ask": "0.31"}], "timestamp": "1769384302498", "event_type": "price_change"}}
{"_local_timestamp": "2026-01-25T23:38:22.913922+00:00", "data": {"market": "0x8ca781cf3463eba14e964498e90eebaf052ee43d38c9203e9a34f297df042681", "price_changes": [{"asset_id": "26869015442333096125313540288946102508062634368846792903773444732328994624083", "price": "0.63", "size": "0", "side": "BUY", "hash": "ddf2999207f25ea16b605b1bd0761ead479ae276", "best_bid": "0.69", "best_ask": "0.75"}, {"asset_id": "111109936896047563566561076155377292390307896490118479911334624816759913133425", "price": "0.37", "size": "0", "side": "SELL", "hash": "00879c0f0dd497faf8ea87493d7dc90c9377d3f3", "best_bid": "0.25", "best_ask": "0.31"}], "timestamp": "1769384302841", "event_type": "price_change"}}
{"_local_timestamp": "2026-01-25T23:38:26.332421+00:00", "data": {"market": "0x8ca781cf3463eba14e964498e90eebaf052ee43d38c9203e9a34f297df042681", "price_changes": [{"asset_id": "26869015442333096125313540288946102508062634368846792903773444732328994624083", "price": "0.67", "size": "123", "side": "BUY", "hash": "c145f5d249552a5ecfeff59970cae968f268530a", "best_bid": "0.69", "best_ask": "0.75"}, {"asset_id": "111109936896047563566561076155377292390307896490118479911334624816759913133425", "price": "0.33", "size": "123", "side": "SELL", "hash": "c26fb8bee24e4e95cebba251d853db3ca911edd1", "best_bid": "0.25", "best_ask": "0.31"}], "timestamp": "1769384306260", "event_type": "price_change"}}
{"_local_timestamp": "2026-01-25T23:38:26.333023+00:00", "data": {"market": "0x8ca781cf3463eba14e964498e90eebaf052ee43d38c9203e9a34f297df042681", "price_changes": [{"asset_id": "26869015442333096125313540288946102508062634368846792903773444732328994624083", "price": "0.61", "size": "0", "side": "BUY", "hash": "c145f5d249552a5ecfeff59970cae968f268530a", "best_bid": "0.69", "best_ask": "0.75"}, {"asset_id": "111109936896047563566561076155377292390307896490118479911334624816759913133425", "price": "0.39", "size": "0", "side": "SELL", "hash": "c26fb8bee24e4e95cebba251d853db3ca911edd1", "best_bid": "0.25", "best_ask": "0.31"}], "timestamp": "1769384306260", "event_type": "price_change"}}
{"_local_timestamp": "2026-01-25T23:38:26.340253+00:00", "data": {"market": "0x8ca781cf3463eba14e964498e90eebaf052ee43d38c9203e9a34f297df042681", "price_changes": [{"asset_id": "111109936896047563566561076155377292390307896490118479911334624816759913133425", "price": "0.22", "size": "0", "side": "BUY", "hash": "e2a92e01ea5dd1adca998e6e1946df56c2c8a197", "best_bid": "0.25", "best_ask": "0.31"}, {"asset_id": "26869015442333096125313540288946102508062634368846792903773444732328994624083", "price": "0.78", "size": "0", "side": "SELL", "hash": "0516e0e37d87946be3f30a1c01533cee90bd9648", "best_bid": "0.69", "best_ask": "0.75"}], "timestamp": "1769384306261", "event_type": "price_change"}}
{"_local_timestamp": "2026-01-25T23:38:26.345317+00:00", "data": {"market": "0x8ca781cf3463eba14e964498e90eebaf052ee43d38c9203e9a34f297df042681", "price_changes": [{"asset_id": "111109936896047563566561076155377292390307896490118479911334624816759913133425", "price": "0.18", "size": "0", "side": "BUY", "hash": "e2a92e01ea5dd1adca998e6e1946df56c2c8a197", "best_bid": "0.25", "best_ask": "0.31"}, {"asset_id": "26869015442333096125313540288946102508062634368846792903773444732328994624083", "price": "0.82", "size": "0", "side": "SELL", "hash": "0516e0e37d87946be3f30a1c01533cee90bd9648", "best_bid": "0.69", "best_ask": "0.75"}], "timestamp": "1769384306261", "event_type": "price_change"}}
{"_local_timestamp": "2026-01-25T23:38:26.345825+00:00", "data": {"market": "0x8ca781cf3463eba14e964498e90eebaf052ee43d38c9203e9a34f297df042681", "price_changes": [{"asset_id": "111109936896047563566561076155377292390307896490118479911334624816759913133425", "price": "0.13", "size": "0", "side": "BUY", "hash": "e2a92e01ea5dd1adca998e6e1946df56c2c8a197", "best_bid": "0.25", "best_ask": "0.31"}, {"asset_id": "26869015442333096125313540288946102508062634368846792903773444732328994624083", "price": "0.87", "size": "0", "side": "SELL", "hash": "0516e0e37d87946be3f30a1c01533cee90bd9648", "best_bid": "0.69", "best_ask": "0.75"}], "timestamp": "1769384306261", "event_type": "price_change"}}
{"_local_timestamp": "2026-01-25T23:38:27.038017+00:00", "data": {"market": "0x8ca781cf3463eba14e964498e90eebaf052ee43d38c9203e9a34f297df042681", "price_changes": [{"asset_id": "26869015442333096125313540288946102508062634368846792903773444732328994624083", "price": "0.61", "size": "57.56", "side": "BUY", "hash": "cdd2cac90780c7764349dd1fe59b5f3421717416", "best_bid": "0.69", "best_ask": "0.75"}, {"asset_id": "111109936896047563566561076155377292390307896490118479911334624816759913133425", "price": "0.39", "size": "57.56", "side": "SELL", "hash": "2021918b5b3aa12a9024cc7addf0e4105e1aa69f", "best_bid": "0.25", "best_ask": "0.31"}], "timestamp": "1769384306945", "event_type": "price_change"}}
{"_local_timestamp": "2026-01-25T23:38:27.068471+00:00", "data": {"market": "0x8ca781cf3463eba14e964498e90eebaf052ee43d38c9203e9a34f297df042681", "price_changes": [{"asset_id": "26869015442333096125313540288946102508062634368846792903773444732328994624083", "price": "0.65", "size": "57.56", "side": "BUY", "hash": "b84118369697e53f6d6501bbef41f2a315fae157", "best_bid": "0.69", "best_ask": "0.75"}, {"asset_id": "111109936896047563566561076155377292390307896490118479911334624816759913133425", "price": "0.35", "size": "57.56", "side": "SELL", "hash": "fe1e2fe7ab0ea236f1c8bc9043b38ed6be69519c", "best_bid": "0.25", "best_ask": "0.31"}], "timestamp": "1769384306998", "event_type": "price_change"}}
{"_local_timestamp": "2026-01-25T23:38:27.121754+00:00", "data": {"market": "0x8ca781cf3463eba14e964498e90eebaf052ee43d38c9203e9a34f297df042681", "price_changes": [{"asset_id": "111109936896047563566561076155377292390307896490118479911334624816759913133425", "price": "0.19", "size": "100", "side": "BUY", "hash": "0d2b2a4988edc5d4398eef34f97592c21da04956", "best_bid": "0.25", "best_ask": "0.31"}, {"asset_id": "26869015442333096125313540288946102508062634368846792903773444732328994624083", "price": "0.81", "size": "100", "side": "SELL", "hash": "6bbd51d4e567142ef557220c30c5eb53133f65ca", "best_bid": "0.69", "best_ask": "0.75"}], "timestamp": "1769384307009", "event_type": "price_change"}}
{"_local_timestamp": "2026-01-25T23:38:27.179506+00:00", "data": {"market": "0x8ca781cf3463eba14e964498e90eebaf052ee43d38c9203e9a34f297df042681", "price_changes": [{"asset_id": "26869015442333096125313540288946102508062634368846792903773444732328994624083", "price": "0.7", "size": "57.56", "side": "BUY", "hash": "355e8f75dc8f910e9775ce49edfe90f72f776c87", "best_bid": "0.7", "best_ask": "0.75"}, {"asset_id": "111109936896047563566561076155377292390307896490118479911334624816759913133425", "price": "0.3", "size": "57.56", "side": "SELL", "hash": "1442a3de398fcbdf99b5823e8fc805d6bf7d805b", "best_bid": "0.25", "best_ask": "0.3"}], "timestamp": "1769384307111", "event_type": "price_change"}}
{"_local_timestamp": "2026-01-25T23:38:27.203659+00:00", "data": {"market": "0x8ca781cf3463eba14e964498e90eebaf052ee43d38c9203e9a34f297df042681", "price_changes": [{"asset_id": "111109936896047563566561076155377292390307896490118479911334624816759913133425", "price": "0.13", "size": "100", "side": "BUY", "hash": "524e3e8c81c86f520bc0ac829d52fe6525fa9446", "best_bid": "0.25", "best_ask": "0.3"}, {"asset_id": "26869015442333096125313540288946102508062634368846792903773444732328994624083", "price": "0.87", "size": "100", "side": "SELL", "hash": "cef039ff7bdb4a2083158c1203762ec0b74dc941", "best_bid": "0.7", "best_ask": "0.75"}], "timestamp": "1769384307134", "event_type": "price_change"}}
{"_local_timestamp": "2026-01-25T23:38:27.310084+00:00", "data": {"market": "0x8ca781cf3463eba14e964498e90eebaf052ee43d38c9203e9a34f297df042681", "price_changes": [{"asset_id": "26869015442333096125313540288946102508062634368846792903773444732328994624083", "price": "0.7", "size": "87.56", "side": "BUY", "hash": "3f07d63306c35fa6609bea926c453300764f8a8e", "best_bid": "0.7", "best_ask": "0.75"}, {"asset_id": "111109936896047563566561076155377292390307896490118479911334624816759913133425", "price": "0.3", "size": "87.56", "side": "SELL", "hash": "b597e5102462eeb269fd66addb4202b41fab12ad", "best_bid": "0.25", "best_ask": "0.3"}], "timestamp": "1769384307233", "event_type": "price_change"}}
{"_local_timestamp": "2026-01-25T23:38:28.295156+00:00", "data": {"market": "0x8ca781cf3463eba14e964498e90eebaf052ee43d38c9203e9a34f297df042681", "price_changes": [{"asset_id": "111109936896047563566561076155377292390307896490118479911334624816759913133425", "price": "0.32", "size": "55.88", "side": "SELL", "hash": "ed9f5b52458eb1eb2999773db1f17082662370f4", "best_bid": "0.25", "best_ask": "0.3"}, {"asset_id": "26869015442333096125313540288946102508062634368846792903773444732328994624083", "price": "0.68", "size": "55.88", "side": "BUY", "hash": "8a4bb9c35b6b0b4abdeef28e114b44b33a33b969", "best_bid": "0.7", "best_ask": "0.75"}], "timestamp": "1769384308226", "event_type": "price_change"}}
{"_local_timestamp": "2026-01-25T23:38:28.652629+00:00", "data": {"market": "0x8ca781cf3463eba14e964498e90eebaf052ee43d38c9203e9a34f297df042681", "price_changes": [{"asset_id": "26869015442333096125313540288946102508062634368846792903773444732328994624083", "price": "0.71", "size": "30", "side": "BUY", "hash": "771c651a2f86dc22f6bfe0e4b8c20bf75d94caa3", "best_bid": "0.71", "best_ask": "0.75"}, {"asset_id": "111109936896047563566561076155377292390307896490118479911334624816759913133425", "price": "0.29", "size": "30", "side": "SELL", "hash": "e89f8b671e65c833841224cff73ea265eccd8745", "best_bid": "0.25", "best_ask": "0.29"}], "timestamp": "1769384308582", "event_type": "price_change"}}
{"_local_timestamp": "2026-01-25T23:38:29.133235+00:00", "data": {"market": "0x8ca781cf3463eba14e964498e90eebaf052ee43d38c9203e9a34f297df042681", "price_changes": [{"asset_id": "26869015442333096125313540288946102508062634368846792903773444732328994624083", "price": "0.69", "size": "100", "side": "BUY", "hash": "735b37adc23a1e4223b2471f28460dc4be2e098f", "best_bid": "0.71", "best_ask": "0.75"}, {"asset_id": "111109936896047563566561076155377292390307896490118479911334624816759913133425", "price": "0.31", "size": "100", "side": "SELL", "hash": "3dda554fa6181079b89e1f18fcca816dfa2caf6e", "best_bid": "0.25", "best_ask": "0.29"}], "timestamp": "1769384309045", "event_type": "price_change"}}
{"_local_timestamp": "2026-01-25T23:38:30.138785+00:00", "data": {"market": "0x8ca781cf3463eba14e964498e90eebaf052ee43d38c9203e9a34f297df042681", "price_changes": [{"asset_id": "26869015442333096125313540288946102508062634368846792903773444732328994624083", "price": "0.69", "size": "0", "side": "BUY", "hash": "08ec60b9d380e623c176179f37eb782b553354e5", "best_bid": "0.71", "best_ask": "0.75"}, {"asset_id": "111109936896047563566561076155377292390307896490118479911334624816759913133425", "price": "0.31", "size": "0", "side": "SELL", "hash": "ef3964c91d41cd6a92e0c3b55ef6f8639422a04b", "best_bid": "0.25", "best_ask": "0.29"}], "timestamp": "1769384310035", "event_type": "price_change"}}
{"_local_timestamp": "2026-01-25T23:38:30.665604+00:00", "data": {"market": "0x8ca781cf3463eba14e964498e90eebaf052ee43d38c9203e9a34f297df042681", "price_changes": [{"asset_id": "26869015442333096125313540288946102508062634368846792903773444732328994624083", "price": "0.71", "size": "130", "side": "BUY", "hash": "5e076432bffe52c0c0891f2fedf22d70935bab1f", "best_bid": "0.71", "best_ask": "0.75"}, {"asset_id": "111109936896047563566561076155377292390307896490118479911334624816759913133425", "price": "0.29", "size": "130", "side": "SELL", "hash": "05e9c6a8cfc523c99a81218d677780b785906178", "best_bid": "0.25", "best_ask": "0.29"}], "timestamp": "1769384310591", "event_type": "price_change"}}
{"_local_timestamp": "2026-01-25T23:38:31.294408+00:00", "data": {"market": "0x8ca781cf3463eba14e964498e90eebaf052ee43d38c9203e9a34f297df042681", "price_changes": [{"asset_id": "26869015442333096125313540288946102508062634368846792903773444732328994624083", "price": "0.7", "size": "57.56", "side": "BUY", "hash": "41b4d6ad6645da16550fdadd0622702e519cc980", "best_bid": "0.71", "best_ask": "0.75"}, {"asset_id": "111109936896047563566561076155377292390307896490118479911334624816759913133425", "price": "0.3", "size": "57.56", "side": "SELL", "hash": "29abb23b7e36724450f53ec9a87b03ff2d6e536b", "best_bid": "0.25", "best_ask": "0.29"}], "timestamp": "1769384311212", "event_type": "price_change"}}
{"_local_timestamp": "2026-01-25T23:38:31.444480+00:00", "data": {"market": "0x8ca781cf3463eba14e964498e90eebaf052ee43d38c9203e9a34f297df042681", "price_changes": [{"asset_id": "26869015442333096125313540288946102508062634368846792903773444732328994624083", "price": "0.71", "size": "160", "side": "BUY", "hash": "6790cbcc8868c1374db21bd69576fa388589f4da", "best_bid": "0.71", "best_ask": "0.75"}, {"asset_id": "111109936896047563566561076155377292390307896490118479911334624816759913133425", "price": "0.29", "size": "160", "side": "SELL", "hash": "639ea80d7c60d9a901766e698435e27c97f46477", "best_bid": "0.25", "best_ask": "0.29"}], "timestamp": "1769384311362", "event_type": "price_change"}}
{"_local_timestamp": "2026-01-25T23:38:34.204650+00:00", "data": {"market": "0x8ca781cf3463eba14e964498e90eebaf052ee43d38c9203e9a34f297df042681", "price_changes": [{"asset_id": "26869015442333096125313540288946102508062634368846792903773444732328994624083", "price": "0.71", "size": "60", "side": "BUY", "hash": "dbf4824d8c99bc8d04a9d9dbc3af14b80320179a", "best_bid": "0.71", "best_ask": "0.75"}, {"asset_id": "111109936896047563566561076155377292390307896490118479911334624816759913133425", "price": "0.29", "size": "60", "side": "SELL", "hash": "bf560af852a1498043f845a084feaef087f6b04b", "best_bid": "0.25", "best_ask": "0.29"}], "timestamp": "1769384314128", "event_type": "price_change"}}
{"_local_timestamp": "2026-01-25T23:38:34.711453+00:00", "data": {"market": "0x8ca781cf3463eba14e964498e90eebaf052ee43d38c9203e9a34f297df042681", "price_changes": [{"asset_id": "26869015442333096125313540288946102508062634368846792903773444732328994624083", "price": "0.72", "size": "100", "side": "BUY", "hash": "a36fc36b774d339575a06f528a38fa780a411aa6", "best_bid": "0.72", "best_ask": "0.75"}, {"asset_id": "111109936896047563566561076155377292390307896490118479911334624816759913133425", "price": "0.28", "size": "100", "side": "SELL", "hash": "8327eb67945879095fff2184bc65a17208968c18", "best_bid": "0.25", "best_ask": "0.28"}], "timestamp": "1769384314640", "event_type": "price_change"}}
{"_local_timestamp": "2026-01-25T23:38:35.679852+00:00", "data": {"market": "0x8ca781cf3463eba14e964498e90eebaf052ee43d38c9203e9a34f297df042681", "price_changes": [{"asset_id": "26869015442333096125313540288946102508062634368846792903773444732328994624083", "price": "0.71", "size": "30", "side": "BUY", "hash": "78a8c354ee91167c6f01e9e72dc15533e201e166", "best_bid": "0.72", "best_ask": "0.75"}, {"asset_id": "111109936896047563566561076155377292390307896490118479911334624816759913133425", "price": "0.29", "size": "30", "side": "SELL", "hash": "141bb209de36271102dc5b95be6903a07d9e8b12", "best_bid": "0.25", "best_ask": "0.28"}], "timestamp": "1769384315605", "event_type": "price_change"}}
{"_local_timestamp": "2026-01-25T23:38:35.734175+00:00", "data": {"market": "0x8ca781cf3463eba14e964498e90eebaf052ee43d38c9203e9a34f297df042681", "price_changes": [{"asset_id": "26869015442333096125313540288946102508062634368846792903773444732328994624083", "price": "0.72", "size": "130", "side": "BUY", "hash": "8a7e6a6d7d47acf97b22d4b9691efd2e6527036a", "best_bid": "0.72", "best_ask": "0.75"}, {"asset_id": "111109936896047563566561076155377292390307896490118479911334624816759913133425", "price": "0.28", "size": "130", "side": "SELL", "hash": "8aec461379661f8a02ebd1606152f59b0cc62c38", "best_bid": "0.25", "best_ask": "0.28"}], "timestamp": "1769384315660", "event_type": "price_change"}}
{"_local_timestamp": "2026-01-25T23:38:38.302601+00:00", "data": {"market": "0x8ca781cf3463eba14e964498e90eebaf052ee43d38c9203e9a34f297df042681", "price_changes": [{"asset_id": "26869015442333096125313540288946102508062634368846792903773444732328994624083", "price": "0.72", "size": "30", "side": "BUY", "hash": "070c305669be0b1b977f10d981f0547d15be882d", "best_bid": "0.72", "best_ask": "0.75"}, {"asset_id": "111109936896047563566561076155377292390307896490118479911334624816759913133425", "price": "0.28", "size": "30", "side": "SELL", "hash": "f38e8f3ce677db7b7225b0b253da586a2684d113", "best_bid": "0.25", "best_ask": "0.28"}], "timestamp": "1769384318226", "event_type": "price_change"}}
{"_local_timestamp": "2026-01-25T23:38:38.487878+00:00", "data": {"market": "0x8ca781cf3463eba14e964498e90eebaf052ee43d38c9203e9a34f297df042681", "price_changes": [{"asset_id": "111109936896047563566561076155377292390307896490118479911334624816759913133425", "price": "0.27", "size": "25", "side": "SELL", "hash": "3c3dd1d5b8b62fd2d2513afcd836b0e54c861c7a", "best_bid": "0.25", "best_ask": "0.27"}, {"asset_id": "26869015442333096125313540288946102508062634368846792903773444732328994624083", "price": "0.73", "size": "25", "side": "BUY", "hash": "b00d1ebe9700c054341955eb0669e17409eb1b7f", "best_bid": "0.73", "best_ask": "0.75"}], "timestamp": "1769384318416", "event_type": "price_change"}}
{"_local_timestamp": "2026-01-25T23:38:38.893209+00:00", "data": {"market": "0x8ca781cf3463eba14e964498e90eebaf052ee43d38c9203e9a34f297df042681", "price_changes": [{"asset_id": "26869015442333096125313540288946102508062634368846792903773444732328994624083", "price": "0.71", "size": "130", "side": "BUY", "hash": "35d9f4c5c82292622e608b19dbf12b679ea0dd2a", "best_bid": "0.73", "best_ask": "0.75"}, {"asset_id": "111109936896047563566561076155377292390307896490118479911334624816759913133425", "price": "0.29", "size": "130", "side": "SELL", "hash": "fa111332ce7e2f6bc77567d17eec7fa121a17bbd", "best_bid": "0.25", "best_ask": "0.27"}], "timestamp": "1769384318811", "event_type": "price_change"}}
{"_local_timestamp": "2026-01-25T23:38:39.573669+00:00", "data": {"market": "0x8ca781cf3463eba14e964498e90eebaf052ee43d38c9203e9a34f297df042681", "price_changes": [{"asset_id": "26869015442333096125313540288946102508062634368846792903773444732328994624083", "price": "0.72", "size": "0", "side": "BUY", "hash": "e6b40dd9ec9fcfdd52cb9cbdc9f2fe95f16415b1", "best_bid": "0.73", "best_ask": "0.75"}, {"asset_id": "111109936896047563566561076155377292390307896490118479911334624816759913133425", "price": "0.28", "size": "0", "side": "SELL", "hash": "42d9f9642360e04b9efd7aed8ce8497df8e7d677", "best_bid": "0.25", "best_ask": "0.27"}], "timestamp": "1769384319502", "event_type": "price_change"}}
{"_local_timestamp": "2026-01-25T23:38:42.427475+00:00", "data": {"market": "0x8ca781cf3463eba14e964498e90eebaf052ee43d38c9203e9a34f297df042681", "price_changes": [{"asset_id": "111109936896047563566561076155377292390307896490118479911334624816759913133425", "price": "0.25", "size": "0", "side": "BUY", "hash": "ed6f017b1bbc11eb9b5b03a01e2f10cf3caec4ee", "best_bid": "0.24", "best_ask": "0.27"}, {"asset_id": "26869015442333096125313540288946102508062634368846792903773444732328994624083", "price": "0.75", "size": "0", "side": "SELL", "hash": "282c9b8d87beff746a20c4c3a2b4d9cdeec484cb", "best_bid": "0.73", "best_ask": "0.76"}], "timestamp": "1769384322333", "event_type": "price_change"}}
{"_local_timestamp": "2026-01-25T23:38:42.896441+00:00", "data": {"market": "0x8ca781cf3463eba14e964498e90eebaf052ee43d38c9203e9a34f297df042681", "price_changes": [{"asset_id": "26869015442333096125313540288946102508062634368846792903773444732328994624083", "price": "0.15", "size": "0", "side": "BUY", "hash": "8abcf7354ecde7799aa39fa87e6f2e5961db0cc6", "best_bid": "0.73", "best_ask": "0.76"}, {"asset_id": "111109936896047563566561076155377292390307896490118479911334624816759913133425", "price": "0.85", "size": "0", "side": "SELL", "hash": "66d2353f23ff6285c4d756474af02285ce6c2369", "best_bid": "0.24", "best_ask": "0.27"}], "timestamp": "1769384322815", "event_type": "price_change"}}
{"_local_timestamp": "2026-01-25T23:38:42.897033+00:00", "data": {"market": "0x8ca781cf3463eba14e964498e90eebaf052ee43d38c9203e9a34f297df042681", "price_changes": [{"asset_id": "26869015442333096125313540288946102508062634368846792903773444732328994624083", "price": "0.23", "size": "0", "side": "BUY", "hash": "8abcf7354ecde7799aa39fa87e6f2e5961db0cc6", "best_bid": "0.73", "best_ask": "0.76"}, {"asset_id": "111109936896047563566561076155377292390307896490118479911334624816759913133425", "price": "0.77", "size": "0", "side": "SELL", "hash": "66d2353f23ff6285c4d756474af02285ce6c2369", "best_bid": "0.24", "best_ask": "0.27"}], "timestamp": "1769384322815", "event_type": "price_change"}}
{"_local_timestamp": "2026-01-25T23:38:42.897530+00:00", "data": {"market": "0x8ca781cf3463eba14e964498e90eebaf052ee43d38c9203e9a34f297df042681", "price_changes": [{"asset_id": "26869015442333096125313540288946102508062634368846792903773444732328994624083", "price": "0.3", "size": "0", "side": "BUY", "hash": "8abcf7354ecde7799aa39fa87e6f2e5961db0cc6", "best_bid": "0.73", "best_ask": "0.76"}, {"asset_id": "111109936896047563566561076155377292390307896490118479911334624816759913133425", "price": "0.7", "size": "0", "side": "SELL", "hash": "66d2353f23ff6285c4d756474af02285ce6c2369", "best_bid": "0.24", "best_ask": "0.27"}], "timestamp": "1769384322815", "event_type": "price_change"}}
{"_local_timestamp": "2026-01-25T23:38:42.897993+00:00", "data": {"market": "0x8ca781cf3463eba14e964498e90eebaf052ee43d38c9203e9a34f297df042681", "price_changes": [{"asset_id": "26869015442333096125313540288946102508062634368846792903773444732328994624083", "price": "0.07", "size": "0", "side": "BUY", "hash": "8abcf7354ecde7799aa39fa87e6f2e5961db0cc6", "best_bid": "0.73", "best_ask": "0.76"}, {"asset_id": "111109936896047563566561076155377292390307896490118479911334624816759913133425", "price": "0.93", "size": "0", "side": "SELL", "hash": "66d2353f23ff6285c4d756474af02285ce6c2369", "best_bid": "0.24", "best_ask": "0.27"}], "timestamp": "1769384322815", "event_type": "price_change"}}
{"_local_timestamp": "2026-01-25T23:38:42.898473+00:00", "data": {"market": "0x8ca781cf3463eba14e964498e90eebaf052ee43d38c9203e9a34f297df042681", "price_changes": [{"asset_id": "26869015442333096125313540288946102508062634368846792903773444732328994624083", "price": "0.26", "size": "50", "side": "BUY", "hash": "8abcf7354ecde7799aa39fa87e6f2e5961db0cc6", "best_bid": "0.73", "best_ask": "0.76"}, {"asset_id": "111109936896047563566561076155377292390307896490118479911334624816759913133425", "price": "0.74", "size": "50", "side": "SELL", "hash": "66d2353f23ff6285c4d756474af02285ce6c2369", "best_bid": "0.24", "best_ask": "0.27"}], "timestamp": "1769384322815", "event_type": "price_change"}}
{"_local_timestamp": "2026-01-25T23:38:42.898942+00:00", "data": {"market": "0x8ca781cf3463eba14e964498e90eebaf052ee43d38c9203e9a34f297df042681", "price_changes": [{"asset_id": "26869015442333096125313540288946102508062634368846792903773444732328994624083", "price": "0.11", "size": "0", "side": "BUY", "hash": "8abcf7354ecde7799aa39fa87e6f2e5961db0cc6", "best_bid": "0.73", "best_ask": "0.76"}, {"asset_id": "111109936896047563566561076155377292390307896490118479911334624816759913133425", "price": "0.89", "size": "0", "side": "SELL", "hash": "66d2353f23ff6285c4d756474af02285ce6c2369", "best_bid": "0.24", "best_ask": "0.27"}], "timestamp": "1769384322815", "event_type": "price_change"}}
{"_local_timestamp": "2026-01-25T23:38:42.899411+00:00", "data": {"market": "0x8ca781cf3463eba14e964498e90eebaf052ee43d38c9203e9a34f297df042681", "price_changes": [{"asset_id": "26869015442333096125313540288946102508062634368846792903773444732328994624083", "price": "0.19", "size": "0", "side": "BUY", "hash": "8abcf7354ecde7799aa39fa87e6f2e5961db0cc6", "best_bid": "0.73", "best_ask": "0.76"}, {"asset_id": "111109936896047563566561076155377292390307896490118479911334624816759913133425", "price": "0.81", "size": "0", "side": "SELL", "hash": "66d2353f23ff6285c4d756474af02285ce6c2369", "best_bid": "0.24", "best_ask": "0.27"}], "timestamp": "1769384322815", "event_type": "price_change"}}
{"_local_timestamp": "2026-01-25T23:38:42.940063+00:00", "data": {"market": "0x8ca781cf3463eba14e964498e90eebaf052ee43d38c9203e9a34f297df042681", "price_changes": [{"asset_id": "26869015442333096125313540288946102508062634368846792903773444732328994624083", "price": "0.3", "size": "66.66", "side": "BUY", "hash": "b23e766372e14d5188d811267cef2d504edd097c", "best_bid": "0.73", "best_ask": "0.76"}, {"asset_id": "111109936896047563566561076155377292390307896490118479911334624816759913133425", "price": "0.7", "size": "66.66", "side": "SELL", "hash": "ef737f0cffb1ea20025e67635db6a825cd04544b", "best_bid": "0.24", "best_ask": "0.27"}], "timestamp": "1769384322864", "event_type": "price_change"}}
{"_local_timestamp": "2026-01-25T23:38:42.985136+00:00", "data": {"market": "0x8ca781cf3463eba14e964498e90eebaf052ee43d38c9203e9a34f297df042681", "price_changes": [{"asset_id": "26869015442333096125313540288946102508062634368846792903773444732328994624083", "price": "0.27", "size": "138.88", "side": "BUY", "hash": "fb8082ef455dcb2b783ea5a7d44f5456b9b5098b", "best_bid": "0.73", "best_ask": "0.76"}, {"asset_id": "111109936896047563566561076155377292390307896490118479911334624816759913133425", "price": "0.73", "size": "138.88", "side": "SELL", "hash": "62182be82f2f859742e391921fa1827cd33e9660", "best_bid": "0.24", "best_ask": "0.27"}], "timestamp": "1769384322914", "event_type": "price_change"}}
{"_local_timestamp": "2026-01-25T23:38:43.035018+00:00", "data": {"market": "0x8ca781cf3463eba14e964498e90eebaf052ee43d38c9203e9a34f297df042681", "price_changes": [{"asset_id": "26869015442333096125313540288946102508062634368846792903773444732328994624083", "price": "0.23", "size": "113.04", "side": "BUY", "hash": "e2d85c689e1f6efe17f2d349060b7ed9f597fe6e", "best_bid": "0.73", "best_ask": "0.76"}, {"asset_id": "111109936896047563566561076155377292390307896490118479911334624816759913133425", "price": "0.77", "size": "113.04", "side": "SELL", "hash": "0fc1dd5fde31104587c72f88aac96afe17384999", "best_bid": "0.24", "best_ask": "0.27"}], "timestamp": "1769384322960", "event_type": "price_change"}}
{"_local_timestamp": "2026-01-25T23:38:43.109036+00:00", "data": {"market": "0x8ca781cf3463eba14e964498e90eebaf052ee43d38c9203e9a34f297df042681", "price_changes": [{"asset_id": "26869015442333096125313540288946102508062634368846792903773444732328994624083", "price": "0.19", "size": "147.36", "side": "BUY", "hash": "0b6b417f745b70b3100e5e288a1acce9fc7d6c5a", "best_bid": "0.73", "best_ask": "0.76"}, {"asset_id": "111109936896047563566561076155377292390307896490118479911334624816759913133425", "price": "0.81", "size": "147.36", "side": "SELL", "hash": "9fa94be18a4e1a48159d3a0b0118a3057efbabc6", "best_bid": "0.24", "best_ask": "0.27"}], "timestamp": "1769384323009", "event_type": "price_change"}}
{"_local_timestamp": "2026-01-25T23:38:43.156589+00:00", "data": {"market": "0x8ca781cf3463eba14e964498e90eebaf052ee43d38c9203e9a34f297df042681", "price_changes": [{"asset_id": "26869015442333096125313540288946102508062634368846792903773444732328994624083", "price": "0.15", "size": "213.33", "side": "BUY", "hash": "c647d5a1f3333aa3ca7557b78f4ce9b96244a564", "best_bid": "0.73", "best_ask": "0.76"}, {"asset_id": "111109936896047563566561076155377292390307896490118479911334624816759913133425", "price": "0.85", "size": "213.33", "side": "SELL", "hash": "7cda7d1152d6e92f009400f6377f7d4f2f0fbbab", "best_bid": "0.24", "best_ask": "0.27"}], "timestamp": "1769384323056", "event_type": "price_change"}}
{"_local_timestamp": "2026-01-25T23:38:43.188002+00:00", "data": {"market": "0x8ca781cf3463eba14e964498e90eebaf052ee43d38c9203e9a34f297df042681", "price_changes": [{"asset_id": "26869015442333096125313540288946102508062634368846792903773444732328994624083", "price": "0.11", "size": "309.09", "side": "BUY", "hash": "1ad35826e392df2199a99352b561d347b2fa4658", "best_bid": "0.73", "best_ask": "0.76"}, {"asset_id": "111109936896047563566561076155377292390307896490118479911334624816759913133425", "price": "0.89", "size": "309.09", "side": "SELL", "hash": "57f01402609c3014930329885b8b4aae45f9df2f", "best_bid": "0.24", "best_ask": "0.27"}], "timestamp": "1769384323103", "event_type": "price_change"}}
{"_local_timestamp": "2026-01-25T23:38:43.229831+00:00", "data": {"market": "0x8ca781cf3463eba14e964498e90eebaf052ee43d38c9203e9a34f297df042681", "price_changes": [{"asset_id": "26869015442333096125313540288946102508062634368846792903773444732328994624083", "price": "0.08", "size": "650", "side": "BUY", "hash": "e22e2c324fa158c28cae4085c8df0d6a880835df", "best_bid": "0.73", "best_ask": "0.76"}, {"asset_id": "111109936896047563566561076155377292390307896490118479911334624816759913133425", "price": "0.92", "size": "650", "side": "SELL", "hash": "529d41bc1dc293c48fb3eb63fb2069bceaa365c8", "best_bid": "0.24", "best_ask": "0.27"}], "timestamp": "1769384323151", "event_type": "price_change"}}
{"_local_timestamp": "2026-01-25T23:38:43.477422+00:00", "data": {"market": "0x8ca781cf3463eba14e964498e90eebaf052ee43d38c9203e9a34f297df042681", "price_changes": [{"asset_id": "111109936896047563566561076155377292390307896490118479911334624816759913133425", "price": "0.27", "size": "0", "side": "SELL", "hash": "51d8c85ee5da6e8f029afbf1cb93116dc543c44f", "best_bid": "0.24", "best_ask": "0.29"}, {"asset_id": "26869015442333096125313540288946102508062634368846792903773444732328994624083", "price": "0.73", "size": "0", "side": "BUY", "hash": "57ad9fdfb2dfbc5597d78521466c5ad5cc895d51", "best_bid": "0.71", "best_ask": "0.76"}], "timestamp": "1769384323401", "event_type": "price_change"}}
{"_local_timestamp": "2026-01-25T23:38:43.694854+00:00", "data": {"market": "0x8ca781cf3463eba14e964498e90eebaf052ee43d38c9203e9a34f297df042681", "price_changes": [{"asset_id": "26869015442333096125313540288946102508062634368846792903773444732328994624083", "price": "0.71", "size": "160", "side": "BUY", "hash": "04cbbf9a25af540b55aae69980a7efa88ad2ee29", "best_bid": "0.71", "best_ask": "0.76"}, {"asset_id": "111109936896047563566561076155377292390307896490118479911334624816759913133425", "price": "0.29", "size": "160", "side": "SELL", "hash": "6f9304a3182964f0fc4ef31cd96b80dab562590c", "best_bid": "0.24", "best_ask": "0.29"}], "timestamp": "1769384323609", "event_type": "price_change"}}
{"_local_timestamp": "2026-01-25T23:38:46.696844+00:00", "data": {"market": "0x8ca781cf3463eba14e964498e90eebaf052ee43d38c9203e9a34f297df042681", "price_changes": [{"asset_id": "26869015442333096125313540288946102508062634368846792903773444732328994624083", "price": "0.71", "size": "60", "side": "BUY", "hash": "bcc7e637e560a3ef3f68a8337bdecc3b6a5f0cb2", "best_bid": "0.71", "best_ask": "0.76"}, {"asset_id": "111109936896047563566561076155377292390307896490118479911334624816759913133425", "price": "0.29", "size": "60", "side": "SELL", "hash": "7ec0bfcbe3bc2ffa279b7a5ffc0ce7162741b1e7", "best_bid": "0.24", "best_ask": "0.29"}], "timestamp": "1769384326621", "event_type": "price_change"}}
{"_local_timestamp": "2026-01-25T23:38:47.230786+00:00", "data": {"market": "0x8ca781cf3463eba14e964498e90eebaf052ee43d38c9203e9a34f297df042681", "price_changes": [{"asset_id": "26869015442333096125313540288946102508062634368846792903773444732328994624083", "price": "0.72", "size": "100", "side": "BUY", "hash": "be2fcd92f1cec3d60e4beaa067656cf0f8c022dd", "best_bid": "0.72", "best_ask": "0.76"}, {"asset_id": "111109936896047563566561076155377292390307896490118479911334624816759913133425", "price": "0.28", "size": "100", "side": "SELL", "hash": "2c0a49b81728edc8b87de09bb683867cc018973d", "best_bid": "0.24", "best_ask": "0.28"}], "timestamp": "1769384327147", "event_type": "price_change"}}
{"_local_timestamp": "2026-01-25T23:38:47.231432+00:00", "data": {"market": "0x8ca781cf3463eba14e964498e90eebaf052ee43d38c9203e9a34f297df042681", "price_changes": [{"asset_id": "111109936896047563566561076155377292390307896490118479911334624816759913133425", "price": "0.25", "size": "100", "side": "BUY", "hash": "ef3564a9ff4396c2352013e3f99afdd165ed852d", "best_bid": "0.25", "best_ask": "0.28"}, {"asset_id": "26869015442333096125313540288946102508062634368846792903773444732328994624083", "price": "0.75", "size": "100", "side": "SELL", "hash": "75345f46a4bcb5783188f81c3b079cec16c3a715", "best_bid": "0.72", "best_ask": "0.75"}], "timestamp": "1769384327149", "event_type": "price_change"}}
{"_local_timestamp": "2026-01-25T23:38:47.401739+00:00", "data": {"market": "0x8ca781cf3463eba14e964498e90eebaf052ee43d38c9203e9a34f297df042681", "price_changes": [{"asset_id": "26869015442333096125313540288946102508062634368846792903773444732328994624083", "price": "0.3", "size": "0", "side": "BUY", "hash": "fab0a74b160b5f6afba940a2be66f3147c144507", "best_bid": "0.72", "best_ask": "0.75"}, {"asset_id": "111109936896047563566561076155377292390307896490118479911334624816759913133425", "price": "0.7", "size": "0", "side": "SELL", "hash": "736a5d5d857094e4a57e3367e05b4a12a0cd5f2d", "best_bid": "0.25", "best_ask": "0.28"}], "timestamp": "1769384327331", "event_type": "price_change"}}
{"_local_timestamp": "2026-01-25T23:38:47.402352+00:00", "data": {"market": "0x8ca781cf3463eba14e964498e90eebaf052ee43d38c9203e9a34f297df042681", "price_changes": [{"asset_id": "26869015442333096125313540288946102508062634368846792903773444732328994624083", "price": "0.11", "size": "0", "side": "BUY", "hash": "fab0a74b160b5f6afba940a2be66f3147c144507", "best_bid": "0.72", "best_ask": "0.75"}, {"asset_id": "111109936896047563566561076155377292390307896490118479911334624816759913133425", "price": "0.89", "size": "0", "side": "SELL", "hash": "736a5d5d857094e4a57e3367e05b4a12a0cd5f2d", "best_bid": "0.25", "best_ask": "0.28"}], "timestamp": "1769384327331", "event_type": "price_change"}}
{"_local_timestamp": "2026-01-25T23:38:47.402877+00:00", "data": {"market": "0x8ca781cf3463eba14e964498e90eebaf052ee43d38c9203e9a34f297df042681", "price_changes": [{"asset_id": "26869015442333096125313540288946102508062634368846792903773444732328994624083", "price": "0.19", "size": "0", "side": "BUY", "hash": "fab0a74b160b5f6afba940a2be66f3147c144507", "best_bid": "0.72", "best_ask": "0.75"}, {"asset_id": "111109936896047563566561076155377292390307896490118479911334624816759913133425", "price": "0.81", "size": "0", "side": "SELL", "hash": "736a5d5d857094e4a57e3367e05b4a12a0cd5f2d", "best_bid": "0.25", "best_ask": "0.28"}], "timestamp": "1769384327331", "event_type": "price_change"}}
{"_local_timestamp": "2026-01-25T23:38:47.403369+00:00", "data": {"market": "0x8ca781cf3463eba14e964498e90eebaf052ee43d38c9203e9a34f297df042681", "price_changes": [{"asset_id": "26869015442333096125313540288946102508062634368846792903773444732328994624083", "price": "0.15", "size": "0", "side": "BUY", "hash": "fab0a74b160b5f6afba940a2be66f3147c144507", "best_bid": "0.72", "best_ask": "0.75"}, {"asset_id": "111109936896047563566561076155377292390307896490118479911334624816759913133425", "price": "0.85", "size": "0", "side": "SELL", "hash": "736a5d5d857094e4a57e3367e05b4a12a0cd5f2d", "best_bid": "0.25", "best_ask": "0.28"}], "timestamp": "1769384327331", "event_type": "price_change"}}
{"_local_timestamp": "2026-01-25T23:38:47.403873+00:00", "data": {"market": "0x8ca781cf3463eba14e964498e90eebaf052ee43d38c9203e9a34f297df042681", "price_changes": [{"asset_id": "26869015442333096125313540288946102508062634368846792903773444732328994624083", "price": "0.08", "size": "200", "side": "BUY", "hash": "fab0a74b160b5f6afba940a2be66f3147c144507", "best_bid": "0.72", "best_ask": "0.75"}, {"asset_id": "111109936896047563566561076155377292390307896490118479911334624816759913133425", "price": "0.92", "size": "200", "side": "SELL", "hash": "736a5d5d857094e4a57e3367e05b4a12a0cd5f2d", "best_bid": "0.25", "best_ask": "0.28"}], "timestamp": "1769384327331", "event_type": "price_change"}}
{"_local_timestamp": "2026-01-25T23:38:47.404361+00:00", "data": {"market": "0x8ca781cf3463eba14e964498e90eebaf052ee43d38c9203e9a34f297df042681", "price_changes": [{"asset_id": "26869015442333096125313540288946102508062634368846792903773444732328994624083", "price": "0.27", "size": "50", "side": "BUY", "hash": "fab0a74b160b5f6afba940a2be66f3147c144507", "best_bid": "0.72", "best_ask": "0.75"}, {"asset_id": "111109936896047563566561076155377292390307896490118479911334624816759913133425", "price": "0.73", "size": "50", "side": "SELL", "hash": "736a5d5d857094e4a57e3367e05b4a12a0cd5f2d", "best_bid": "0.25", "best_ask": "0.28"}], "timestamp": "1769384327331", "event_type": "price_change"}}
{"_local_timestamp": "2026-01-25T23:38:47.404866+00:00", "data": {"market": "0x8ca781cf3463eba14e964498e90eebaf052ee43d38c9203e9a34f297df042681", "price_changes": [{"asset_id": "26869015442333096125313540288946102508062634368846792903773444732328994624083", "price": "0.23", "size": "0", "side": "BUY", "hash": "fab0a74b160b5f6afba940a2be66f3147c144507", "best_bid": "0.72", "best_ask": "0.75"}, {"asset_id": "111109936896047563566561076155377292390307896490118479911334624816759913133425", "price": "0.77", "size": "0", "side": "SELL", "hash": "736a5d5d857094e4a57e3367e05b4a12a0cd5f2d", "best_bid": "0.25", "best_ask": "0.28"}], "timestamp": "1769384327331", "event_type": "price_change"}}
{"_local_timestamp": "2026-01-25T23:38:47.453263+00:00", "data": {"market": "0x8ca781cf3463eba14e964498e90eebaf052ee43d38c9203e9a34f297df042681", "price_changes": [{"asset_id": "26869015442333096125313540288946102508062634368846792903773444732328994624083", "price": "0.3", "size": "66.66", "side": "BUY", "hash": "85e912774e77008d30ea669ccf583c6674e1f0fa", "best_bid": "0.72", "best_ask": "0.75"}, {"asset_id": "111109936896047563566561076155377292390307896490118479911334624816759913133425", "price": "0.7", "size": "66.66", "side": "SELL", "hash": "4d6983a3c97cd524bac3dbfaf890d41eaca808c3", "best_bid": "0.25", "best_ask": "0.28"}], "timestamp": "1769384327382", "event_type": "price_change"}}
{"_local_timestamp": "2026-01-25T23:38:47.498458+00:00", "data": {"market": "0x8ca781cf3463eba14e964498e90eebaf052ee43d38c9203e9a34f297df042681", "price_changes": [{"asset_id": "26869015442333096125313540288946102508062634368846792903773444732328994624083", "price": "0.26", "size": "142.3", "side": "BUY", "hash": "c200de42620257faae410a23b24c5b098c3f1ac0", "best_bid": "0.72", "best_ask": "0.75"}, {"asset_id": "111109936896047563566561076155377292390307896490118479911334624816759913133425", "price": "0.74", "size": "142.3", "side": "SELL", "hash": "b29f6fa269742f6ee418bdb43f3d2a83d5459c52", "best_bid": "0.25", "best_ask": "0.28"}], "timestamp": "1769384327426", "event_type": "price_change"}}
{"_local_timestamp": "2026-01-25T23:38:47.542276+00:00", "data": {"market": "0x8ca781cf3463eba14e964498e90eebaf052ee43d38c9203e9a34f297df042681", "price_changes": [{"asset_id": "26869015442333096125313540288946102508062634368846792903773444732328994624083", "price": "0.23", "size": "113.04", "side": "BUY", "hash": "2443ac98f0612f368aa88cae6cc78326ea521f7c", "best_bid": "0.72", "best_ask": "0.75"}, {"asset_id": "111109936896047563566561076155377292390307896490118479911334624816759913133425", "price": "0.77", "size": "113.04", "side": "SELL", "hash": "da5f839edaf25f331cb160c2f7aa9d8ce1f31f19", "best_bid": "0.25", "best_ask": "0.28"}], "timestamp": "1769384327466", "event_type": "price_change"}}
{"_local_timestamp": "2026-01-25T23:38:47.575481+00:00", "data": {"market": "0x8ca781cf3463eba14e964498e90eebaf052ee43d38c9203e9a34f297df042681", "price_changes": [{"asset_id": "26869015442333096125313540288946102508062634368846792903773444732328994624083", "price": "0.19", "size": "147.36", "side": "BUY", "hash": "663b6afb9281de0f78746dd5c1dc40fc2a9d11c2", "best_bid": "0.72", "best_ask": "0.75"}, {"asset_id": "111109936896047563566561076155377292390307896490118479911334624816759913133425", "price": "0.81", "size": "147.36", "side": "SELL", "hash": "ee7cfe9cb59c8511677e5a6f2639dba568bb9b32", "best_bid": "0.25", "best_ask": "0.28"}], "timestamp": "1769384327507", "event_type": "price_change"}}
{"_local_timestamp": "2026-01-25T23:38:47.626003+00:00", "data": {"market": "0x8ca781cf3463eba14e964498e90eebaf052ee43d38c9203e9a34f297df042681", "price_changes": [{"asset_id": "26869015442333096125313540288946102508062634368846792903773444732328994624083", "price": "0.15", "size": "213.33", "side": "BUY", "hash": "fd9032c4572a5a547f7f8b0543ed5c1fb538391d", "best_bid": "0.72", "best_ask": "0.75"}, {"asset_id": "111109936896047563566561076155377292390307896490118479911334624816759913133425", "price": "0.85", "size": "213.33", "side": "SELL", "hash": "d494fe3bab86d6a11beacf79666319dcf5146e46", "best_bid": "0.25", "best_ask": "0.28"}], "timestamp": "1769384327551", "event_type": "price_change"}}
{"_local_timestamp": "2026-01-25T23:38:47.667672+00:00", "data": {"market": "0x8ca781cf3463eba14e964498e90eebaf052ee43d38c9203e9a34f297df042681", "price_changes": [{"asset_id": "26869015442333096125313540288946102508062634368846792903773444732328994624083", "price": "0.11", "size": "309.09", "side": "BUY", "hash": "69608afc9ec683fd0a7857f3cd1152458891ee2e", "best_bid": "0.72", "best_ask": "0.75"}, {"asset_id": "111109936896047563566561076155377292390307896490118479911334624816759913133425", "price": "0.89", "size": "309.09", "side": "SELL", "hash": "090cb501efe354168f4f65fdf225adebcab8b192", "best_bid": "0.25", "best_ask": "0.28"}], "timestamp": "1769384327590", "event_type": "price_change"}}
{"_local_timestamp": "2026-01-25T23:38:47.704862+00:00", "data": {"market": "0x8ca781cf3463eba14e964498e90eebaf052ee43d38c9203e9a34f297df042681", "price_changes": [{"asset_id": "26869015442333096125313540288946102508062634368846792903773444732328994624083", "price": "0.07", "size": "514.28", "side": "BUY", "hash": "db95de887f5e60c3893ee07cf702cb1bef5cb579", "best_bid": "0.72", "best_ask": "0.75"}, {"asset_id": "111109936896047563566561076155377292390307896490118479911334624816759913133425", "price": "0.93", "size": "514.28", "side": "SELL", "hash": "32babb4bf5abcb749104f9b91c4dfebeef9ac20d", "best_bid": "0.25", "best_ask": "0.28"}], "timestamp": "1769384327632", "event_type": "price_change"}}
{"_local_timestamp": "2026-01-25T23:38:48.052885+00:00", "data": {"market": "0x8ca781cf3463eba14e964498e90eebaf052ee43d38c9203e9a34f297df042681", "price_changes": [{"asset_id": "26869015442333096125313540288946102508062634368846792903773444732328994624083", "price": "0.71", "size": "30", "side": "BUY", "hash": "7cc9f79138ec88725f3d3a6742b71d6e57c36484", "best_bid": "0.72", "best_ask": "0.75"}, {"asset_id": "111109936896047563566561076155377292390307896490118479911334624816759913133425", "price": "0.29", "size": "30", "side": "SELL", "hash": "9dbac6a3e2632acb611bf0a8418b99ac76f6f439", "best_bid": "0.25", "best_ask": "0.28"}], "timestamp": "1769384327968", "event_type": "price_change"}}
{"_local_timestamp": "2026-01-25T23:38:48.127145+00:00", "data": {"market": "0x8ca781cf3463eba14e964498e90eebaf052ee43d38c9203e9a34f297df042681", "price_changes": [{"asset_id": "26869015442333096125313540288946102508062634368846792903773444732328994624083", "price": "0.72", "size": "130", "side": "BUY", "hash": "59aa741ff5dd9c2e40bf9fe6839dd87ae84163cb", "best_bid": "0.72", "best_ask": "0.75"}, {"asset_id": "111109936896047563566561076155377292390307896490118479911334624816759913133425", "price": "0.28", "size": "130", "side": "SELL", "hash": "69446d72666ac349dc5b78d5e87cc698d509dde4", "best_bid": "0.25", "best_ask": "0.28"}], "timestamp": "1769384328028", "event_type": "price_change"}}
{"_local_timestamp": "2026-01-25T23:38:50.938461+00:00", "data": {"market": "0x8ca781cf3463eba14e964498e90eebaf052ee43d38c9203e9a34f297df042681", "price_changes": [{"asset_id": "26869015442333096125313540288946102508062634368846792903773444732328994624083", "price": "0.72", "size": "30", "side": "BUY", "hash": "287d93048f05a0c9583d09af9d7bd49325861320", "best_bid": "0.72", "best_ask": "0.75"}, {"asset_id": "111109936896047563566561076155377292390307896490118479911334624816759913133425", "price": "0.28", "size": "30", "side": "SELL", "hash": "613805196a2f94c2acad5a996a7f4ca8ccc66104", "best_bid": "0.25", "best_ask": "0.28"}], "timestamp": "1769384330866", "event_type": "price_change"}}
{"_local_timestamp": "2026-01-25T23:38:51.176806+00:00", "data": {"market": "0x8ca781cf3463eba14e964498e90eebaf052ee43d38c9203e9a34f297df042681", "price_changes": [{"asset_id": "26869015442333096125313540288946102508062634368846792903773444732328994624083", "price": "0.72", "size": "0", "side": "BUY", "hash": "432559c5cb37f7277f0e05dee869dcda574179dc", "best_bid": "0.71", "best_ask": "0.75"}, {"asset_id": "111109936896047563566561076155377292390307896490118479911334624816759913133425", "price": "0.28", "size": "0", "side": "SELL", "hash": "375d2f30931158b7c683d84da0715c72b11f1384", "best_bid": "0.25", "best_ask": "0.29"}], "timestamp": "1769384331094", "event_type": "price_change"}}
{"_local_timestamp": "2026-01-25T23:38:51.233770+00:00", "data": {"market": "0x8ca781cf3463eba14e964498e90eebaf052ee43d38c9203e9a34f297df042681", "price_changes": [{"asset_id": "26869015442333096125313540288946102508062634368846792903773444732328994624083", "price": "0.7", "size": "87.56", "side": "BUY", "hash": "df28833d91365c95677099adb09fc42c11318b7f", "best_bid": "0.71", "best_ask": "0.75"}, {"asset_id": "111109936896047563566561076155377292390307896490118479911334624816759913133425", "price": "0.3", "size": "87.56", "side": "SELL", "hash": "9f43f9c60105d12a0697cefa7dcd25af6671b007", "best_bid": "0.25", "best_ask": "0.29"}], "timestamp": "1769384331153", "event_type": "price_change"}}
{"_local_timestamp": "2026-01-25T23:38:51.476512+00:00", "data": {"market": "0x8ca781cf3463eba14e964498e90eebaf052ee43d38c9203e9a34f297df042681", "price_changes": [{"asset_id": "26869015442333096125313540288946102508062634368846792903773444732328994624083", "price": "0.71", "size": "130", "side": "BUY", "hash": "bad5d99a0902a8601da587430a1482fe1f44469a", "best_bid": "0.71", "best_ask": "0.75"}, {"asset_id": "111109936896047563566561076155377292390307896490118479911334624816759913133425", "price": "0.29", "size": "130", "side": "SELL", "hash": "a0ffb034c41f860e2eb2564737855e7a27c0275d", "best_bid": "0.25", "best_ask": "0.29"}], "timestamp": "1769384331401", "event_type": "price_change"}}
{"_local_timestamp": "2026-01-25T23:38:51.762784+00:00", "data": {"market": "0x8ca781cf3463eba14e964498e90eebaf052ee43d38c9203e9a34f297df042681", "price_changes": [{"asset_id": "26869015442333096125313540288946102508062634368846792903773444732328994624083", "price": "0.7", "size": "57.56", "side": "BUY", "hash": "d5320c5fdf8d005c68af5cee50cc053d8ac193f4", "best_bid": "0.71", "best_ask": "0.75"}, {"asset_id": "111109936896047563566561076155377292390307896490118479911334624816759913133425", "price": "0.3", "size": "57.56", "side": "SELL", "hash": "0f5bd88ceca566cc469e00b08fcd66caca2959e2", "best_bid": "0.25", "best_ask": "0.29"}], "timestamp": "1769384331694", "event_type": "price_change"}}
{"_local_timestamp": "2026-01-25T23:38:51.816554+00:00", "data": {"market": "0x8ca781cf3463eba14e964498e90eebaf052ee43d38c9203e9a34f297df042681", "price_changes": [{"asset_id": "26869015442333096125313540288946102508062634368846792903773444732328994624083", "price": "0.71", "size": "160", "side": "BUY", "hash": "87d5ba3afc7234ab576adca7fc59f71e14e75c05", "best_bid": "0.71", "best_ask": "0.75"}, {"asset_id": "111109936896047563566561076155377292390307896490118479911334624816759913133425", "price": "0.29", "size": "160", "side": "SELL", "hash": "3e52c3b8c16bd415b2098c24c801d4881dc0f160", "best_bid": "0.25", "best_ask": "0.29"}], "timestamp": "1769384331743", "event_type": "price_change"}}
{"_local_timestamp": "2026-01-25T23:38:53.565184+00:00", "data": {"market": "0x8ca781cf3463eba14e964498e90eebaf052ee43d38c9203e9a34f297df042681", "price_changes": [{"asset_id": "111109936896047563566561076155377292390307896490118479911334624816759913133425", "price": "0.28", "size": "25", "side": "SELL", "hash": "d6acc84087cd2d084d4b5f1421bdb594325bc838", "best_bid": "0.25", "best_ask": "0.28"}, {"asset_id": "26869015442333096125313540288946102508062634368846792903773444732328994624083", "price": "0.72", "size": "25", "side": "BUY", "hash": "526ffda611f49671e9a41dd3f112afaf1f8713fc", "best_bid": "0.72", "best_ask": "0.75"}], "timestamp": "1769384333495", "event_type": "price_change"}}
{"_local_timestamp": "2026-01-25T23:38:55.222030+00:00", "data": {"market": "0x8ca781cf3463eba14e964498e90eebaf052ee43d38c9203e9a34f297df042681", "price_changes": [{"asset_id": "26869015442333096125313540288946102508062634368846792903773444732328994624083", "price": "0.71", "size": "60", "side": "BUY", "hash": "d540945668fd1e383218e9f868d3d3041b414285", "best_bid": "0.72", "best_ask": "0.75"}, {"asset_id": "111109936896047563566561076155377292390307896490118479911334624816759913133425", "price": "0.29", "size": "60", "side": "SELL", "hash": "2a10d2aca15c81f1747a7fc9c6f3e58ddbb6f58e", "best_bid": "0.25", "best_ask": "0.28"}], "timestamp": "1769384335137", "event_type": "price_change"}}
{"_local_timestamp": "2026-01-25T23:38:55.785526+00:00", "data": {"market": "0x8ca781cf3463eba14e964498e90eebaf052ee43d38c9203e9a34f297df042681", "price_changes": [{"asset_id": "26869015442333096125313540288946102508062634368846792903773444732328994624083", "price": "0.72", "size": "125", "side": "BUY", "hash": "44ac1250c83abeda43a483461d35ea6c365db180", "best_bid": "0.72", "best_ask": "0.75"}, {"asset_id": "111109936896047563566561076155377292390307896490118479911334624816759913133425", "price": "0.28", "size": "125", "side": "SELL", "hash": "e0091ffab2c00d249033c6653852a612df2ab53b", "best_bid": "0.25", "best_ask": "0.28"}], "timestamp": "1769384335710", "event_type": "price_change"}}
{"_local_timestamp": "2026-01-25T23:38:56.610321+00:00", "data": {"market": "0x8ca781cf3463eba14e964498e90eebaf052ee43d38c9203e9a34f297df042681", "price_changes": [{"asset_id": "26869015442333096125313540288946102508062634368846792903773444732328994624083", "price": "0.71", "size": "30", "side": "BUY", "hash": "bef0ccbf2bb5953d5513a7daeff9b172b71177ed", "best_bid": "0.72", "best_ask": "0.75"}, {"asset_id": "111109936896047563566561076155377292390307896490118479911334624816759913133425", "price": "0.29", "size": "30", "side": "SELL", "hash": "b1c9e3d929f0bb74f6e79e38f66ae0e4d6d098e4", "best_bid": "0.25", "best_ask": "0.28"}], "timestamp": "1769384336538", "event_type": "price_change"}}
{"_local_timestamp": "2026-01-25T23:38:56.658939+00:00", "data": {"market": "0x8ca781cf3463eba14e964498e90eebaf052ee43d38c9203e9a34f297df042681", "price_changes": [{"asset_id": "26869015442333096125313540288946102508062634368846792903773444732328994624083", "price": "0.72", "size": "155", "side": "BUY", "hash": "f389ec6c4d0e644d04fc4852ab746b1dc929a75d", "best_bid": "0.72", "best_ask": "0.75"}, {"asset_id": "111109936896047563566561076155377292390307896490118479911334624816759913133425", "price": "0.28", "size": "155", "side": "SELL", "hash": "fa5ec168f24232980521ffa5e4fffd4c4165a6b0", "best_bid": "0.25", "best_ask": "0.28"}], "timestamp": "1769384336586", "event_type": "price_change"}}
{"_local_timestamp": "2026-01-25T23:38:59.326762+00:00", "data": {"market": "0x8ca781cf3463eba14e964498e90eebaf052ee43d38c9203e9a34f297df042681", "price_changes": [{"asset_id": "26869015442333096125313540288946102508062634368846792903773444732328994624083", "price": "0.71", "size": "0", "side": "BUY", "hash": "7f254e618e3f8704f973aad1d0a06411c85d1534", "best_bid": "0.72", "best_ask": "0.75"}, {"asset_id": "111109936896047563566561076155377292390307896490118479911334624816759913133425", "price": "0.29", "size": "0", "side": "SELL", "hash": "39c6092997a57cdee90cddc612598039ce5c7b20", "best_bid": "0.25", "best_ask": "0.28"}], "timestamp": "1769384339255", "event_type": "price_change"}}
{"_local_timestamp": "2026-01-25T23:38:59.372399+00:00", "data": {"market": "0x8ca781cf3463eba14e964498e90eebaf052ee43d38c9203e9a34f297df042681", "price_changes": [{"asset_id": "26869015442333096125313540288946102508062634368846792903773444732328994624083", "price": "0.72", "size": "55", "side": "BUY", "hash": "9e7c8a2fc6b94cfaee28f727d83c766c44012bcd", "best_bid": "0.72", "best_ask": "0.75"}, {"asset_id": "111109936896047563566561076155377292390307896490118479911334624816759913133425", "price": "0.28", "size": "55", "side": "SELL", "hash": "9dcb3b8f80d3390ae305d9c025ebe5f2305ca5be", "best_bid": "0.25", "best_ask": "0.28"}], "timestamp": "1769384339304", "event_type": "price_change"}}
{"_local_timestamp": "2026-01-25T23:39:00.087654+00:00", "data": {"market": "0x8ca781cf3463eba14e964498e90eebaf052ee43d38c9203e9a34f297df042681", "price_changes": [{"asset_id": "26869015442333096125313540288946102508062634368846792903773444732328994624083", "price": "0.72", "size": "25", "side": "BUY", "hash": "30529f1ab684f0d35e98a9a747ec95c2fc1ec934", "best_bid": "0.72", "best_ask": "0.75"}, {"asset_id": "111109936896047563566561076155377292390307896490118479911334624816759913133425", "price": "0.28", "size": "25", "side": "SELL", "hash": "084c17677c4ba573bd72a1dbefc1bc321e651e35", "best_bid": "0.25", "best_ask": "0.28"}], "timestamp": "1769384340002", "event_type": "price_change"}}
{"_local_timestamp": "2026-01-25T23:39:00.185729+00:00", "data": {"market": "0x8ca781cf3463eba14e964498e90eebaf052ee43d38c9203e9a34f297df042681", "price_changes": [{"asset_id": "26869015442333096125313540288946102508062634368846792903773444732328994624083", "price": "0.7", "size": "87.56", "side": "BUY", "hash": "7c480ed6b7b2cd6118955d5a75163bcf98989283", "best_bid": "0.72", "best_ask": "0.75"}, {"asset_id": "111109936896047563566561076155377292390307896490118479911334624816759913133425", "price": "0.3", "size": "87.56", "side": "SELL", "hash": "55f1a7b348454f22b5d21b8f3fc521a1cd042f35", "best_bid": "0.25", "best_ask": "0.28"}], "timestamp": "1769384340116", "event_type": "price_change"}}
{"_local_timestamp": "2026-01-25T23:39:03.683294+00:00", "data": {"market": "0x8ca781cf3463eba14e964498e90eebaf052ee43d38c9203e9a34f297df042681", "price_changes": [{"asset_id": "111109936896047563566561076155377292390307896490118479911334624816759913133425", "price": "0.28", "size": "0", "side": "SELL", "hash": "0b9bddedc002f304cdf24916cc0f1db2cffa8749", "best_bid": "0.25", "best_ask": "0.3"}, {"asset_id": "26869015442333096125313540288946102508062634368846792903773444732328994624083", "price": "0.72", "size": "0", "side": "BUY", "hash": "746702b0f13170d708169a766ef2ec0a2a9a142c", "best_bid": "0.7", "best_ask": "0.75"}], "timestamp": "1769384343596", "event_type": "price_change"}}
{"_local_timestamp": "2026-01-25T23:39:04.199003+00:00", "data": {"market": "0x8ca781cf3463eba14e964498e90eebaf052ee43d38c9203e9a34f297df042681", "price_changes": [{"asset_id": "26869015442333096125313540288946102508062634368846792903773444732328994624083", "price": "0.7", "size": "57.56", "side": "BUY", "hash": "948747ece60b62e9cee8d89717bef09261c2ed9f", "best_bid": "0.7", "best_ask": "0.75"}, {"asset_id": "111109936896047563566561076155377292390307896490118479911334624816759913133425", "price": "0.3", "size": "57.56", "side": "SELL", "hash": "f010a45de1421ec16016074919d3fd6cdd8861c0", "best_bid": "0.25", "best_ask": "0.3"}], "timestamp": "1769384344123", "event_type": "price_change"}}
{"_local_timestamp": "2026-01-25T23:39:04.292485+00:00", "data": {"market": "0x8ca781cf3463eba14e964498e90eebaf052ee43d38c9203e9a34f297df042681", "price_changes": [{"asset_id": "26869015442333096125313540288946102508062634368846792903773444732328994624083", "price": "0.71", "size": "100", "side": "BUY", "hash": "599f0ddb275b4870f60a3cc19abde8fddc590b99", "best_bid": "0.71", "best_ask": "0.75"}, {"asset_id": "111109936896047563566561076155377292390307896490118479911334624816759913133425", "price": "0.29", "size": "100", "side": "SELL", "hash": "ec91a751deb2b5e8b80afddfe0a76c05ed2628e9", "best_bid": "0.25", "best_ask": "0.29"}], "timestamp": "1769384344221", "event_type": "price_change"}}
{"_local_timestamp": "2026-01-25T23:39:05.042071+00:00", "data": {"market": "0x8ca781cf3463eba14e964498e90eebaf052ee43d38c9203e9a34f297df042681", "price_changes": [{"asset_id": "26869015442333096125313540288946102508062634368846792903773444732328994624083", "price": "0.72", "size": "30", "side": "BUY", "hash": "30290b24b3580a6c16409dfdc818993527d78883", "best_bid": "0.72", "best_ask": "0.75"}, {"asset_id": "111109936896047563566561076155377292390307896490118479911334624816759913133425", "price": "0.28", "size": "30", "side": "SELL", "hash": "8cab27d91b4e557590c6ec95ea8add716ad78c6d", "best_bid": "0.25", "best_ask": "0.28"}], "timestamp": "1769384344971", "event_type": "price_change"}}
