{"_local_timestamp": "2026-01-25T23:33:44.523769+00:00", "data": [{"market": "0x8ca781cf3463eba14e964498e90eebaf052ee43d38c9203e9a34f297df042681", "asset_id": "111109936896047563566561076155377292390307896490118479911334624816759913133425", "timestamp": "1769383987973", "hash": "fbda37940fa0f48a5f9a63f14b56e6dabe18f47b", "bids": [{"price": "0.01", "size": "3500"}, {"price": "0.02", "size": "757.22"}, {"price": "0.03", "size": "50"}, {"price": "0.04", "size": "1006.19"}, {"price": "0.05", "size": "1843.67"}, {"price": "0.07", "size": "1785.99"}, {"price": "0.08", "size": "250"}, {"price": "0.09", "size": "6.75"}, {"price": "0.11", "size": "1736.34"}, {"price": "0.12", "size": "600"}, {"price": "0.13", "size": "66.66"}, {"price": "0.15", "size": "73.33"}, {"price": "0.17", "size": "76.47"}, {"price": "0.18", "size": "66.66"}, {"price": "0.21", "size": "114.97"}, {"price": "0.23", "size": "34"}, {"price": "0.24", "size": "66.66"}], "asks": [{"price": "0.99", "size": "3109.06"}, {"price": "0.98", "size": "2950"}, {"price": "0.97", "size": "7.42"}, {"price": "0.96", "size": "250"}, {"price": "0.95", "size": "510"}, {"price": "0.92", "size": "650"}, {"price": "0.91", "size": "7.63"}, {"price": "0.88", "size": "833.33"}, {"price": "0.84", "size": "600"}, {"price": "0.8", "size": "140"}, {"price": "0.77", "size": "113.04"}, {"price": "0.76", "size": "506"}, {"price": "0.73", "size": "188.88"}, {"price": "0.72", "size": "7"}, {"price": "0.69", "size": "64.51"}, {"price": "0.66", "size": "125"}, {"price": "0.46", "size": "100"}, {"price": "0.45", "size": "23.63"}, {"price": "0.41", "size": "5.66"}, {"price": "0.4", "size": "343"}, {"price": "0.39", "size": "57.56"}, {"price": "0.35", "size": "57.56"}, {"price": "0.33", "size": "123"}, {"price": "0.32", "size": "130"}, {"price": "0.27", "size": "57.56"}, {"price": "0.26", "size": "25"}], "event_type": "book", "last_trade_price": "0.260"}, {"market": "0x8ca781cf3463eba14e964498e90eebaf052ee43d38c9203e9a34f297df042681", "asset_id": "26869015442333096125313540288946102508062634368846792903773444732328994624083", "timestamp": "1769383987973", "hash": "7910b674fdc1add0c6f4d2774e004bd7d71561d6", "bids": [{"price": "0.01", "size": "3109.06"}, {"price": "0.02", "size": "2950"}, {"price": "0.03", "size": "7.42"}, {"price": "0.04", "size": "250"}, {"price": "0.05", "size": "510"}, {"price": "0.08", "size": "650"}, {"price": "0.09", "size": "7.63"}, {"price": "0.12", "size": "833.33"}, {"price": "0.16", "size": "600"}, {"price": "0.2", "size": "140"}, {"price": "0.23", "size": "113.04"}, {"price": "0.24", "size": "506"}, {"price": "0.27", "size": "188.88"}, {"price": "0.28", "size": "7"}, {"price": "0.31", "size": "64.51"}, {"price": "0.34", "size": "125"}, {"price": "0.54", "size": "100"}, {"price": "0.55", "size": "23.63"}, {"price": "0.59", "size": "5.66"}, {"price": "0.6", "size": "343"}, {"price": "0.61", "size": "57.56"}, {"price": "0.65", "size": "57.56"}, {"price": "0.67", "size": "123"}, {"price": "0.68", "size": "130"}, {"price": "0.73", "size": "57.56"}, {"price": "0.74", "size": "25"}], "asks": [{"price": "0.99", "size": "3500"}, {"price": "0.98", "size": "757.22"}, {"price": "0.97", "size": "50"}, {"price": "0.96", "size": "1006.19"}, {"price": "0.95", "size": "1843.67"}, {"price": "0.93", "size": "1785.99"}, {"price": "0.92", "size": "250"}, {"price": "0.91", "size": "6.75"}, {"price": "0.89", "size": "1736.34"}, {"price": "0.88", "size": "600"}, {"price": "0.87", "size": "66.66"}, {"price": "0.85", "size": "73.33"}, {"price": "0.83", "size": "76.47"}, {"price": "0.82", "size": "66.66"}, {"price": "0.79", "size": "114.97"}, {"price": "0.77", "size": "34"}, {"price": "0.76", "size": "66.66"}], "event_type": "book", "last_trade_price": "0.260"}]}
{"_local_timestamp": "2026-01-25T23:35:31.428050+00:00", "data": {"market": "0x8ca781cf3463eba14e964498e90eebaf052ee43d38c9203e9a34f297df042681", "price_changes": [{"asset_id": "111109936896047563566561076155377292390307896490118479911334624816759913133425", "price": "0.23", "size": "0", "side": "BUY", "hash": "07c5ceb3257554b963b2a27c6f9284a3ef57e192", "best_bid": "0.24", "best_ask": "0.26"}, {"asset_id": "26869015442333096125313540288946102508062634368846792903773444732328994624083", "price": "0.77", "size": "0", "side": "SELL", "hash": "d25f550e06c0b4fdf34f106b8d844737fcbf75ef", "best_bid": "0.74", "best_ask": "0.76"}], "timestamp": "1769384131248", "event_type": "price_change"}}
{"_local_timestamp": "2026-01-25T23:35:33.356277+00:00", "data": {"market": "0x8ca781cf3463eba14e964498e90eebaf052ee43d38c9203e9a34f297df042681", "price_changes": [{"asset_id": "111109936896047563566561076155377292390307896490118479911334624816759913133425", "price": "0.09", "size": "0", "side": "BUY", "hash": "1d2f8872eb2e23783b7b67277475e2445723c32a", "best_bid": "0.24", "best_ask": "0.26"}, {"asset_id": "26869015442333096125313540288946102508062634368846792903773444732328994624083", "price": "0.91", "size": "0", "side": "SELL", "hash": "c85a7678341ce7d425d32fad697afcf7ac6a4ba9", "best_bid": "0.74", "best_ask": "0.76"}], "timestamp": "1769384133285", "event_type": "price_change"}}
{"_local_timestamp": "2026-01-25T23:35:36.701091+00:00", "data": {"market": "0x8ca781cf3463eba14e964498e90eebaf052ee43d38c9203e9a34f297df042681", "price_changes": [{"asset_id": "111109936896047563566561076155377292390307896490118479911334624816759913133425", "price": "0.09", "size": "6.75", "side": "BUY", "hash": "f2b15f73c0a93854d01fd2e924ca045b23687c32", "best_bid": "0.24", "best_ask": "0.26"}, {"asset_id": "26869015442333096125313540288946102508062634368846792903773444732328994624083", "price": "0.91", "size": "6.75", "side": "SELL", "hash": "f6f6518200bb1c858d687d59bb308ee0542c4c7c", "best_bid": "0.74", "best_ask": "0.76"}], "timestamp": "1769384136626", "event_type": "price_change"}}
{"_local_timestamp": "2026-01-25T23:35:40.256916+00:00", "data": {"market": "0x8ca781cf3463eba14e964498e90eebaf052ee43d38c9203e9a34f297df042681", "price_changes": [{"asset_id": "111109936896047563566561076155377292390307896490118479911334624816759913133425", "price": "0.24", "size": "0", "side": "BUY", "hash": "b20cddaca4431bf3dd5a32f84dbd951319e05a0f", "best_bid": "0.21", "best_ask": "0.26"}, {"asset_id": "26869015442333096125313540288946102508062634368846792903773444732328994624083", "price": "0.76", "size": "0", "side": "SELL", "hash": "9ef3c9f4d26e05c5dccd14fab7de250ec8b1bc0e", "best_bid": "0.74", "best_ask": "0.79"}], "timestamp": "1769384140179", "event_type": "price_change"}}
{"_local_timestamp": "2026-01-25T23:35:40.257466+00:00", "data": {"market": "0x8ca781cf3463eba14e964498e90eebaf052ee43d38c9203e9a34f297df042681", "price_changes": [{"asset_id": "26869015442333096125313540288946102508062634368846792903773444732328994624083", "price": "0.73", "size": "0", "side": "BUY", "hash": "57e381d51a6c302a395a34738b231a7a53754187", "best_bid": "0.74", "best_ask": "0.79"}, {"asset_id": "111109936896047563566561076155377292390307896490118479911334624816759913133425", "price": "0.27", "size": "0", "side": "SELL", "hash": "186dd8e55faacb6d17367061352b31eee9169c4b", "best_bid": "0.21", "best_ask": "0.26"}], "timestamp": "1769384140179", "event_type": "price_change"}}
{"_local_timestamp": "2026-01-25T23:35:40.257756+00:00", "data": {"market": "0x8ca781cf3463eba14e964498e90eebaf052ee43d38c9203e9a34f297df042681", "price_changes": [{"asset_id": "26869015442333096125313540288946102508062634368846792903773444732328994624083", "price": "0.65", "size": "0", "side": "BUY", "hash": "57e381d51a6c302a395a34738b231a7a53754187", "best_bid": "0.74", "best_ask": "0.79"}, {"asset_id": "111109936896047563566561076155377292390307896490118479911334624816759913133425", "price": "0.35", "size": "0", "side": "SELL", "hash": "186dd8e55faacb6d17367061352b31eee9169c4b", "best_bid": "0.21", "best_ask": "0.26"}], "timestamp": "1769384140179", "event_type": "price_change"}}
{"_local_timestamp": "2026-01-25T23:35:40.258584+00:00", "data": {"market": "0x8ca781cf3463eba14e964498e90eebaf052ee43d38c9203e9a34f297df042681", "price_changes": [{"asset_id": "26869015442333096125313540288946102508062634368846792903773444732328994624083", "price": "0.61", "size": "0", "side": "BUY", "hash": "57e381d51a6c302a395a34738b231a7a53754187", "best_bid": "0.74", "best_ask": "0.79"}, {"asset_id": "111109936896047563566561076155377292390307896490118479911334624816759913133425", "price": "0.39", "size": "0", "side": "SELL", "hash": "186dd8e55faacb6d17367061352b31eee9169c4b", "best_bid": "0.21", "best_ask": "0.26"}], "timestamp": "1769384140179", "event_type": "price_change"}}
{"_local_timestamp": "2026-01-25T23:35:40.982642+00:00", "data": {"market": "0x8ca781cf3463eba14e964498e90eebaf052ee43d38c9203e9a34f297df042681", "price_changes": [{"asset_id": "26869015442333096125313540288946102508062634368846792903773444732328994624083", "price": "0.35", "size": "30", "side": "BUY", "hash": "131ac4896cef7aee02abc2e341420c821f8b9fb5", "best_bid": "0.74", "best_ask": "0.79"}, {"asset_id": "111109936896047563566561076155377292390307896490118479911334624816759913133425", "price": "0.65", "size": "30", "side": "SELL", "hash": "640238895d4c9cb57bcce499c93495d1f29f5f1b", "best_bid": "0.21", "best_ask": "0.26"}], "timestamp": "1769384140900", "event_type": "price_change"}}
{"_local_timestamp": "2026-01-25T23:35:40.998417+00:00", "data": {"market": "0x8ca781cf3463eba14e964498e90eebaf052ee43d38c9203e9a34f297df042681", "price_changes": [{"asset_id": "111109936896047563566561076155377292390307896490118479911334624816759913133425", "price": "0.22", "size": "66.66", "side": "BUY", "hash": "788b99ec6a87108aedca4683590f904db5d3c122", "best_bid": "0.22", "best_ask": "0.26"}, {"asset_id": "26869015442333096125313540288946102508062634368846792903773444732328994624083", "price": "0.78", "size": "66.66", "side": "SELL", "hash": "3424b8e068ca9a78d5009ec044619eed9e085d5b", "best_bid": "0.74", "best_ask": "0.78"}], "timestamp": "1769384140911", "event_type": "price_change"}}
{"_local_timestamp": "2026-01-25T23:35:41.130882+00:00", "data": {"market": "0x8ca781cf3463eba14e964498e90eebaf052ee43d38c9203e9a34f297df042681", "price_changes": [{"asset_id": "26869015442333096125313540288946102508062634368846792903773444732328994624083", "price": "0.61", "size": "86.34", "side": "BUY", "hash": "1bbe64f5175e9d0196f5ce6db3f6756d13607f19", "best_bid": "0.74", "best_ask": "0.78"}, {"asset_id": "111109936896047563566561076155377292390307896490118479911334624816759913133425", "price": "0.39", "size": "86.34", "side": "SELL", "hash": "0856481ee2fc01662ee5c65eed835560d2780c7a", "best_bid": "0.22", "best_ask": "0.26"}], "timestamp": "1769384141049", "event_type": "price_change"}}
{"_local_timestamp": "2026-01-25T23:35:41.268092+00:00", "data": {"market": "0x8ca781cf3463eba14e964498e90eebaf052ee43d38c9203e9a34f297df042681", "price_changes": [{"asset_id": "111109936896047563566561076155377292390307896490118479911334624816759913133425", "price": "0.26", "size": "0", "side": "SELL", "hash": "b52ccbf25407f490d0d0d6f7692f5d62efe352bc", "best_bid": "0.22", "best_ask": "0.32"}, {"asset_id": "26869015442333096125313540288946102508062634368846792903773444732328994624083", "price": "0.74", "size": "0", "side": "BUY", "hash": "29156421bed908f3e2187c9aad3b03813f9ad93f", "best_bid": "0.68", "best_ask": "0.78"}], "timestamp": "1769384141180", "event_type": "price_change"}}
{"_local_timestamp": "2026-01-25T23:35:41.284234+00:00", "data": {"market": "0x8ca781cf3463eba14e964498e90eebaf052ee43d38c9203e9a34f297df042681", "price_changes": [{"asset_id": "26869015442333096125313540288946102508062634368846792903773444732328994624083", "price": "0.68", "size": "100", "side": "BUY", "hash": "f4b20dc09ae49adfc1eff17d3315acac14f6d616", "best_bid": "0.68", "best_ask": "0.78"}, {"asset_id": "111109936896047563566561076155377292390307896490118479911334624816759913133425", "price": "0.32", "size": "100", "side": "SELL", "hash": "3224cdc0f1e8eb63a04e7457efd29752e628c54c", "best_bid": "0.22", "best_ask": "0.32"}], "timestamp": "1769384141203", "event_type": "price_change"}}
{"_local_timestamp": "2026-01-25T23:35:41.287689+00:00", "data": {"market": "0x8ca781cf3463eba14e964498e90eebaf052ee43d38c9203e9a34f297df042681", "price_changes": [{"asset_id": "26869015442333096125313540288946102508062634368846792903773444732328994624083", "price": "0.67", "size": "209.34", "side": "BUY", "hash": "dd19fc234e3417b672393e72c519ccdc435cbb26", "best_bid": "0.68", "best_ask": "0.78"}, {"asset_id": "111109936896047563566561076155377292390307896490118479911334624816759913133425", "price": "0.33", "size": "209.34", "side": "SELL", "hash": "591f5308d2715eb487c85fc2c405acd4d705fad8", "best_bid": "0.22", "best_ask": "0.32"}], "timestamp": "1769384141206", "event_type": "price_change"}}
{"_local_timestamp": "2026-01-25T23:35:43.145795+00:00", "data": {"market": "0x8ca781cf3463eba14e964498e90eebaf052ee43d38c9203e9a34f297df042681", "price_changes": [{"asset_id": "26869015442333096125313540288946102508062634368846792903773444732328994624083", "price": "0.68", "size": "0", "side": "BUY", "hash": "54f67412f21eb6f6a83b72861d712a901ea9d518", "best_bid": "0.67", "best_ask": "0.78"}, {"asset_id": "111109936896047563566561076155377292390307896490118479911334624816759913133425", "price": "0.32", "size": "0", "side": "SELL", "hash": "904b5311801eeed24ddeba60c24be9acb2ce810a", "best_bid": "0.22", "best_ask": "0.33"}], "timestamp": "1769384143074", "event_type": "price_change"}}
{"_local_timestamp": "2026-01-25T23:35:43.228338+00:00", "data": {"market": "0x8ca781cf3463eba14e964498e90eebaf052ee43d38c9203e9a34f297df042681", "price_changes": [{"asset_id": "26869015442333096125313540288946102508062634368846792903773444732328994624083", "price": "0.23", "size": "0", "side": "BUY", "hash": "e458d409aa5d09be3e3ad10c2de9aa3ad0815251", "best_bid": "0.67", "best_ask": "0.78"}, {"asset_id": "111109936896047563566561076155377292390307896490118479911334624816759913133425", "price": "0.77", "size": "0", "side": "SELL", "hash": "a6294412256c34a786ef885421b246f801c30dae", "best_bid": "0.22", "best_ask": "0.33"}], "timestamp": "1769384143155", "event_type": "price_change"}}
{"_local_timestamp": "2026-01-25T23:35:43.228814+00:00", "data": {"market": "0x8ca781cf3463eba14e964498e90eebaf052ee43d38c9203e9a34f297df042681", "price_changes": [{"asset_id": "26869015442333096125313540288946102508062634368846792903773444732328994624083", "price": "0.2", "size": "0", "side": "BUY", "hash": "e458d409aa5d09be3e3ad10c2de9aa3ad0815251", "best_bid": "0.67", "best_ask": "0.78"}, {"asset_id": "111109936896047563566561076155377292390307896490118479911334624816759913133425", "price": "0.8", "size": "0", "side": "SELL", "hash": "a6294412256c34a786ef885421b246f801c30dae", "best_bid": "0.22", "best_ask": "0.33"}], "timestamp": "1769384143155", "event_type": "price_change"}}
{"_local_timestamp": "2026-01-25T23:35:43.229151+00:00", "data": {"market": "0x8ca781cf3463eba14e964498e90eebaf052ee43d38c9203e9a34f297df042681", "price_changes": [{"asset_id": "26869015442333096125313540288946102508062634368846792903773444732328994624083", "price": "0.12", "size": "550", "side": "BUY", "hash": "e458d409aa5d09be3e3ad10c2de9aa3ad0815251", "best_bid": "0.67", "best_ask": "0.78"}, {"asset_id": "111109936896047563566561076155377292390307896490118479911334624816759913133425", "price": "0.88", "size": "550", "side": "SELL", "hash": "a6294412256c34a786ef885421b246f801c30dae", "best_bid": "0.22", "best_ask": "0.33"}], "timestamp": "1769384143155", "event_type": "price_change"}}
{"_local_timestamp": "2026-01-25T23:35:43.229478+00:00", "data": {"market": "0x8ca781cf3463eba14e964498e90eebaf052ee43d38c9203e9a34f297df042681", "price_changes": [{"asset_id": "26869015442333096125313540288946102508062634368846792903773444732328994624083", "price": "0.08", "size": "200", "side": "BUY", "hash": "e458d409aa5d09be3e3ad10c2de9aa3ad0815251", "best_bid": "0.67", "best_ask": "0.78"}, {"asset_id": "111109936896047563566561076155377292390307896490118479911334624816759913133425", "price": "0.92", "size": "200", "side": "SELL", "hash": "a6294412256c34a786ef885421b246f801c30dae", "best_bid": "0.22", "best_ask": "0.33"}], "timestamp": "1769384143155", "event_type": "price_change"}}
{"_local_timestamp": "2026-01-25T23:35:43.229840+00:00", "data": {"market": "0x8ca781cf3463eba14e964498e90eebaf052ee43d38c9203e9a34f297df042681", "price_changes": [{"asset_id": "26869015442333096125313540288946102508062634368846792903773444732328994624083", "price": "0.31", "size": "0", "side": "BUY", "hash": "e458d409aa5d09be3e3ad10c2de9aa3ad0815251", "best_bid": "0.67", "best_ask": "0.78"}, {"asset_id": "111109936896047563566561076155377292390307896490118479911334624816759913133425", "price": "0.69", "size": "0", "side": "SELL", "hash": "a6294412256c34a786ef885421b246f801c30dae", "best_bid": "0.22", "best_ask": "0.33"}], "timestamp": "1769384143155", "event_type": "price_change"}}
{"_local_timestamp": "2026-01-25T23:35:43.230162+00:00", "data": {"market": "0x8ca781cf3463eba14e964498e90eebaf052ee43d38c9203e9a34f297df042681", "price_changes": [{"asset_id": "26869015442333096125313540288946102508062634368846792903773444732328994624083", "price": "0.27", "size": "100", "side": "BUY", "hash": "e458d409aa5d09be3e3ad10c2de9aa3ad0815251", "best_bid": "0.67", "best_ask": "0.78"}, {"asset_id": "111109936896047563566561076155377292390307896490118479911334624816759913133425", "price": "0.73", "size": "100", "side": "SELL", "hash": "a6294412256c34a786ef885421b246f801c30dae", "best_bid": "0.22", "best_ask": "0.33"}], "timestamp": "1769384143155", "event_type": "price_change"}}
{"_local_timestamp": "2026-01-25T23:35:43.230471+00:00", "data": {"market": "0x8ca781cf3463eba14e964498e90eebaf052ee43d38c9203e9a34f297df042681", "price_changes": [{"asset_id": "26869015442333096125313540288946102508062634368846792903773444732328994624083", "price": "0.16", "size": "400", "side": "BUY", "hash": "e458d409aa5d09be3e3ad10c2de9aa3ad0815251", "best_bid": "0.67", "best_ask": "0.78"}, {"asset_id": "111109936896047563566561076155377292390307896490118479911334624816759913133425", "price": "0.84", "size": "400", "side": "SELL", "hash": "a6294412256c34a786ef885421b246f801c30dae", "best_bid": "0.22", "best_ask": "0.33"}], "timestamp": "1769384143155", "event_type": "price_change"}}
{"_local_timestamp": "2026-01-25T23:35:43.538833+00:00", "data": {"market": "0x8ca781cf3463eba14e964498e90eebaf052ee43d38c9203e9a34f297df042681", "price_changes": [{"asset_id": "26869015442333096125313540288946102508062634368846792903773444732328994624083", "price": "0.62", "size": "100", "side": "BUY", "hash": "b926df19f621df8bf8b69615fc9a7d61e90173c4", "best_bid": "0.67", "best_ask": "0.78"}, {"asset_id": "111109936896047563566561076155377292390307896490118479911334624816759913133425", "price": "0.38", "size": "100", "side": "SELL", "hash": "3c071a508fd8512f035b56c7139c9eace96f6b2a", "best_bid": "0.22", "best_ask": "0.33"}], "timestamp": "1769384143472", "event_type": "price_change"}}
{"_local_timestamp": "2026-01-25T23:35:43.547655+00:00", "data": {"market": "0x8ca781cf3463eba14e964498e90eebaf052ee43d38c9203e9a34f297df042681", "price_changes": [{"asset_id": "111109936896047563566561076155377292390307896490118479911334624816759913133425", "price": "0.23", "size": "100", "side": "BUY", "hash": "9338881d9e2ada08e6d83709b800cd83e49d5b42", "best_bid": "0.23", "best_ask": "0.33"}, {"asset_id": "26869015442333096125313540288946102508062634368846792903773444732328994624083", "price": "0.77", "size": "100", "side": "SELL", "hash": "0fb41b40c1ba56cb7d5a254a11ba837a85a9f9df", "best_bid": "0.67", "best_ask": "0.77"}], "timestamp": "1769384143476", "event_type": "price_change"}}
{"_local_timestamp": "2026-01-25T23:35:43.690726+00:00", "data": {"market": "0x8ca781cf3463eba14e964498e90eebaf052ee43d38c9203e9a34f297df042681", "price_changes": [{"asset_id": "26869015442333096125313540288946102508062634368846792903773444732328994624083", "price": "0.31", "size": "64.51", "side": "BUY", "hash": "4f41626cd96c6c3ca45529fd4e15c3190b76ad88", "best_bid": "0.67", "best_ask": "0.77"}, {"asset_id": "111109936896047563566561076155377292390307896490118479911334624816759913133425", "price": "0.69", "size": "64.51", "side": "SELL", "hash": "a22c4d6fc33edfd5be929a8bb9c4c6973c79444f", "best_bid": "0.23", "best_ask": "0.33"}], "timestamp": "1769384143620", "event_type": "price_change"}}
{"_local_timestamp": "2026-01-25T23:35:43.742953+00:00", "data": {"market": "0x8ca781cf3463eba14e964498e90eebaf052ee43d38c9203e9a34f297df042681", "price_changes": [{"asset_id": "26869015442333096125313540288946102508062634368846792903773444732328994624083", "price": "0.27", "size": "188.88", "side": "BUY", "hash": "0c2054b82e1050b1417e734c28cbfb7ca109a083", "best_bid": "0.67", "best_ask": "0.77"}, {"asset_id": "111109936896047563566561076155377292390307896490118479911334624816759913133425", "price": "0.73", "size": "188.88", "side": "SELL", "hash": "3709d62e55324a35cd34b703710b26c1d7b1ca0b", "best_bid": "0.23", "best_ask": "0.33"}], "timestamp": "1769384143674", "event_type": "price_change"}}
{"_local_timestamp": "2026-01-25T23:35:43.799763+00:00", "data": {"market": "0x8ca781cf3463eba14e964498e90eebaf052ee43d38c9203e9a34f297df042681", "price_changes": [{"asset_id": "26869015442333096125313540288946102508062634368846792903773444732328994624083", "price": "0.23", "size": "113.04", "side": "BUY", "hash": "6ef8b3220174702b2df20b61983b983c2e5f87bc", "best_bid": "0.67", "best_ask": "0.77"}, {"asset_id": "111109936896047563566561076155377292390307896490118479911334624816759913133425", "price": "0.77", "size": "113.04", "side": "SELL", "hash": "d685dcc36f5a807438a98834b02bdff4ba98e585", "best_bid": "0.23", "best_ask": "0.33"}], "timestamp": "1769384143729", "event_type": "price_change"}}
{"_local_timestamp": "2026-01-25T23:35:43.854702+00:00", "data": {"market": "0x8ca781cf3463eba14e964498e90eebaf052ee43d38c9203e9a34f297df042681", "price_changes": [{"asset_id": "26869015442333096125313540288946102508062634368846792903773444732328994624083", "price": "0.19", "size": "147.36", "side": "BUY", "hash": "b6ab01f55fd2d5aed1c3bb64ee0094bb8ddae30b", "best_bid": "0.67", "best_ask": "0.77"}, {"asset_id": "111109936896047563566561076155377292390307896490118479911334624816759913133425", "price": "0.81", "size": "147.36", "side": "SELL", "hash": "93274220b470a502927d8489eccdc0afe918f00a", "best_bid": "0.23", "best_ask": "0.33"}], "timestamp": "1769384143786", "event_type": "price_change"}}
{"_local_timestamp": "2026-01-25T23:35:43.926768+00:00", "data": {"market": "0x8ca781cf3463eba14e964498e90eebaf052ee43d38c9203e9a34f297df042681", "price_changes": [{"asset_id": "26869015442333096125313540288946102508062634368846792903773444732328994624083", "price": "0.15", "size": "213.33", "side": "BUY", "hash": "89c5b3370035fead13ddb9071984bb48c72b24a7", "best_bid": "0.67", "best_ask": "0.77"}, {"asset_id": "111109936896047563566561076155377292390307896490118479911334624816759913133425", "price": "0.85", "size": "213.33", "side": "SELL", "hash": "626cb88c22e6e7dd766dd3eb429b50a86ba40af6", "best_bid": "0.23", "best_ask": "0.33"}], "timestamp": "1769384143850", "event_type": "price_change"}}
{"_local_timestamp": "2026-01-25T23:35:43.976165+00:00", "data": {"market": "0x8ca781cf3463eba14e964498e90eebaf052ee43d38c9203e9a34f297df042681", "price_changes": [{"asset_id": "26869015442333096125313540288946102508062634368846792903773444732328994624083", "price": "0.12", "size": "833.33", "side": "BUY", "hash": "480a2303fc82c050438ea9a07cfd9966a46c86ed", "best_bid": "0.67", "best_ask": "0.77"}, {"asset_id": "111109936896047563566561076155377292390307896490118479911334624816759913133425", "price": "0.88", "size": "833.33", "side": "SELL", "hash": "deccd0d994ca6cd1c61a0b6edf049133b5a8e1b7", "best_bid": "0.23", "best_ask": "0.33"}], "timestamp": "1769384143902", "event_type": "price_change"}}
{"_local_timestamp": "2026-01-25T23:35:44.043582+00:00", "data": {"market": "0x8ca781cf3463eba14e964498e90eebaf052ee43d38c9203e9a34f297df042681", "price_changes": [{"asset_id": "26869015442333096125313540288946102508062634368846792903773444732328994624083", "price": "0.08", "size": "650", "side": "BUY", "hash": "a7c0b1cf1d43f0d1fe32806a99f34dd53fd8e203", "best_bid": "0.67", "best_ask": "0.77"}, {"asset_id": "111109936896047563566561076155377292390307896490118479911334624816759913133425", "price": "0.92", "size": "650", "side": "SELL", "hash": "a8955a1dffab8c5f002366ab4746cd619f504a4b", "best_bid": "0.23", "best_ask": "0.33"}], "timestamp": "1769384143971", "event_type": "price_change"}}
{"_local_timestamp": "2026-01-25T23:35:46.827689+00:00", "data": {"market": "0x8ca781cf3463eba14e964498e90eebaf052ee43d38c9203e9a34f297df042681", "price_changes": [{"asset_id": "26869015442333096125313540288946102508062634368846792903773444732328994624083", "price": "0.63", "size": "30", "side": "BUY", "hash": "c45787a2545d0bbe85fb2ec281b9281f597d657c", "best_bid": "0.67", "best_ask": "0.77"}, {"asset_id": "111109936896047563566561076155377292390307896490118479911334624816759913133425", "price": "0.37", "size": "30", "side": "SELL", "hash": "28292451ed45fafbae0299f1788cfc8e42668afc", "best_bid": "0.23", "best_ask": "0.33"}], "timestamp": "1769384146733", "event_type": "price_change"}}
{"_local_timestamp": "2026-01-25T23:35:47.103437+00:00", "data": {"market": "0x8ca781cf3463eba14e964498e90eebaf052ee43d38c9203e9a34f297df042681", "price_changes": [{"asset_id": "26869015442333096125313540288946102508062634368846792903773444732328994624083", "price": "0.35", "size": "0", "side": "BUY", "hash": "354fc16dfeb2e63cb07489920269435279288cb4", "best_bid": "0.67", "best_ask": "0.77"}, {"asset_id": "111109936896047563566561076155377292390307896490118479911334624816759913133425", "price": "0.65", "size": "0", "side": "SELL", "hash": "bc3c00096d112d9cc2643a6fb3b74cabf36d86f3", "best_bid": "0.23", "best_ask": "0.33"}], "timestamp": "1769384147029", "event_type": "price_change"}}
{"_local_timestamp": "2026-01-25T23:35:56.217133+00:00", "data": {"market": "0x8ca781cf3463eba14e964498e90eebaf052ee43d38c9203e9a34f297df042681", "price_changes": [{"asset_id": "111109936896047563566561076155377292390307896490118479911334624816759913133425", "price": "0.32", "size": "25", "side": "SELL", "hash": "0cc9d4e8719d44e70277e78941807a9f762f8830", "best_bid": "0.23", "best_ask": "0.32"}, {"asset_id": "26869015442333096125313540288946102508062634368846792903773444732328994624083", "price": "0.68", "size": "25", "side": "BUY", "hash": "75093e54a933d3e67ea35626d4a5e8ce00d52bc2", "best_bid": "0.68", "best_ask": "0.77"}], "timestamp": "1769384156141", "event_type": "price_change"}}
{"_local_timestamp": "2026-01-25T23:36:34.087329+00:00", "data": {"market": "0x8ca781cf3463eba14e964498e90eebaf052ee43d38c9203e9a34f297df042681", "price_changes": [{"asset_id": "111109936896047563566561076155377292390307896490118479911334624816759913133425", "price": "0.24", "size": "37", "side": "BUY", "hash": "c0cf06614eab6ca65fe032dc4b88e093936954d7", "best_bid": "0.24", "best_ask": "0.32"}, {"asset_id": "26869015442333096125313540288946102508062634368846792903773444732328994624083", "price": "0.76", "size": "37", "side": "SELL", "hash": "eb66aa46710f1e6c10237210268d7cc3a5cc94cf", "best_bid": "0.68", "best_ask": "0.76"}], "timestamp": "1769384193981", "event_type": "price_change"}}
{"_local_timestamp": "2026-01-25T23:36:37.797343+00:00", "data": {"market": "0x8ca781cf3463eba14e964498e90eebaf052ee43d38c9203e9a34f297df042681", "price_changes": [{"asset_id": "111109936896047563566561076155377292390307896490118479911334624816759913133425", "price": "0.23", "size": "0", "side": "BUY", "hash": "26890efebcbb246d9472c49ce6c05685f09fa0e0", "best_bid": "0.24", "best_ask": "0.32"}, {"asset_id": "26869015442333096125313540288946102508062634368846792903773444732328994624083", "price": "0.77", "size": "0", "side": "SELL", "hash": "6f6d8c906452317fa516187ce16f09c3c54897f6", "best_bid": "0.68", "best_ask": "0.76"}], "timestamp": "1769384197711", "event_type": "price_change"}}
{"_local_timestamp": "2026-01-25T23:36:38.379790+00:00", "data": {"market": "0x8ca781cf3463eba14e964498e90eebaf052ee43d38c9203e9a34f297df042681", "price_changes": [{"asset_id": "111109936896047563566561076155377292390307896490118479911334624816759913133425", "price": "0.25", "size": "100", "side": "BUY", "hash": "361f6ae1030b61458e8810222d2358af5a83fd06", "best_bid": "0.25", "best_ask": "0.32"}, {"asset_id": "26869015442333096125313540288946102508062634368846792903773444732328994624083", "price": "0.75", "size": "100", "side": "SELL", "hash": "27c2388d3d349974c16d9c7059836cb9ac9fad08", "best_bid": "0.68", "best_ask": "0.75"}], "timestamp": "1769384198308", "event_type": "price_change"}}
{"_local_timestamp": "2026-01-25T23:36:38.405096+00:00", "data": {"market": "0x8ca781cf3463eba14e964498e90eebaf052ee43d38c9203e9a34f297df042681", "price_changes": [{"asset_id": "26869015442333096125313540288946102508062634368846792903773444732328994624083", "price": "0.08", "size": "200", "side": "BUY", "hash": "23d56f80da169dc9f8776af819f929d9b98a08d4", "best_bid": "0.68", "best_ask": "0.75"}, {"asset_id": "111109936896047563566561076155377292390307896490118479911334624816759913133425", "price": "0.92", "size": "200", "side": "SELL", "hash": "5134b2cfc3903f7835d08351a5310d5152dbfde5", "best_bid": "0.25", "best_ask": "0.32"}], "timestamp": "1769384198338", "event_type": "price_change"}}
{"_local_timestamp": "2026-01-25T23:36:38.405568+00:00", "data": {"market": "0x8ca781cf3463eba14e964498e90eebaf052ee43d38c9203e9a34f297df042681", "price_changes": [{"asset_id": "26869015442333096125313540288946102508062634368846792903773444732328994624083", "price": "0.12", "size": "550", "side": "BUY", "hash": "23d56f80da169dc9f8776af819f929d9b98a08d4", "best_bid": "0.68", "best_ask": "0.75"}, {"asset_id": "111109936896047563566561076155377292390307896490118479911334624816759913133425", "price": "0.88", "size": "550", "side": "SELL", "hash": "5134b2cfc3903f7835d08351a5310d5152dbfde5", "best_bid": "0.25", "best_ask": "0.32"}], "timestamp": "1769384198338", "event_type": "price_change"}}
{"_local_timestamp": "2026-01-25T23:36:38.415776+00:00", "data": {"market": "0x8ca781cf3463eba14e964498e90eebaf052ee43d38c9203e9a34f297df042681", "price_changes": [{"asset_id": "26869015442333096125313540288946102508062634368846792903773444732328994624083", "price": "0.23", "size": "0", "side": "BUY", "hash": "23d56f80da169dc9f8776af819f929d9b98a08d4", "best_bid": "0.68", "best_ask": "0.75"}, {"asset_id": "111109936896047563566561076155377292390307896490118479911334624816759913133425", "price": "0.77", "size": "0", "side": "SELL", "hash": "5134b2cfc3903f7835d08351a5310d5152dbfde5", "best_bid": "0.25", "best_ask": "0.32"}], "timestamp": "1769384198338", "event_type": "price_change"}}
{"_local_timestamp": "2026-01-25T23:36:38.419874+00:00", "data": {"market": "0x8ca781cf3463eba14e964498e90eebaf052ee43d38c9203e9a34f297df042681", "price_changes": [{"asset_id": "26869015442333096125313540288946102508062634368846792903773444732328994624083", "price": "0.15", "size": "0", "side": "BUY", "hash": "23d56f80da169dc9f8776af819f929d9b98a08d4", "best_bid": "0.68", "best_ask": "0.75"}, {"asset_id": "111109936896047563566561076155377292390307896490118479911334624816759913133425", "price": "0.85", "size": "0", "side": "SELL", "hash": "5134b2cfc3903f7835d08351a5310d5152dbfde5", "best_bid": "0.25", "best_ask": "0.32"}], "timestamp": "1769384198338", "event_type": "price_change"}}
{"_local_timestamp": "2026-01-25T23:36:38.420319+00:00", "data": {"market": "0x8ca781cf3463eba14e964498e90eebaf052ee43d38c9203e9a34f297df042681", "price_changes": [{"asset_id": "26869015442333096125313540288946102508062634368846792903773444732328994624083", "price": "0.31", "size": "0", "side": "BUY", "hash": "23d56f80da169dc9f8776af819f929d9b98a08d4", "best_bid": "0.68", "best_ask": "0.75"}, {"asset_id": "111109936896047563566561076155377292390307896490118479911334624816759913133425", "price": "0.69", "size": "0", "side": "SELL", "hash": "5134b2cfc3903f7835d08351a5310d5152dbfde5", "best_bid": "0.25", "best_ask": "0.32"}], "timestamp": "1769384198338", "event_type": "price_change"}}
{"_local_timestamp": "2026-01-25T23:36:38.420742+00:00", "data": {"market": "0x8ca781cf3463eba14e964498e90eebaf052ee43d38c9203e9a34f297df042681", "price_changes": [{"asset_id": "26869015442333096125313540288946102508062634368846792903773444732328994624083", "price": "0.19", "size": "0", "side": "BUY", "hash": "23d56f80da169dc9f8776af819f929d9b98a08d4", "best_bid": "0.68", "best_ask": "0.75"}, {"asset_id": "111109936896047563566561076155377292390307896490118479911334624816759913133425", "price": "0.81", "size": "0", "side": "SELL", "hash": "5134b2cfc3903f7835d08351a5310d5152dbfde5", "best_bid": "0.25", "best_ask": "0.32"}], "timestamp": "1769384198338", "event_type": "price_change"}}
{"_local_timestamp": "2026-01-25T23:36:38.421194+00:00", "data": {"market": "0x8ca781cf3463eba14e964498e90eebaf052ee43d38c9203e9a34f297df042681", "price_changes": [{"asset_id": "26869015442333096125313540288946102508062634368846792903773444732328994624083", "price": "0.27", "size": "100", "side": "BUY", "hash": "23d56f80da169dc9f8776af819f929d9b98a08d4", "best_bid": "0.68", "best_ask": "0.75"}, {"asset_id": "111109936896047563566561076155377292390307896490118479911334624816759913133425", "price": "0.73", "size": "100", "side": "SELL", "hash": "5134b2cfc3903f7835d08351a5310d5152dbfde5", "best_bid": "0.25", "best_ask": "0.32"}], "timestamp": "1769384198338", "event_type": "price_change"}}
{"_local_timestamp": "2026-01-25T23:36:38.449542+00:00", "data": {"market": "0x8ca781cf3463eba14e964498e90eebaf052ee43d38c9203e9a34f297df042681", "price_changes": [{"asset_id": "26869015442333096125313540288946102508062634368846792903773444732328994624083", "price": "0.3", "size": "66.66", "side": "BUY", "hash": "dcc3ba6307ca28e2b8de68ccdb978138b6d52e22", "best_bid": "0.68", "best_ask": "0.75"}, {"asset_id": "111109936896047563566561076155377292390307896490118479911334624816759913133425", "price": "0.7", "size": "66.66", "side": "SELL", "hash": "7d13a44cb3efa991c11c0b078e9d5a6d8f7a59de", "best_bid": "0.25", "best_ask": "0.32"}], "timestamp": "1769384198376", "event_type": "price_change"}}
{"_local_timestamp": "2026-01-25T23:36:38.491161+00:00", "data": {"market": "0x8ca781cf3463eba14e964498e90eebaf052ee43d38c9203e9a34f297df042681", "price_changes": [{"asset_id": "26869015442333096125313540288946102508062634368846792903773444732328994624083", "price": "0.26", "size": "92.3", "side": "BUY", "hash": "3c48113a46eab3aa30be40d10b8b9c4baffbc45a", "best_bid": "0.68", "best_ask": "0.75"}, {"asset_id": "111109936896047563566561076155377292390307896490118479911334624816759913133425", "price": "0.74", "size": "92.3", "side": "SELL", "hash": "db83d89243209f6f5f0559646dea9099ea6d3a2d", "best_bid": "0.25", "best_ask": "0.32"}], "timestamp": "1769384198422", "event_type": "price_change"}}
{"_local_timestamp": "2026-01-25T23:36:38.540618+00:00", "data": {"market": "0x8ca781cf3463eba14e964498e90eebaf052ee43d38c9203e9a34f297df042681", "price_changes": [{"asset_id": "26869015442333096125313540288946102508062634368846792903773444732328994624083", "price": "0.23", "size": "113.04", "side": "BUY", "hash": "5af292445b1a0d6b984be4174707299e54208065", "best_bid": "0.68", "best_ask": "0.75"}, {"asset_id": "111109936896047563566561076155377292390307896490118479911334624816759913133425", "price": "0.77", "size": "113.04", "side": "SELL", "hash": "fa013765853565b5c372a2ab17a5714dd9bf981a", "best_bid": "0.25", "best_ask": "0.32"}], "timestamp": "1769384198464", "event_type": "price_change"}}
{"_local_timestamp": "2026-01-25T23:36:38.571565+00:00", "data": {"market": "0x8ca781cf3463eba14e964498e90eebaf052ee43d38c9203e9a34f297df042681", "price_changes": [{"asset_id": "26869015442333096125313540288946102508062634368846792903773444732328994624083", "price": "0.19", "size": "147.36", "side": "BUY", "hash": "d674d42429ac103a0a3be6fbbbf9b31f924e3d7c", "best_bid": "0.68", "best_ask": "0.75"}, {"asset_id": "111109936896047563566561076155377292390307896490118479911334624816759913133425", "price": "0.81", "size": "147.36", "side": "SELL", "hash": "38e0b5f643c02baf44c1dc2ad3c32329de936f35", "best_bid": "0.25", "best_ask": "0.32"}], "timestamp": "1769384198504", "event_type": "price_change"}}
{"_local_timestamp": "2026-01-25T23:36:38.632033+00:00", "data": {"market": "0x8ca781cf3463eba14e964498e90eebaf052ee43d38c9203e9a34f297df042681", "price_changes": [{"asset_id": "26869015442333096125313540288946102508062634368846792903773444732328994624083", "price": "0.15", "size": "213.33", "side": "BUY", "hash": "b80209f67ce43240b72cd7f638d4c867d65a580d", "best_bid": "0.68", "best_ask": "0.75"}, {"asset_id": "111109936896047563566561076155377292390307896490118479911334624816759913133425", "price": "0.85", "size": "213.33", "side": "SELL", "hash": "bda4a82f5409a486f4bb443bc00a603e70b3dc6a", "best_bid": "0.25", "best_ask": "0.32"}], "timestamp": "1769384198545", "event_type": "price_change"}}
{"_local_timestamp": "2026-01-25T23:36:38.650702+00:00", "data": {"market": "0x8ca781cf3463eba14e964498e90eebaf052ee43d38c9203e9a34f297df042681", "price_changes": [{"asset_id": "26869015442333096125313540288946102508062634368846792903773444732328994624083", "price": "0.11", "size": "309.09", "side": "BUY", "hash": "8efd56d6084a296887c12be937b8467e667a2ecd", "best_bid": "0.68", "best_ask": "0.75"}, {"asset_id": "111109936896047563566561076155377292390307896490118479911334624816759913133425", "price": "0.89", "size": "309.09", "side": "SELL", "hash": "f884fd06789500f1a104bf0aa6acd27e4c258291", "best_bid": "0.25", "best_ask": "0.32"}], "timestamp": "1769384198583", "event_type": "price_change"}}
{"_local_timestamp": "2026-01-25T23:36:38.701804+00:00", "data": {"market": "0x8ca781cf3463eba14e964498e90eebaf052ee43d38c9203e9a34f297df042681", "price_changes": [{"asset_id": "26869015442333096125313540288946102508062634368846792903773444732328994624083", "price": "0.07", "size": "514.28", "side": "BUY", "hash": "a00783dd66042a7944a397e2c0ce890b410dd0ad", "best_bid": "0.68", "best_ask": "0.75"}, {"asset_id": "111109936896047563566561076155377292390307896490118479911334624816759913133425", "price": "0.93", "size": "514.28", "side": "SELL", "hash": "f5cb25476bef55bc2a50eb905469fc8bd93a7960", "best_bid": "0.25", "best_ask": "0.32"}], "timestamp": "1769384198623", "event_type": "price_change"}}
{"_local_timestamp": "2026-01-25T23:37:23.940017+00:00", "data": {"market": "0x8ca781cf3463eba14e964498e90eebaf052ee43d38c9203e9a34f297df042681", "price_changes": [{"asset_id": "26869015442333096125313540288946102508062634368846792903773444732328994624083", "price": "0.27", "size": "50", "side": "BUY", "hash": "32fd7077bc9e859e5cce112ede1268e69f535184", "best_bid": "0.68", "best_ask": "0.75"}, {"asset_id": "111109936896047563566561076155377292390307896490118479911334624816759913133425", "price": "0.73", "size": "50", "side": "SELL", "hash": "18f6d4783e89183d3f67ed7e3377ed7c7e6e6ad7", "best_bid": "0.25", "best_ask": "0.32"}], "timestamp": "1769384243850", "event_type": "price_change"}}
{"_local_timestamp": "2026-01-25T23:37:24.196522+00:00", "data": {"market": "0x8ca781cf3463eba14e964498e90eebaf052ee43d38c9203e9a34f297df042681", "price_changes": [{"asset_id": "26869015442333096125313540288946102508062634368846792903773444732328994624083", "price": "0.26", "size": "142.3", "side": "BUY", "hash": "9076fd4bf536ec18bff107d7677bd54cbe007bbe", "best_bid": "0.68", "best_ask": "0.75"}, {"asset_id": "111109936896047563566561076155377292390307896490118479911334624816759913133425", "price": "0.74", "size": "142.3", "side": "SELL", "hash": "dfecb0b2db60a651475c8f220ec09e92f94b2f3e", "best_bid": "0.25", "best_ask": "0.32"}], "timestamp": "1769384244103", "event_type": "price_change"}}
