{"_local_timestamp": "2026-01-25T23:40:53.192585+00:00", "data": [{"market": "0x8ca781cf3463eba14e964498e90eebaf052ee43d38c9203e9a34f297df042681", "asset_id": "111109936896047563566561076155377292390307896490118479911334624816759913133425", "timestamp": "1769384426018", "hash": "36e44ce4332370f772f2b228d710958460cd3ff6", "bids": [{"price": "0.01", "size": "3500"}, {"price": "0.02", "size": "757.22"}, {"price": "0.03", "size": "50"}, {"price": "0.04", "size": "1006.19"}, {"price": "0.05", "size": "1843.67"}, {"price": "0.07", "size": "1785.99"}, {"price": "0.08", "size": "250"}, {"price": "0.09", "size": "6.75"}, {"price": "0.11", "size": "1736.34"}, {"price": "0.12", "size": "600"}, {"price": "0.13", "size": "100"}, {"price": "0.15", "size": "73.33"}, {"price": "0.17", "size": "76.47"}, {"price": "0.19", "size": "100"}, {"price": "0.21", "size": "114.97"}, {"price": "0.22", "size": "40"}, {"price": "0.23", "size": "129.99"}], "asks": [{"price": "0.99", "size": "3109.06"}, {"price": "0.98", "size": "2950"}, {"price": "0.97", "size": "7.42"}, {"price": "0.96", "size": "250"}, {"price": "0.95", "size": "510"}, {"price": "0.93", "size": "200"}, {"price": "0.92", "size": "450"}, {"price": "0.91", "size": "7.63"}, {"price": "0.89", "size": "309.09"}, {"price": "0.88", "size": "550"}, {"price": "0.85", "size": "213.33"}, {"price": "0.84", "size": "400"}, {"price": "0.81", "size": "147.36"}, {"price": "0.77", "size": "113.04"}, {"price": "0.76", "size": "506"}, {"price": "0.73", "size": "188.88"}, {"price": "0.72", "size": "7"}, {"price": "0.7", "size": "66.66"}, {"price": "0.66", "size": "125"}, {"price": "0.46", "size": "100"}, {"price": "0.45", "size": "23.63"}, {"price": "0.41", "size": "5.66"}, {"price": "0.4", "size": "343"}, {"price": "0.39", "size": "57.56"}, {"price": "0.35", "size": "57.56"}, {"price": "0.33", "size": "123"}, {"price": "0.3", "size": "57.56"}, {"price": "0.29", "size": "100"}, {"price": "0.28", "size": "30"}, {"price": "0.27", "size": "25"}], "event_type": "book", "last_trade_price": "0.260"}, {"market": "0x8ca781cf3463eba14e964498e90eebaf052ee43d38c9203e9a34f297df042681", "asset_id": "26869015442333096125313540288946102508062634368846792903773444732328994624083", "timestamp": "1769384426018", "hash": "2348caed3d4726df1b6cd212d3e53b58b058b4f6", "bids": [{"price": "0.01", "size": "3109.06"}, {"price": "0.02", "size": "2950"}, {"price": "0.03", "size": "7.42"}, {"price": "0.04", "size": "250"}, {"price": "0.05", "size": "510"}, {"price": "0.07", "size": "200"}, {"price": "0.08", "size": "450"}, {"price": "0.09", "size": "7.63"}, {"price": "0.11", "size": "309.09"}, {"price": "0.12", "size": "550"}, {"price": "0.15", "size": "213.33"}, {"price": "0.16", "size": "400"}, {"price": "0.19", "size": "147.36"}, {"price": "0.23", "size": "113.04"}, {"price": "0.24", "size": "506"}, {"price": "0.27", "size": "188.88"}, {"price": "0.28", "size": "7"}, {"price": "0.3", "size": "66.66"}, {"price": "0.34", "size": "125"}, {"price": "0.54", "size": "100"}, {"price": "0.55", "size": "23.63"}, {"price": "0.59", "size": "5.66"}, {"price": "0.6", "size": "343"}, {"price": "0.61", "size": "57.56"}, {"price": "0.65", "size": "57.56"}, {"price": "0.67", "size": "123"}, {"price": "0.7", "size": "57.56"}, {"price": "0.71", "size": "100"}, {"price": "0.72", "size": "30"}, {"price": "0.73", "size": "25"}], "asks": [{"price": "0.99", "size": "3500"}, {"price": "0.98", "size": "757.22"}, {"price": "0.97", "size": "50"}, {"price": "0.96", "size": "1006.19"}, {"price": "0.95", "size": "1843.67"}, {"price": "0.93", "size": "1785.99"}, {"price": "0.92", "size": "250"}, {"price": "0.91", "size": "6.75"}, {"price": "0.89", "size": "1736.34"}, {"price": "0.88", "size": "600"}, {"price": "0.87", "size": "100"}, {"price": "0.85", "size": "73.33"}, {"price": "0.83", "size": "76.47"}, {"price": "0.81", "size": "100"}, {"price": "0.79", "size": "114.97"}, {"price": "0.78", "size": "40"}, {"price": "0.77", "size": "129.99"}], "event_type": "book", "last_trade_price": "0.260"}]}
{"_local_timestamp": "2026-01-25T23:40:59.179960+00:00", "data": {"market": "0x8ca781cf3463eba14e964498e90eebaf052ee43d38c9203e9a34f297df042681", "price_changes": [{"asset_id": "26869015442333096125313540288946102508062634368846792903773444732328994624083", "price": "0.07", "size": "0", "side": "BUY", "hash": "ecccb228f271bf8f23f8f43319356fc25a4a5f08", "best_bid": "0.73", "best_ask": "0.77"}, {"asset_id": "111109936896047563566561076155377292390307896490118479911334624816759913133425", "price": "0.93", "size": "0", "side": "SELL", "hash": "af777b71d4ea87fc4d5c4e7a21c1e0b4972aa11e", "best_bid": "0.23", "best_ask": "0.27"}], "timestamp": "1769384459095", "event_type": "price_change"}}
{"_local_timestamp": "2026-01-25T23:40:59.569119+00:00", "data": {"market": "0x8ca781cf3463eba14e964498e90eebaf052ee43d38c9203e9a34f297df042681", "price_changes": [{"asset_id": "26869015442333096125313540288946102508062634368846792903773444732328994624083", "price": "0.08", "size": "650", "side": "BUY", "hash": "47dceb7b80c0b0032657e6a64ae2c063cc082bbb", "best_bid": "0.73", "best_ask": "0.77"}, {"asset_id": "111109936896047563566561076155377292390307896490118479911334624816759913133425", "price": "0.92", "size": "650", "side": "SELL", "hash": "780c7c4f8e1ab44478602da4c02f054a3af3f09c", "best_bid": "0.23", "best_ask": "0.27"}], "timestamp": "1769384459457", "event_type": "price_change"}}
{"_local_timestamp": "2026-01-25T23:41:06.947529+00:00", "data": {"market": "0x8ca781cf3463eba14e964498e90eebaf052ee43d38c9203e9a34f297df042681", "price_changes": [{"asset_id": "26869015442333096125313540288946102508062634368846792903773444732328994624083", "price": "0.7", "size": "0", "side": "BUY", "hash": "9b46a98b3802c757d085181a64db15d125a74295", "best_bid": "0.73", "best_ask": "0.77"}, {"asset_id": "111109936896047563566561076155377292390307896490118479911334624816759913133425", "price": "0.3", "size": "0", "side": "SELL", "hash": "ce361d41c24f75df1de8df80e55c7f970d4c17d0", "best_bid": "0.23", "best_ask": "0.27"}], "timestamp": "1769384466809", "event_type": "price_change"}}
{"_local_timestamp": "2026-01-25T23:41:06.948804+00:00", "data": {"market": "0x8ca781cf3463eba14e964498e90eebaf052ee43d38c9203e9a34f297df042681", "price_changes": [{"asset_id": "26869015442333096125313540288946102508062634368846792903773444732328994624083", "price": "0.65", "size": "0", "side": "BUY", "hash": "9b46a98b3802c757d085181a64db15d125a74295", "best_bid": "0.73", "best_ask": "0.77"}, {"asset_id": "111109936896047563566561076155377292390307896490118479911334624816759913133425", "price": "0.35", "size": "0", "side": "SELL", "hash": "ce361d41c24f75df1de8df80e55c7f970d4c17d0", "best_bid": "0.23", "best_ask": "0.27"}], "timestamp": "1769384466809", "event_type": "price_change"}}
{"_local_timestamp": "2026-01-25T23:41:06.949512+00:00", "data": {"market": "0x8ca781cf3463eba14e964498e90eebaf052ee43d38c9203e9a34f297df042681", "price_changes": [{"asset_id": "26869015442333096125313540288946102508062634368846792903773444732328994624083", "price": "0.61", "size": "0", "side": "BUY", "hash": "9b46a98b3802c757d085181a64db15d125a74295", "best_bid": "0.73", "best_ask": "0.77"}, {"asset_id": "111109936896047563566561076155377292390307896490118479911334624816759913133425", "price": "0.39", "size": "0", "side": "SELL", "hash": "ce361d41c24f75df1de8df80e55c7f970d4c17d0", "best_bid": "0.23", "best_ask": "0.27"}], "timestamp": "1769384466809", "event_type": "price_change"}}
{"_local_timestamp": "2026-01-25T23:41:06.950180+00:00", "data": {"market": "0x8ca781cf3463eba14e964498e90eebaf052ee43d38c9203e9a34f297df042681", "price_changes": [{"asset_id": "111109936896047563566561076155377292390307896490118479911334624816759913133425", "price": "0.19", "size": "0", "side": "BUY", "hash": "3598e1cc42cdcb8f50be66a6fb216f6590ef2f25", "best_bid": "0.23", "best_ask": "0.27"}, {"asset_id": "26869015442333096125313540288946102508062634368846792903773444732328994624083", "price": "0.81", "size": "0", "side": "SELL", "hash": "197f0fede14779440110add8475a77d00d6e3fbb", "best_bid": "0.73", "best_ask": "0.77"}], "timestamp": "1769384466809", "event_type": "price_change"}}
{"_local_timestamp": "2026-01-25T23:41:06.950893+00:00", "data": {"market": "0x8ca781cf3463eba14e964498e90eebaf052ee43d38c9203e9a34f297df042681", "price_changes": [{"asset_id": "111109936896047563566561076155377292390307896490118479911334624816759913133425", "price": "0.13", "size": "0", "side": "BUY", "hash": "3598e1cc42cdcb8f50be66a6fb216f6590ef2f25", "best_bid": "0.23", "best_ask": "0.27"}, {"asset_id": "26869015442333096125313540288946102508062634368846792903773444732328994624083", "price": "0.87", "size": "0", "side": "SELL", "hash": "197f0fede14779440110add8475a77d00d6e3fbb", "best_bid": "0.73", "best_ask": "0.77"}], "timestamp": "1769384466809", "event_type": "price_change"}}
{"_local_timestamp": "2026-01-25T23:41:07.351899+00:00", "data": {"market": "0x8ca781cf3463eba14e964498e90eebaf052ee43d38c9203e9a34f297df042681", "price_changes": [{"asset_id": "111109936896047563566561076155377292390307896490118479911334624816759913133425", "price": "0.23", "size": "100", "side": "BUY", "hash": "d6fd35b08da662a5c751c422e44da86eb3c49134", "best_bid": "0.23", "best_ask": "0.27"}, {"asset_id": "26869015442333096125313540288946102508062634368846792903773444732328994624083", "price": "0.77", "size": "100", "side": "SELL", "hash": "3e4e9d93813cafb2add97c1d374a49c6adfbd3eb", "best_bid": "0.73", "best_ask": "0.77"}], "timestamp": "1769384467273", "event_type": "price_change"}}
{"_local_timestamp": "2026-01-25T23:41:07.487602+00:00", "data": {"market": "0x8ca781cf3463eba14e964498e90eebaf052ee43d38c9203e9a34f297df042681", "price_changes": [{"asset_id": "26869015442333096125313540288946102508062634368846792903773444732328994624083", "price": "0.67", "size": "209.34", "side": "BUY", "hash": "118bccf8f39aa033e79c6546e22c1491ec217e3a", "best_bid": "0.73", "best_ask": "0.77"}, {"asset_id": "111109936896047563566561076155377292390307896490118479911334624816759913133425", "price": "0.33", "size": "209.34", "side": "SELL", "hash": "b592988a791726799785f42072f03ebf49831459", "best_bid": "0.23", "best_ask": "0.27"}], "timestamp": "1769384467418", "event_type": "price_change"}}
{"_local_timestamp": "2026-01-25T23:41:07.642406+00:00", "data": {"market": "0x8ca781cf3463eba14e964498e90eebaf052ee43d38c9203e9a34f297df042681", "price_changes": [{"asset_id": "26869015442333096125313540288946102508062634368846792903773444732328994624083", "price": "0.61", "size": "86.34", "side": "BUY", "hash": "542ad7c7ef700e6ca8272de42045b5d8904446f4", "best_bid": "0.73", "best_ask": "0.77"}, {"asset_id": "111109936896047563566561076155377292390307896490118479911334624816759913133425", "price": "0.39", "size": "86.34", "side": "SELL", "hash": "818639f574267e8d21d63f3ae67a1fb552ed017f", "best_bid": "0.23", "best_ask": "0.27"}], "timestamp": "1769384467574", "event_type": "price_change"}}
{"_local_timestamp": "2026-01-25T23:41:07.736854+00:00", "data": {"market": "0x8ca781cf3463eba14e964498e90eebaf052ee43d38c9203e9a34f297df042681", "price_changes": [{"asset_id": "111109936896047563566561076155377292390307896490118479911334624816759913133425", "price": "0.24", "size": "66.66", "side": "BUY", "hash": "71cdae3f64e80b5d32696c8b299a73f8df250844", "best_bid": "0.24", "best_ask": "0.27"}, {"asset_id": "26869015442333096125313540288946102508062634368846792903773444732328994624083", "price": "0.76", "size": "66.66", "side": "SELL", "hash": "3146c5e531dba1105f7b98bdd4dd753579f0eea2", "best_bid": "0.73", "best_ask": "0.76"}], "timestamp": "1769384467654", "event_type": "price_change"}}
{"_local_timestamp": "2026-01-25T23:41:07.741444+00:00", "data": {"market": "0x8ca781cf3463eba14e964498e90eebaf052ee43d38c9203e9a34f297df042681", "price_changes": [{"asset_id": "111109936896047563566561076155377292390307896490118479911334624816759913133425", "price": "0.13", "size": "66.66", "side": "BUY", "hash": "8001e9aa18403d58aa480458cd419640795042aa", "best_bid": "0.24", "best_ask": "0.27"}, {"asset_id": "26869015442333096125313540288946102508062634368846792903773444732328994624083", "price": "0.87", "size": "66.66", "side": "SELL", "hash": "9d07edbd4db5bbf3ac46d2334926b518a56acffd", "best_bid": "0.73", "best_ask": "0.76"}], "timestamp": "1769384467664", "event_type": "price_change"}}
{"_local_timestamp": "2026-01-25T23:41:07.794175+00:00", "data": {"market": "0x8ca781cf3463eba14e964498e90eebaf052ee43d38c9203e9a34f297df042681", "price_changes": [{"asset_id": "111109936896047563566561076155377292390307896490118479911334624816759913133425", "price": "0.18", "size": "66.66", "side": "BUY", "hash": "2b7d2dbefd200076e4fe93c50a6f3f752a137a70", "best_bid": "0.24", "best_ask": "0.27"}, {"asset_id": "26869015442333096125313540288946102508062634368846792903773444732328994624083", "price": "0.82", "size": "66.66", "side": "SELL", "hash": "087bf6ada6711c210293520b02f447bcb2daaec6", "best_bid": "0.73", "best_ask": "0.76"}], "timestamp": "1769384467729", "event_type": "price_change"}}
{"_local_timestamp": "2026-01-25T23:41:08.284825+00:00", "data": {"market": "0x8ca781cf3463eba14e964498e90eebaf052ee43d38c9203e9a34f297df042681", "price_changes": [{"asset_id": "26869015442333096125313540288946102508062634368846792903773444732328994624083", "price": "0.71", "size": "0", "side": "BUY", "hash": "45e143873d6611a1c9b6a4a4eb64bdf46e5b4888", "best_bid": "0.73", "best_ask": "0.76"}, {"asset_id": "111109936896047563566561076155377292390307896490118479911334624816759913133425", "price": "0.29", "size": "0", "side": "SELL", "hash": "b3f86e0804147740cdeba1aaefcfbbabbda389cc", "best_bid": "0.24", "best_ask": "0.27"}], "timestamp": "1769384468217", "event_type": "price_change"}}
{"_local_timestamp": "2026-01-25T23:41:08.296274+00:00", "data": {"market": "0x8ca781cf3463eba14e964498e90eebaf052ee43d38c9203e9a34f297df042681", "price_changes": [{"asset_id": "111109936896047563566561076155377292390307896490118479911334624816759913133425", "price": "0.23", "size": "0", "side": "BUY", "hash": "955e1f002fce751d4d4d2b497882de30c4ec2e26", "best_bid": "0.24", "best_ask": "0.27"}, {"asset_id": "26869015442333096125313540288946102508062634368846792903773444732328994624083", "price": "0.77", "size": "0", "side": "SELL", "hash": "db238b2bbca2573302af308b312e2272193b56d6", "best_bid": "0.73", "best_ask": "0.76"}], "timestamp": "1769384468219", "event_type": "price_change"}}
{"_local_timestamp": "2026-01-25T23:41:08.895602+00:00", "data": {"market": "0x8ca781cf3463eba14e964498e90eebaf052ee43d38c9203e9a34f297df042681", "price_changes": [{"asset_id": "26869015442333096125313540288946102508062634368846792903773444732328994624083", "price": "0.62", "size": "100", "side": "BUY", "hash": "5fd9f339de006efdf9ea78fc884c260c836c01cd", "best_bid": "0.73", "best_ask": "0.76"}, {"asset_id": "111109936896047563566561076155377292390307896490118479911334624816759913133425", "price": "0.38", "size": "100", "side": "SELL", "hash": "d1679c4d0db2a888aeff026a94dc42c6737a6cec", "best_bid": "0.24", "best_ask": "0.27"}], "timestamp": "1769384468825", "event_type": "price_change"}}
{"_local_timestamp": "2026-01-25T23:41:11.761721+00:00", "data": {"market": "0x8ca781cf3463eba14e964498e90eebaf052ee43d38c9203e9a34f297df042681", "price_changes": [{"asset_id": "26869015442333096125313540288946102508062634368846792903773444732328994624083", "price": "0.63", "size": "30", "side": "BUY", "hash": "2a4541fba832302e620ea0c174f9c265e585da65", "best_bid": "0.73", "best_ask": "0.76"}, {"asset_id": "111109936896047563566561076155377292390307896490118479911334624816759913133425", "price": "0.37", "size": "30", "side": "SELL", "hash": "e0243783fa83d2ef6cd2884d6cb60dc51a935735", "best_bid": "0.24", "best_ask": "0.27"}], "timestamp": "1769384471672", "event_type": "price_change"}}
{"_local_timestamp": "2026-01-25T23:41:12.096883+00:00", "data": {"market": "0x8ca781cf3463eba14e964498e90eebaf052ee43d38c9203e9a34f297df042681", "price_changes": [{"asset_id": "26869015442333096125313540288946102508062634368846792903773444732328994624083", "price": "0.72", "size": "0", "side": "BUY", "hash": "bb76903890a3fa5f6528f2356d6469d90233c161", "best_bid": "0.73", "best_ask": "0.76"}, {"asset_id": "111109936896047563566561076155377292390307896490118479911334624816759913133425", "price": "0.28", "size": "0", "side": "SELL", "hash": "47ce6c72c101ea23375744fb7f14cdd56f476512", "best_bid": "0.24", "best_ask": "0.27"}], "timestamp": "1769384471984", "event_type": "price_change"}}
