{"_local_timestamp": "2026-01-25T23:33:33.514196+00:00", "data": [{"market": "0x46b782a18426ab82d96e9c852a2b6bff770d8f243c2424b5ed03de769e13f9fb", "asset_id": "13593052586325000446709582137812971752882380552216365768148264280183256663088", "timestamp": "1769383727046", "hash": "1c4d10a9f47a68fa68d9cc3c2919ab1951f343eb", "bids": [{"price": "0.01", "size": "77.58"}, {"price": "0.02", "size": "105.3"}, {"price": "0.03", "size": "16.15"}, {"price": "0.05", "size": "30"}, {"price": "0.06", "size": "33"}, {"price": "0.07", "size": "16"}, {"price": "0.08", "size": "6.16"}, {"price": "0.13", "size": "66.66"}, {"price": "0.14", "size": "25.76"}, {"price": "0.25", "size": "86.66"}], "asks": [{"price": "0.99", "size": "74.18"}, {"price": "0.98", "size": "16.23"}, {"price": "0.97", "size": "14.95"}, {"price": "0.96", "size": "66.66"}, {"price": "0.95", "size": "53"}, {"price": "0.91", "size": "77.76"}], "event_type": "book", "last_trade_price": ""}, {"market": "0x87a3e85253e6582039dd81b3ea6a0fd0539143f8c732ba4aed24e68036480b28", "asset_id": "45318435221612832094784717763123657631651393620997545753198426041889379453599", "timestamp": "1769383829539", "hash": "7706273b33215e960eceb79dd1008eb86788ce9e", "bids": [{"price": "0.01", "size": "85.99"}, {"price": "0.02", "size": "100"}, {"price": "0.03", "size": "11.76"}, {"price": "0.05", "size": "30"}, {"price": "0.06", "size": "33"}, {"price": "0.07", "size": "20.76"}, {"price": "0.16", "size": "66.66"}, {"price": "0.17", "size": "36"}, {"price": "0.24", "size": "50"}, {"price": "0.25", "size": "20"}, {"price": "0.3", "size": "86.66"}], "asks": [{"price": "0.99", "size": "106.66"}, {"price": "0.98", "size": "116.66"}, {"price": "0.96", "size": "79.96"}], "event_type": "book", "last_trade_price": ""}, {"market": "0xd5e2394a45ef085fc74b1fe63f4f66ecfd90f4be11c17b463066c83381e359b5", "asset_id": "18613142422999826770305000181378750194642276252526901807989118105733664807547", "timestamp": "1769383623048", "hash": "68105db42c595e737725b6addb01cff1d0031a19", "bids": [{"price": "0.01", "size": "74.18"}, {"price": "0.02", "size": "16.23"}, {"price": "0.04", "size": "66.66"}, {"price": "0.05", "size": "60"}, {"price": "0.09", "size": "77.76"}], "asks": [{"price": "0.99", "size": "77.58"}, {"price": "0.98", "size": "105.3"}, {"price": "0.97", "size": "16.15"}, {"price": "0.95", "size": "30"}, {"price": "0.94", "size": "33"}, {"price": "0.93", "size": "16"}, {"price": "0.92", "size": "6.16"}, {"price": "0.87", "size": "66.66"}, {"price": "0.86", "size": "25.76"}, {"price": "0.75", "size": "86.66"}], "event_type": "book", "last_trade_price": ""}, {"market": "0x3ddd971b3a8e67051ee345a3a87a3c0fe9d15be30812725cff89521c40fa8a0d", "asset_id": "96697108261472676745981293167954495575603771826437678598688679975050747335477", "timestamp": "1769383559026", "hash": "0dca67e62004d930c4dff5a565c5396d5b91b29e", "bids": [{"price": "0.01", "size": "77.58"}, {"price": "0.02", "size": "105.3"}, {"price": "0.03", "size": "16.16"}, {"price": "0.05", "size": "30"}, {"price": "0.06", "size": "33"}, {"price": "0.07", "size": "16"}, {"price": "0.08", "size": "6.16"}, {"price": "0.13", "size": "66.66"}, {"price": "0.14", "size": "25.76"}, {"price": "0.25", "size": "86.66"}], "asks": [{"price": "0.99", "size": "74.18"}, {"price": "0.98", "size": "16.23"}, {"price": "0.96", "size": "66.66"}, {"price": "0.95", "size": "60"}, {"price": "0.91", "size": "77.76"}], "event_type": "book", "last_trade_price": ""}, {"market": "0x3ddd971b3a8e67051ee345a3a87a3c0fe9d15be30812725cff89521c40fa8a0d", "asset_id": "2352920750303513301625082190929911354733304052515399175376106508464441882348", "timestamp": "1769383559026", "hash": "ae8497281f7f14e3a5bd0c1440e912870d0ae22d", "bids": [{"price": "0.01", "size": "74.18"}, {"price": "0.02", "size": "16.23"}, {"price": "0.04", "size": "66.66"}, {"price": "0.05", "size": "60"}, {"price": "0.09", "size": "77.76"}], "asks": [{"price": "0.99", "size": "77.58"}, {"price": "0.98", "size": "105.3"}, {"price": "0.97", "size": "16.16"}, {"price": "0.95", "size": "30"}, {"price": "0.94", "size": "33"}, {"price": "0.93", "size": "16"}, {"price": "0.92", "size": "6.16"}, {"price": "0.87", "size": "66.66"}, {"price": "0.86", "size": "25.76"}, {"price": "0.75", "size": "86.66"}], "event_type": "book", "last_trade_price": ""}, {"market": "0x822f37728057e11d2bbe8427a0ef03be63722028a7520955cc6136a065c6da0d", "asset_id": "13249473985353068986811288577249212900998519100291422192608722204359803367339", "timestamp": "1769383979031", "hash": "e7da3f5f92669882126574199da3178b70400fc4", "bids": [{"price": "0.01", "size": "86.66"}, {"price": "0.02", "size": "100"}, {"price": "0.03", "size": "12.41"}, {"price": "0.05", "size": "30"}, {"price": "0.06", "size": "33"}, {"price": "0.07", "size": "6.38"}, {"price": "0.13", "size": "56"}, {"price": "0.14", "size": "7"}, {"price": "0.15", "size": "66.66"}, {"price": "0.16", "size": "20"}, {"price": "0.3", "size": "86.66"}], "asks": [{"price": "0.99", "size": "106.66"}, {"price": "0.98", "size": "116.66"}, {"price": "0.96", "size": "79.96"}], "event_type": "book", "last_trade_price": ""}, {"market": "0x46b782a18426ab82d96e9c852a2b6bff770d8f243c2424b5ed03de769e13f9fb", "asset_id": "55087079764812396396204543029129506994684538416978385072032315722132324825985", "timestamp": "1769383727046", "hash": "ed98d311c432048be1fcdbbc62bce48249e29350", "bids": [{"price": "0.01", "size": "74.18"}, {"price": "0.02", "size": "16.23"}, {"price": "0.03", "size": "14.95"}, {"price": "0.04", "size": "66.66"}, {"price": "0.05", "size": "53"}, {"price": "0.09", "size": "77.76"}], "asks": [{"price": "0.99", "size": "77.58"}, {"price": "0.98", "size": "105.3"}, {"price": "0.97", "size": "16.15"}, {"price": "0.95", "size": "30"}, {"price": "0.94", "size": "33"}, {"price": "0.93", "size": "16"}, {"price": "0.92", "size": "6.16"}, {"price": "0.87", "size": "66.66"}, {"price": "0.86", "size": "25.76"}, {"price": "0.75", "size": "86.66"}], "event_type": "book", "last_trade_price": ""}, {"market": "0xd5e2394a45ef085fc74b1fe63f4f66ecfd90f4be11c17b463066c83381e359b5", "asset_id": "19239818599073080846381798313260561909263567254693310790716636631814342980778", "timestamp": "1769383623048", "hash": "6856e06c6168a8c985984102e482de4823556791", "bids": [{"price": "0.01", "size": "77.58"}, {"price": "0.02", "size": "105.3"}, {"price": "0.03", "size": "16.15"}, {"price": "0.05", "size": "30"}, {"price": "0.06", "size": "33"}, {"price": "0.07", "size": "16"}, {"price": "0.08", "size": "6.16"}, {"price": "0.13", "size": "66.66"}, {"price": "0.14", "size": "25.76"}, {"price": "0.25", "size": "86.66"}], "asks": [{"price": "0.99", "size": "74.18"}, {"price": "0.98", "size": "16.23"}, {"price": "0.96", "size": "66.66"}, {"price": "0.95", "size": "60"}, {"price": "0.91", "size": "77.76"}], "event_type": "book", "last_trade_price": ""}, {"market": "0x87a3e85253e6582039dd81b3ea6a0fd0539143f8c732ba4aed24e68036480b28", "asset_id": "16172116803459113417413993185957766686463871760786546735326168242020186969322", "timestamp": "1769383829539", "hash": "a67087df0d1d24208fd2a1bd6913f234265a63fb", "bids": [{"price": "0.01", "size": "106.66"}, {"price": "0.02", "size": "116.66"}, {"price": "0.04", "size": "79.96"}], "asks": [{"price": "0.99", "size": "85.99"}, {"price": "0.98", "size": "100"}, {"price": "0.97", "size": "11.76"}, {"price": "0.95", "size": "30"}, {"price": "0.94", "size": "33"}, {"price": "0.93", "size": "20.76"}, {"price": "0.84", "size": "66.66"}, {"price": "0.83", "size": "36"}, {"price": "0.76", "size": "50"}, {"price": "0.75", "size": "20"}, {"price": "0.7", "size": "86.66"}], "event_type": "book", "last_trade_price": ""}, {"market": "0x822f37728057e11d2bbe8427a0ef03be63722028a7520955cc6136a065c6da0d", "asset_id": "27317282775503648192978387873913751340641479160152227273941409173822860614543", "timestamp": "1769383979031", "hash": "32eceb6ba9ef4b648c2eab93903a4d4f3075a30d", "bids": [{"price": "0.01", "size": "106.66"}, {"price": "0.02", "size": "116.66"}, {"price": "0.04", "size": "79.96"}], "asks": [{"price": "0.99", "size": "86.66"}, {"price": "0.98", "size": "100"}, {"price": "0.97", "size": "12.41"}, {"price": "0.95", "size": "30"}, {"price": "0.94", "size": "33"}, {"price": "0.93", "size": "6.38"}, {"price": "0.87", "size": "56"}, {"price": "0.86", "size": "7"}, {"price": "0.85", "size": "66.66"}, {"price": "0.84", "size": "20"}, {"price": "0.7", "size": "86.66"}], "event_type": "book", "last_trade_price": ""}]}
{"_local_timestamp": "2026-01-25T23:33:34.129799+00:00", "data": {"market": "0x87a3e85253e6582039dd81b3ea6a0fd0539143f8c732ba4aed24e68036480b28", "price_changes": [{"asset_id": "45318435221612832094784717763123657631651393620997545753198426041889379453599", "price": "0.02", "size": "0", "side": "BUY", "hash": "1c97e97e518974f010ac9ee7b3d0328d0d5ccef9", "best_bid": "0.3", "best_ask": "0.96"}, {"asset_id": "16172116803459113417413993185957766686463871760786546735326168242020186969322", "price": "0.98", "size": "0", "side": "SELL", "hash": "9d6d7fbffc574fedc95352972ae4d019f542abec", "best_bid": "0.04", "best_ask": "0.7"}], "timestamp": "1769384014062", "event_type": "price_change"}}
{"_local_timestamp": "2026-01-25T23:33:34.198810+00:00", "data": {"market": "0x87a3e85253e6582039dd81b3ea6a0fd0539143f8c732ba4aed24e68036480b28", "price_changes": [{"asset_id": "45318435221612832094784717763123657631651393620997545753198426041889379453599", "price": "0.02", "size": "100", "side": "BUY", "hash": "f1a4794d908fa4e9cfe3d436673aa8928b35524b", "best_bid": "0.3", "best_ask": "0.96"}, {"asset_id": "16172116803459113417413993185957766686463871760786546735326168242020186969322", "price": "0.98", "size": "100", "side": "SELL", "hash": "b5ff478e03fa206599f73694b9e768a780c1e72a", "best_bid": "0.04", "best_ask": "0.7"}], "timestamp": "1769384014110", "event_type": "price_change"}}
{"_local_timestamp": "2026-01-25T23:34:47.071679+00:00", "data": {"market": "0x3ddd971b3a8e67051ee345a3a87a3c0fe9d15be30812725cff89521c40fa8a0d", "price_changes": [{"asset_id": "96697108261472676745981293167954495575603771826437678598688679975050747335477", "price": "0.25", "size": "66.66", "side": "BUY", "hash": "31868f60dd7f1a6a48570079c601956b6494cbeb", "best_bid": "0.25", "best_ask": "0.91"}, {"asset_id": "2352920750303513301625082190929911354733304052515399175376106508464441882348", "price": "0.75", "size": "66.66", "side": "SELL", "hash": "6c8954cfef047d6d3728bb0c44b4b610091b2207", "best_bid": "0.09", "best_ask": "0.75"}], "timestamp": "1769384087000", "event_type": "price_change"}}
{"_local_timestamp": "2026-01-25T23:34:47.109463+00:00", "data": {"market": "0x3ddd971b3a8e67051ee345a3a87a3c0fe9d15be30812725cff89521c40fa8a0d", "price_changes": [{"asset_id": "96697108261472676745981293167954495575603771826437678598688679975050747335477", "price": "0.25", "size": "86.66", "side": "BUY", "hash": "94bb331ab00fdc53860b1fba151c26840b24d2ce", "best_bid": "0.25", "best_ask": "0.91"}, {"asset_id": "2352920750303513301625082190929911354733304052515399175376106508464441882348", "price": "0.75", "size": "86.66", "side": "SELL", "hash": "90a130bf69683f013266f5eadc2ed1ee0cb52c78", "best_bid": "0.09", "best_ask": "0.75"}], "timestamp": "1769384087024", "event_type": "price_change"}}
{"_local_timestamp": "2026-01-25T23:34:52.077249+00:00", "data": {"market": "0x87a3e85253e6582039dd81b3ea6a0fd0539143f8c732ba4aed24e68036480b28", "price_changes": [{"asset_id": "45318435221612832094784717763123657631651393620997545753198426041889379453599", "price": "0.3", "size": "66.66", "side": "BUY", "hash": "c827da5c0e3ae738173448ae710f60489698d049", "best_bid": "0.3", "best_ask": "0.96"}, {"asset_id": "16172116803459113417413993185957766686463871760786546735326168242020186969322", "price": "0.7", "size": "66.66", "side": "SELL", "hash": "bea7ca393ce5bd5aeb007745fc569c5ca5239767", "best_bid": "0.04", "best_ask": "0.7"}], "timestamp": "1769384092002", "event_type": "price_change"}}
{"_local_timestamp": "2026-01-25T23:34:52.105995+00:00", "data": {"market": "0x87a3e85253e6582039dd81b3ea6a0fd0539143f8c732ba4aed24e68036480b28", "price_changes": [{"asset_id": "45318435221612832094784717763123657631651393620997545753198426041889379453599", "price": "0.3", "size": "86.66", "side": "BUY", "hash": "4d607253a681f08db4a4369958f61924ef24f233", "best_bid": "0.3", "best_ask": "0.96"}, {"asset_id": "16172116803459113417413993185957766686463871760786546735326168242020186969322", "price": "0.7", "size": "86.66", "side": "SELL", "hash": "e00c6e31ca625decfa31b67d91005057a21a38aa", "best_bid": "0.04", "best_ask": "0.7"}], "timestamp": "1769384092037", "event_type": "price_change"}}
{"_local_timestamp": "2026-01-25T23:35:11.675553+00:00", "data": {"market": "0x822f37728057e11d2bbe8427a0ef03be63722028a7520955cc6136a065c6da0d", "price_changes": [{"asset_id": "27317282775503648192978387873913751340641479160152227273941409173822860614543", "price": "0.01", "size": "66.66", "side": "BUY", "hash": "e5efe53a63ff5e422079027f216b6b79bb55058c", "best_bid": "0.04", "best_ask": "0.7"}, {"asset_id": "13249473985353068986811288577249212900998519100291422192608722204359803367339", "price": "0.99", "size": "66.66", "side": "SELL", "hash": "8aa75ef8909037b1a762b5b0574dcfb860a66fec", "best_bid": "0.3", "best_ask": "0.96"}], "timestamp": "1769384111472", "event_type": "price_change"}}
{"_local_timestamp": "2026-01-25T23:35:11.901032+00:00", "data": {"market": "0x822f37728057e11d2bbe8427a0ef03be63722028a7520955cc6136a065c6da0d", "price_changes": [{"asset_id": "27317282775503648192978387873913751340641479160152227273941409173822860614543", "price": "0.01", "size": "106.66", "side": "BUY", "hash": "8316d8414357048cba423f31678659986c6462cd", "best_bid": "0.04", "best_ask": "0.7"}, {"asset_id": "13249473985353068986811288577249212900998519100291422192608722204359803367339", "price": "0.99", "size": "106.66", "side": "SELL", "hash": "8101fd982d91ea4f2cbea584d8bb8ec2c5113a17", "best_bid": "0.3", "best_ask": "0.96"}], "timestamp": "1769384111706", "event_type": "price_change"}}
{"_local_timestamp": "2026-01-25T23:35:13.741951+00:00", "data": {"market": "0x87a3e85253e6582039dd81b3ea6a0fd0539143f8c732ba4aed24e68036480b28", "price_changes": [{"asset_id": "16172116803459113417413993185957766686463871760786546735326168242020186969322", "price": "0.01", "size": "66.66", "side": "BUY", "hash": "45534e9eb84f4df267a601d2ca513c7b39a8baad", "best_bid": "0.04", "best_ask": "0.7"}, {"asset_id": "45318435221612832094784717763123657631651393620997545753198426041889379453599", "price": "0.99", "size": "66.66", "side": "SELL", "hash": "a2c82f9c12858b6e103d76d03d36ed6d3e3c8631", "best_bid": "0.3", "best_ask": "0.96"}], "timestamp": "1769384113485", "event_type": "price_change"}}
{"_local_timestamp": "2026-01-25T23:35:14.167868+00:00", "data": {"market": "0x87a3e85253e6582039dd81b3ea6a0fd0539143f8c732ba4aed24e68036480b28", "price_changes": [{"asset_id": "16172116803459113417413993185957766686463871760786546735326168242020186969322", "price": "0.01", "size": "106.66", "side": "BUY", "hash": "8e615e4824116d146b24e4bfcda990c496f42086", "best_bid": "0.04", "best_ask": "0.7"}, {"asset_id": "45318435221612832094784717763123657631651393620997545753198426041889379453599", "price": "0.99", "size": "106.66", "side": "SELL", "hash": "c42f4da24846380597041f7fc26000528a36fd01", "best_bid": "0.3", "best_ask": "0.96"}], "timestamp": "1769384113959", "event_type": "price_change"}}
{"_local_timestamp": "2026-01-25T23:35:14.207342+00:00", "data": {"market": "0xd5e2394a45ef085fc74b1fe63f4f66ecfd90f4be11c17b463066c83381e359b5", "price_changes": [{"asset_id": "19239818599073080846381798313260561909263567254693310790716636631814342980778", "price": "0.25", "size": "66.66", "side": "BUY", "hash": "295946414616bdb673db1fe9de1045c27f10db94", "best_bid": "0.25", "best_ask": "0.91"}, {"asset_id": "18613142422999826770305000181378750194642276252526901807989118105733664807547", "price": "0.75", "size": "66.66", "side": "SELL", "hash": "4640479e8352bd113f8544bd1c7144888b0a4462", "best_bid": "0.09", "best_ask": "0.75"}], "timestamp": "1769384114000", "event_type": "price_change"}}
{"_local_timestamp": "2026-01-25T23:35:14.246961+00:00", "data": {"market": "0xd5e2394a45ef085fc74b1fe63f4f66ecfd90f4be11c17b463066c83381e359b5", "price_changes": [{"asset_id": "19239818599073080846381798313260561909263567254693310790716636631814342980778", "price": "0.25", "size": "86.66", "side": "BUY", "hash": "a176e0206c013bc1e1256dadcfb1282a42ed2262", "best_bid": "0.25", "best_ask": "0.91"}, {"asset_id": "18613142422999826770305000181378750194642276252526901807989118105733664807547", "price": "0.75", "size": "86.66", "side": "SELL", "hash": "78ae5733adb6ed09f366131f83d90cdd75c03e46", "best_bid": "0.09", "best_ask": "0.75"}], "timestamp": "1769384114032", "event_type": "price_change"}}
{"_local_timestamp": "2026-01-25T23:36:26.068133+00:00", "data": {"market": "0x46b782a18426ab82d96e9c852a2b6bff770d8f243c2424b5ed03de769e13f9fb", "price_changes": [{"asset_id": "13593052586325000446709582137812971752882380552216365768148264280183256663088", "price": "0.25", "size": "66.66", "side": "BUY", "hash": "e446346adb1647e80e76d6456a8ae1ac38211b5e", "best_bid": "0.25", "best_ask": "0.91"}, {"asset_id": "55087079764812396396204543029129506994684538416978385072032315722132324825985", "price": "0.75", "size": "66.66", "side": "SELL", "hash": "e3b790b92dd59c25c4788abe164f07a48744232a", "best_bid": "0.09", "best_ask": "0.75"}], "timestamp": "1769384186000", "event_type": "price_change"}}
{"_local_timestamp": "2026-01-25T23:36:26.129739+00:00", "data": {"market": "0x46b782a18426ab82d96e9c852a2b6bff770d8f243c2424b5ed03de769e13f9fb", "price_changes": [{"asset_id": "13593052586325000446709582137812971752882380552216365768148264280183256663088", "price": "0.25", "size": "86.66", "side": "BUY", "hash": "3e6ed9c589df0c07ec0568cb109c655a8e27ae16", "best_bid": "0.25", "best_ask": "0.91"}, {"asset_id": "55087079764812396396204543029129506994684538416978385072032315722132324825985", "price": "0.75", "size": "86.66", "side": "SELL", "hash": "e380f539ec1aeec9950b55f6379b531ca7269034", "best_bid": "0.09", "best_ask": "0.75"}], "timestamp": "1769384186026", "event_type": "price_change"}}
{"_local_timestamp": "2026-01-25T23:37:31.725385+00:00", "data": {"market": "0x87a3e85253e6582039dd81b3ea6a0fd0539143f8c732ba4aed24e68036480b28", "price_changes": [{"asset_id": "45318435221612832094784717763123657631651393620997545753198426041889379453599", "price": "0.3", "size": "66.66", "side": "BUY", "hash": "58c45dddc4e1e675414a9cfa85e8f9e2f822c3aa", "best_bid": "0.3", "best_ask": "0.96"}, {"asset_id": "16172116803459113417413993185957766686463871760786546735326168242020186969322", "price": "0.7", "size": "66.66", "side": "SELL", "hash": "9c9ef2aad29ce41aa845d54256ff9a840ee082af", "best_bid": "0.04", "best_ask": "0.7"}], "timestamp": "1769384251653", "event_type": "price_change"}}
{"_local_timestamp": "2026-01-25T23:37:31.757860+00:00", "data": {"market": "0x46b782a18426ab82d96e9c852a2b6bff770d8f243c2424b5ed03de769e13f9fb", "price_changes": [{"asset_id": "13593052586325000446709582137812971752882380552216365768148264280183256663088", "price": "0.25", "size": "66.66", "side": "BUY", "hash": "4db8dadfeebe824ce552f48ff06a915daec7f50c", "best_bid": "0.25", "best_ask": "0.91"}, {"asset_id": "55087079764812396396204543029129506994684538416978385072032315722132324825985", "price": "0.75", "size": "66.66", "side": "SELL", "hash": "a7670c15497c7d68c7b24329a723a72227315c7e", "best_bid": "0.09", "best_ask": "0.75"}], "timestamp": "1769384251653", "event_type": "price_change"}}
{"_local_timestamp": "2026-01-25T23:37:32.052821+00:00", "data": {"market": "0x3ddd971b3a8e67051ee345a3a87a3c0fe9d15be30812725cff89521c40fa8a0d", "price_changes": [{"asset_id": "96697108261472676745981293167954495575603771826437678598688679975050747335477", "price": "0.25", "size": "66.66", "side": "BUY", "hash": "c0191d4f1284e3dd75bb35130af0f99569519d7f", "best_bid": "0.25", "best_ask": "0.91"}, {"asset_id": "2352920750303513301625082190929911354733304052515399175376106508464441882348", "price": "0.75", "size": "66.66", "side": "SELL", "hash": "54b9bda7adf1571aa3e44bf5743c11f6e31f31ae", "best_bid": "0.09", "best_ask": "0.75"}], "timestamp": "1769384251913", "event_type": "price_change"}}
{"_local_timestamp": "2026-01-25T23:37:32.069275+00:00", "data": {"market": "0x822f37728057e11d2bbe8427a0ef03be63722028a7520955cc6136a065c6da0d", "price_changes": [{"asset_id": "13249473985353068986811288577249212900998519100291422192608722204359803367339", "price": "0.3", "size": "66.66", "side": "BUY", "hash": "58772cf7e0487990c2f333796fddcf5335064d83", "best_bid": "0.3", "best_ask": "0.96"}, {"asset_id": "27317282775503648192978387873913751340641479160152227273941409173822860614543", "price": "0.7", "size": "66.66", "side": "SELL", "hash": "2d91d179cf4ec21fd3be9f023ab68f909ac150e1", "best_bid": "0.04", "best_ask": "0.7"}], "timestamp": "1769384251913", "event_type": "price_change"}}
{"_local_timestamp": "2026-01-25T23:37:32.077540+00:00", "data": {"market": "0xd5e2394a45ef085fc74b1fe63f4f66ecfd90f4be11c17b463066c83381e359b5", "price_changes": [{"asset_id": "19239818599073080846381798313260561909263567254693310790716636631814342980778", "price": "0.25", "size": "66.66", "side": "BUY", "hash": "9a437e532479825a6ebea034071b48da74c93c60", "best_bid": "0.25", "best_ask": "0.91"}, {"asset_id": "18613142422999826770305000181378750194642276252526901807989118105733664807547", "price": "0.75", "size": "66.66", "side": "SELL", "hash": "b0d09844f622ae77f4989b94f8731d9911bfb68d", "best_bid": "0.09", "best_ask": "0.75"}], "timestamp": "1769384251915", "event_type": "price_change"}}
{"_local_timestamp": "2026-01-25T23:37:55.100702+00:00", "data": {"market": "0x87a3e85253e6582039dd81b3ea6a0fd0539143f8c732ba4aed24e68036480b28", "price_changes": [{"asset_id": "45318435221612832094784717763123657631651393620997545753198426041889379453599", "price": "0.3", "size": "0", "side": "BUY", "hash": "2aa77556651918d7e305b58c4599c51aeea6eea7", "best_bid": "0.25", "best_ask": "0.96"}, {"asset_id": "16172116803459113417413993185957766686463871760786546735326168242020186969322", "price": "0.7", "size": "0", "side": "SELL", "hash": "5cfcb84b2809b70c4847513a38088a20af39b66c", "best_bid": "0.04", "best_ask": "0.75"}], "timestamp": "1769384275027", "event_type": "price_change"}}
{"_local_timestamp": "2026-01-25T23:37:55.101051+00:00", "data": {"market": "0x3ddd971b3a8e67051ee345a3a87a3c0fe9d15be30812725cff89521c40fa8a0d", "price_changes": [{"asset_id": "96697108261472676745981293167954495575603771826437678598688679975050747335477", "price": "0.25", "size": "0", "side": "BUY", "hash": "cb595f347c081f687a71dd498f6af2606477267d", "best_bid": "0.14", "best_ask": "0.91"}, {"asset_id": "2352920750303513301625082190929911354733304052515399175376106508464441882348", "price": "0.75", "size": "0", "side": "SELL", "hash": "a85093ebb2e9a81432a290fa45fcf90a59010fbc", "best_bid": "0.09", "best_ask": "0.86"}], "timestamp": "1769384275027", "event_type": "price_change"}}
{"_local_timestamp": "2026-01-25T23:37:55.101361+00:00", "data": {"market": "0x3ddd971b3a8e67051ee345a3a87a3c0fe9d15be30812725cff89521c40fa8a0d", "price_changes": [{"asset_id": "96697108261472676745981293167954495575603771826437678598688679975050747335477", "price": "0.13", "size": "0", "side": "BUY", "hash": "cb595f347c081f687a71dd498f6af2606477267d", "best_bid": "0.14", "best_ask": "0.91"}, {"asset_id": "2352920750303513301625082190929911354733304052515399175376106508464441882348", "price": "0.87", "size": "0", "side": "SELL", "hash": "a85093ebb2e9a81432a290fa45fcf90a59010fbc", "best_bid": "0.09", "best_ask": "0.86"}], "timestamp": "1769384275027", "event_type": "price_change"}}
{"_local_timestamp": "2026-01-25T23:37:55.101627+00:00", "data": {"market": "0x46b782a18426ab82d96e9c852a2b6bff770d8f243c2424b5ed03de769e13f9fb", "price_changes": [{"asset_id": "13593052586325000446709582137812971752882380552216365768148264280183256663088", "price": "0.25", "size": "0", "side": "BUY", "hash": "78751b973414189d6a40fba5cb4a4126cae31219", "best_bid": "0.14", "best_ask": "0.91"}, {"asset_id": "55087079764812396396204543029129506994684538416978385072032315722132324825985", "price": "0.75", "size": "0", "side": "SELL", "hash": "45865799f7293604f925a6b47b49f3a855252c0b", "best_bid": "0.09", "best_ask": "0.86"}], "timestamp": "1769384275027", "event_type": "price_change"}}
{"_local_timestamp": "2026-01-25T23:37:55.101895+00:00", "data": {"market": "0x46b782a18426ab82d96e9c852a2b6bff770d8f243c2424b5ed03de769e13f9fb", "price_changes": [{"asset_id": "13593052586325000446709582137812971752882380552216365768148264280183256663088", "price": "0.13", "size": "0", "side": "BUY", "hash": "78751b973414189d6a40fba5cb4a4126cae31219", "best_bid": "0.14", "best_ask": "0.91"}, {"asset_id": "55087079764812396396204543029129506994684538416978385072032315722132324825985", "price": "0.87", "size": "0", "side": "SELL", "hash": "45865799f7293604f925a6b47b49f3a855252c0b", "best_bid": "0.09", "best_ask": "0.86"}], "timestamp": "1769384275027", "event_type": "price_change"}}
{"_local_timestamp": "2026-01-25T23:37:55.102187+00:00", "data": {"market": "0xd5e2394a45ef085fc74b1fe63f4f66ecfd90f4be11c17b463066c83381e359b5", "price_changes": [{"asset_id": "19239818599073080846381798313260561909263567254693310790716636631814342980778", "price": "0.25", "size": "0", "side": "BUY", "hash": "2639e14c451eccc8eb913eab09e1cc9d4fb34386", "best_bid": "0.14", "best_ask": "0.91"}, {"asset_id": "18613142422999826770305000181378750194642276252526901807989118105733664807547", "price": "0.75", "size": "0", "side": "SELL", "hash": "7fb824273390686f16f3d650a6232be950cc89a3", "best_bid": "0.09", "best_ask": "0.86"}], "timestamp": "1769384275027", "event_type": "price_change"}}
{"_local_timestamp": "2026-01-25T23:37:55.102452+00:00", "data": {"market": "0xd5e2394a45ef085fc74b1fe63f4f66ecfd90f4be11c17b463066c83381e359b5", "price_changes": [{"asset_id": "19239818599073080846381798313260561909263567254693310790716636631814342980778", "price": "0.13", "size": "0", "side": "BUY", "hash": "2639e14c451eccc8eb913eab09e1cc9d4fb34386", "best_bid": "0.14", "best_ask": "0.91"}, {"asset_id": "18613142422999826770305000181378750194642276252526901807989118105733664807547", "price": "0.87", "size": "0", "side": "SELL", "hash": "7fb824273390686f16f3d650a6232be950cc89a3", "best_bid": "0.09", "best_ask": "0.86"}], "timestamp": "1769384275027", "event_type": "price_change"}}
{"_local_timestamp": "2026-01-25T23:37:55.715227+00:00", "data": {"market": "0x3ddd971b3a8e67051ee345a3a87a3c0fe9d15be30812725cff89521c40fa8a0d", "price_changes": [{"asset_id": "96697108261472676745981293167954495575603771826437678598688679975050747335477", "price": "0.08", "size": "72.82", "side": "BUY", "hash": "88e2d042ad9d3e5f7da6be14fa2ce5ea5d3f0dbb", "best_bid": "0.14", "best_ask": "0.91"}, {"asset_id": "2352920750303513301625082190929911354733304052515399175376106508464441882348", "price": "0.92", "size": "72.82", "side": "SELL", "hash": "40261887e5ea5d86c671f478a41b3503c63b0428", "best_bid": "0.09", "best_ask": "0.86"}], "timestamp": "1769384275648", "event_type": "price_change"}}
{"_local_timestamp": "2026-01-25T23:37:55.733150+00:00", "data": {"market": "0x3ddd971b3a8e67051ee345a3a87a3c0fe9d15be30812725cff89521c40fa8a0d", "price_changes": [{"asset_id": "96697108261472676745981293167954495575603771826437678598688679975050747335477", "price": "0.15", "size": "66.66", "side": "BUY", "hash": "fcf6a440015d6d5443f354ed70025dc4f75c1aab", "best_bid": "0.15", "best_ask": "0.91"}, {"asset_id": "2352920750303513301625082190929911354733304052515399175376106508464441882348", "price": "0.85", "size": "66.66", "side": "SELL", "hash": "8cd4d9d02251569f640109a01f2b4497a004c451", "best_bid": "0.09", "best_ask": "0.85"}], "timestamp": "1769384275659", "event_type": "price_change"}}
{"_local_timestamp": "2026-01-25T23:37:55.734421+00:00", "data": {"market": "0xd5e2394a45ef085fc74b1fe63f4f66ecfd90f4be11c17b463066c83381e359b5", "price_changes": [{"asset_id": "19239818599073080846381798313260561909263567254693310790716636631814342980778", "price": "0.15", "size": "66.66", "side": "BUY", "hash": "e381c0368f959b41784536be64ec6f71ec01c69e", "best_bid": "0.15", "best_ask": "0.91"}, {"asset_id": "18613142422999826770305000181378750194642276252526901807989118105733664807547", "price": "0.85", "size": "66.66", "side": "SELL", "hash": "17022d92338b80ab97d158c3aed3c570186ab7f4", "best_bid": "0.09", "best_ask": "0.85"}], "timestamp": "1769384275669", "event_type": "price_change"}}
{"_local_timestamp": "2026-01-25T23:37:55.744817+00:00", "data": {"market": "0x46b782a18426ab82d96e9c852a2b6bff770d8f243c2424b5ed03de769e13f9fb", "price_changes": [{"asset_id": "13593052586325000446709582137812971752882380552216365768148264280183256663088", "price": "0.08", "size": "72.82", "side": "BUY", "hash": "3afe33a2f2d401796fc97607f9ac238a6670bbf1", "best_bid": "0.14", "best_ask": "0.91"}, {"asset_id": "55087079764812396396204543029129506994684538416978385072032315722132324825985", "price": "0.92", "size": "72.82", "side": "SELL", "hash": "c3e7bdf114ccc40524cdd95bf01fc207cfa191df", "best_bid": "0.09", "best_ask": "0.86"}], "timestamp": "1769384275677", "event_type": "price_change"}}
{"_local_timestamp": "2026-01-25T23:37:55.761804+00:00", "data": {"market": "0x46b782a18426ab82d96e9c852a2b6bff770d8f243c2424b5ed03de769e13f9fb", "price_changes": [{"asset_id": "13593052586325000446709582137812971752882380552216365768148264280183256663088", "price": "0.15", "size": "66.66", "side": "BUY", "hash": "e9cc056181a275cba73e700eb20bf3afb6e4aad0", "best_bid": "0.15", "best_ask": "0.91"}, {"asset_id": "55087079764812396396204543029129506994684538416978385072032315722132324825985", "price": "0.85", "size": "66.66", "side": "SELL", "hash": "3facb2a2cc0da66a7e5826c2fedff87bf1036892", "best_bid": "0.09", "best_ask": "0.85"}], "timestamp": "1769384275695", "event_type": "price_change"}}
{"_local_timestamp": "2026-01-25T23:37:55.770156+00:00", "data": {"market": "0xd5e2394a45ef085fc74b1fe63f4f66ecfd90f4be11c17b463066c83381e359b5", "price_changes": [{"asset_id": "19239818599073080846381798313260561909263567254693310790716636631814342980778", "price": "0.08", "size": "72.82", "side": "BUY", "hash": "82edc26c04e83ee4c3b913817892acaf7a6c055c", "best_bid": "0.15", "best_ask": "0.91"}, {"asset_id": "18613142422999826770305000181378750194642276252526901807989118105733664807547", "price": "0.92", "size": "72.82", "side": "SELL", "hash": "0b91f97670badc7fa4af55097a83d9913046834e", "best_bid": "0.09", "best_ask": "0.85"}], "timestamp": "1769384275704", "event_type": "price_change"}}
{"_local_timestamp": "2026-01-25T23:37:55.775415+00:00", "data": {"market": "0x87a3e85253e6582039dd81b3ea6a0fd0539143f8c732ba4aed24e68036480b28", "price_changes": [{"asset_id": "45318435221612832094784717763123657631651393620997545753198426041889379453599", "price": "0.26", "size": "66.66", "side": "BUY", "hash": "6484c3e3ede81f99f0c129f183febe981793afbf", "best_bid": "0.26", "best_ask": "0.96"}, {"asset_id": "16172116803459113417413993185957766686463871760786546735326168242020186969322", "price": "0.74", "size": "66.66", "side": "SELL", "hash": "69e232819f416bb9eb7101177a4074bbc6d7c80e", "best_bid": "0.04", "best_ask": "0.74"}], "timestamp": "1769384275705", "event_type": "price_change"}}
{"_local_timestamp": "2026-01-25T23:37:55.889890+00:00", "data": {"market": "0x822f37728057e11d2bbe8427a0ef03be63722028a7520955cc6136a065c6da0d", "price_changes": [{"asset_id": "13249473985353068986811288577249212900998519100291422192608722204359803367339", "price": "0.3", "size": "0", "side": "BUY", "hash": "21c9442abfdb6b4c9b2589c58c34dbc6d4438c9e", "best_bid": "0.16", "best_ask": "0.96"}, {"asset_id": "27317282775503648192978387873913751340641479160152227273941409173822860614543", "price": "0.7", "size": "0", "side": "SELL", "hash": "e8c32d9f12d0fb4e0b54afc54bbe184f81eb4f14", "best_bid": "0.04", "best_ask": "0.84"}], "timestamp": "1769384275821", "event_type": "price_change"}}
{"_local_timestamp": "2026-01-25T23:37:55.890269+00:00", "data": {"market": "0x822f37728057e11d2bbe8427a0ef03be63722028a7520955cc6136a065c6da0d", "price_changes": [{"asset_id": "13249473985353068986811288577249212900998519100291422192608722204359803367339", "price": "0.15", "size": "0", "side": "BUY", "hash": "21c9442abfdb6b4c9b2589c58c34dbc6d4438c9e", "best_bid": "0.16", "best_ask": "0.96"}, {"asset_id": "27317282775503648192978387873913751340641479160152227273941409173822860614543", "price": "0.85", "size": "0", "side": "SELL", "hash": "e8c32d9f12d0fb4e0b54afc54bbe184f81eb4f14", "best_bid": "0.04", "best_ask": "0.84"}], "timestamp": "1769384275821", "event_type": "price_change"}}
{"_local_timestamp": "2026-01-25T23:37:56.645119+00:00", "data": {"market": "0x3ddd971b3a8e67051ee345a3a87a3c0fe9d15be30812725cff89521c40fa8a0d", "price_changes": [{"asset_id": "96697108261472676745981293167954495575603771826437678598688679975050747335477", "price": "0.14", "size": "5.76", "side": "BUY", "hash": "990d3dde7bcf7ad3a533c9a07dbdde72d15c8819", "best_bid": "0.15", "best_ask": "0.91"}, {"asset_id": "2352920750303513301625082190929911354733304052515399175376106508464441882348", "price": "0.86", "size": "5.76", "side": "SELL", "hash": "fbac1e29b0effa0c2884a6c23fa4d0186202485f", "best_bid": "0.09", "best_ask": "0.85"}], "timestamp": "1769384276572", "event_type": "price_change"}}
{"_local_timestamp": "2026-01-25T23:37:56.645482+00:00", "data": {"market": "0x822f37728057e11d2bbe8427a0ef03be63722028a7520955cc6136a065c6da0d", "price_changes": [{"asset_id": "13249473985353068986811288577249212900998519100291422192608722204359803367339", "price": "0.16", "size": "0", "side": "BUY", "hash": "b72c57aa46510a890101301a788fe39ba47f7c07", "best_bid": "0.14", "best_ask": "0.96"}, {"asset_id": "27317282775503648192978387873913751340641479160152227273941409173822860614543", "price": "0.84", "size": "0", "side": "SELL", "hash": "e6927d3c773e170b05cf5afa9f32ab75cd63f3e7", "best_bid": "0.04", "best_ask": "0.86"}], "timestamp": "1769384276572", "event_type": "price_change"}}
{"_local_timestamp": "2026-01-25T23:37:56.645731+00:00", "data": {"market": "0xd5e2394a45ef085fc74b1fe63f4f66ecfd90f4be11c17b463066c83381e359b5", "price_changes": [{"asset_id": "19239818599073080846381798313260561909263567254693310790716636631814342980778", "price": "0.14", "size": "5.76", "side": "BUY", "hash": "ddb3745f6d1ddbe4cd8b5849dc3f4ee09884fd01", "best_bid": "0.15", "best_ask": "0.91"}, {"asset_id": "18613142422999826770305000181378750194642276252526901807989118105733664807547", "price": "0.86", "size": "5.76", "side": "SELL", "hash": "3e6dff23230d20bf9d2d48ad99fe72f84974911a", "best_bid": "0.09", "best_ask": "0.85"}], "timestamp": "1769384276572", "event_type": "price_change"}}
{"_local_timestamp": "2026-01-25T23:37:56.646037+00:00", "data": {"market": "0x46b782a18426ab82d96e9c852a2b6bff770d8f243c2424b5ed03de769e13f9fb", "price_changes": [{"asset_id": "13593052586325000446709582137812971752882380552216365768148264280183256663088", "price": "0.14", "size": "5.76", "side": "BUY", "hash": "3dfba477a3843630bce6a65be67dbaffaa677069", "best_bid": "0.15", "best_ask": "0.91"}, {"asset_id": "55087079764812396396204543029129506994684538416978385072032315722132324825985", "price": "0.86", "size": "5.76", "side": "SELL", "hash": "3ca777173ec6fbd7b04fd93ee03313e8513ac42e", "best_bid": "0.09", "best_ask": "0.85"}], "timestamp": "1769384276572", "event_type": "price_change"}}
{"_local_timestamp": "2026-01-25T23:37:56.671036+00:00", "data": {"market": "0x822f37728057e11d2bbe8427a0ef03be63722028a7520955cc6136a065c6da0d", "price_changes": [{"asset_id": "13249473985353068986811288577249212900998519100291422192608722204359803367339", "price": "0.15", "size": "20", "side": "BUY", "hash": "36190db1930f2d5cb856063ac96fcf48028ec31e", "best_bid": "0.15", "best_ask": "0.96"}, {"asset_id": "27317282775503648192978387873913751340641479160152227273941409173822860614543", "price": "0.85", "size": "20", "side": "SELL", "hash": "605782c0d0213a30f6266aa9dfb0f953b578d43e", "best_bid": "0.04", "best_ask": "0.85"}], "timestamp": "1769384276604", "event_type": "price_change"}}
{"_local_timestamp": "2026-01-25T23:37:56.671355+00:00", "data": {"market": "0x46b782a18426ab82d96e9c852a2b6bff770d8f243c2424b5ed03de769e13f9fb", "price_changes": [{"asset_id": "13593052586325000446709582137812971752882380552216365768148264280183256663088", "price": "0.16", "size": "20", "side": "BUY", "hash": "24bbb93b9cff6bf594dccb241400c8eaf56e7be8", "best_bid": "0.16", "best_ask": "0.91"}, {"asset_id": "55087079764812396396204543029129506994684538416978385072032315722132324825985", "price": "0.84", "size": "20", "side": "SELL", "hash": "0db0c143efab49559409ca82c84872e50b73ec8b", "best_bid": "0.09", "best_ask": "0.84"}], "timestamp": "1769384276604", "event_type": "price_change"}}
{"_local_timestamp": "2026-01-25T23:37:56.671671+00:00", "data": {"market": "0xd5e2394a45ef085fc74b1fe63f4f66ecfd90f4be11c17b463066c83381e359b5", "price_changes": [{"asset_id": "19239818599073080846381798313260561909263567254693310790716636631814342980778", "price": "0.16", "size": "20", "side": "BUY", "hash": "6da9ca5280786e853741d7fac6a02ef349b2449a", "best_bid": "0.16", "best_ask": "0.91"}, {"asset_id": "18613142422999826770305000181378750194642276252526901807989118105733664807547", "price": "0.84", "size": "20", "side": "SELL", "hash": "3673693e762ebe5cd439c285f1a8429cb82651d5", "best_bid": "0.09", "best_ask": "0.84"}], "timestamp": "1769384276605", "event_type": "price_change"}}
{"_local_timestamp": "2026-01-25T23:37:56.671961+00:00", "data": {"market": "0x3ddd971b3a8e67051ee345a3a87a3c0fe9d15be30812725cff89521c40fa8a0d", "price_changes": [{"asset_id": "96697108261472676745981293167954495575603771826437678598688679975050747335477", "price": "0.16", "size": "20", "side": "BUY", "hash": "7cff31bc5735a9415d246ec63b58bcb8d752023a", "best_bid": "0.16", "best_ask": "0.91"}, {"asset_id": "2352920750303513301625082190929911354733304052515399175376106508464441882348", "price": "0.84", "size": "20", "side": "SELL", "hash": "c7a9714e451b10e5532166868a76440060aea5ff", "best_bid": "0.09", "best_ask": "0.84"}], "timestamp": "1769384276605", "event_type": "price_change"}}
{"_local_timestamp": "2026-01-25T23:37:56.765031+00:00", "data": {"market": "0x822f37728057e11d2bbe8427a0ef03be63722028a7520955cc6136a065c6da0d", "price_changes": [{"asset_id": "13249473985353068986811288577249212900998519100291422192608722204359803367339", "price": "0.09", "size": "66.66", "side": "BUY", "hash": "ca547497b8c095eb0f067115ab8eeb836b8e79cf", "best_bid": "0.15", "best_ask": "0.96"}, {"asset_id": "27317282775503648192978387873913751340641479160152227273941409173822860614543", "price": "0.91", "size": "66.66", "side": "SELL", "hash": "a3bd31ba32803f77ad95d51c315666c801bdef85", "best_bid": "0.04", "best_ask": "0.85"}], "timestamp": "1769384276695", "event_type": "price_change"}}
{"_local_timestamp": "2026-01-25T23:37:56.793745+00:00", "data": {"market": "0x822f37728057e11d2bbe8427a0ef03be63722028a7520955cc6136a065c6da0d", "price_changes": [{"asset_id": "13249473985353068986811288577249212900998519100291422192608722204359803367339", "price": "0.17", "size": "66.66", "side": "BUY", "hash": "5813b9891745b90dd6c1ae12155824e17f36bb62", "best_bid": "0.17", "best_ask": "0.96"}, {"asset_id": "27317282775503648192978387873913751340641479160152227273941409173822860614543", "price": "0.83", "size": "66.66", "side": "SELL", "hash": "6b2d0d18727675a75286441890e997a3e45bb280", "best_bid": "0.04", "best_ask": "0.83"}], "timestamp": "1769384276724", "event_type": "price_change"}}
{"_local_timestamp": "2026-01-25T23:37:58.302165+00:00", "data": {"market": "0x822f37728057e11d2bbe8427a0ef03be63722028a7520955cc6136a065c6da0d", "price_changes": [{"asset_id": "13249473985353068986811288577249212900998519100291422192608722204359803367339", "price": "0.15", "size": "0", "side": "BUY", "hash": "8dc14900f6ef8daf1a0b20b61c48f1e1154ad5b7", "best_bid": "0.17", "best_ask": "0.96"}, {"asset_id": "27317282775503648192978387873913751340641479160152227273941409173822860614543", "price": "0.85", "size": "0", "side": "SELL", "hash": "b3fcce5f5f42e4a9fd49603f384af6f1d0e66339", "best_bid": "0.04", "best_ask": "0.83"}], "timestamp": "1769384278238", "event_type": "price_change"}}
{"_local_timestamp": "2026-01-25T23:37:58.334073+00:00", "data": {"market": "0x822f37728057e11d2bbe8427a0ef03be63722028a7520955cc6136a065c6da0d", "price_changes": [{"asset_id": "13249473985353068986811288577249212900998519100291422192608722204359803367339", "price": "0.18", "size": "20", "side": "BUY", "hash": "436be0ccfe3c374fd513e14d2f528f16135e4d95", "best_bid": "0.18", "best_ask": "0.96"}, {"asset_id": "27317282775503648192978387873913751340641479160152227273941409173822860614543", "price": "0.82", "size": "20", "side": "SELL", "hash": "065371b98c9a987c683b379fada16e675d3c9218", "best_bid": "0.04", "best_ask": "0.82"}], "timestamp": "1769384278269", "event_type": "price_change"}}
{"_local_timestamp": "2026-01-25T23:38:33.740325+00:00", "data": {"market": "0x87a3e85253e6582039dd81b3ea6a0fd0539143f8c732ba4aed24e68036480b28", "price_changes": [{"asset_id": "45318435221612832094784717763123657631651393620997545753198426041889379453599", "price": "0.01", "size": "76.19", "side": "BUY", "hash": "30b16907bbcafd9c6c30367868ae5365831e1206", "best_bid": "0.26", "best_ask": "0.96"}, {"asset_id": "16172116803459113417413993185957766686463871760786546735326168242020186969322", "price": "0.99", "size": "76.19", "side": "SELL", "hash": "a58e25a376b2e4ce200610e203c6e43bd4596768", "best_bid": "0.04", "best_ask": "0.74"}], "timestamp": "1769384313670", "event_type": "price_change"}}
{"_local_timestamp": "2026-01-25T23:38:33.740773+00:00", "data": {"market": "0x822f37728057e11d2bbe8427a0ef03be63722028a7520955cc6136a065c6da0d", "price_changes": [{"asset_id": "13249473985353068986811288577249212900998519100291422192608722204359803367339", "price": "0.01", "size": "73.68", "side": "BUY", "hash": "3b8c363f8d71c0ef7a93c2b3e9efaa44853f2508", "best_bid": "0.18", "best_ask": "0.96"}, {"asset_id": "27317282775503648192978387873913751340641479160152227273941409173822860614543", "price": "0.99", "size": "73.68", "side": "SELL", "hash": "a5c490157cbfb303d12aaa544fc9baa686bf67e7", "best_bid": "0.04", "best_ask": "0.82"}], "timestamp": "1769384313670", "event_type": "price_change"}}
{"_local_timestamp": "2026-01-25T23:38:33.741044+00:00", "data": {"market": "0x822f37728057e11d2bbe8427a0ef03be63722028a7520955cc6136a065c6da0d", "price_changes": [{"asset_id": "13249473985353068986811288577249212900998519100291422192608722204359803367339", "price": "0.07", "size": "0", "side": "BUY", "hash": "3b8c363f8d71c0ef7a93c2b3e9efaa44853f2508", "best_bid": "0.18", "best_ask": "0.96"}, {"asset_id": "27317282775503648192978387873913751340641479160152227273941409173822860614543", "price": "0.93", "size": "0", "side": "SELL", "hash": "a5c490157cbfb303d12aaa544fc9baa686bf67e7", "best_bid": "0.04", "best_ask": "0.82"}], "timestamp": "1769384313670", "event_type": "price_change"}}
{"_local_timestamp": "2026-01-25T23:38:33.741350+00:00", "data": {"market": "0x822f37728057e11d2bbe8427a0ef03be63722028a7520955cc6136a065c6da0d", "price_changes": [{"asset_id": "13249473985353068986811288577249212900998519100291422192608722204359803367339", "price": "0.14", "size": "0", "side": "BUY", "hash": "3b8c363f8d71c0ef7a93c2b3e9efaa44853f2508", "best_bid": "0.18", "best_ask": "0.96"}, {"asset_id": "27317282775503648192978387873913751340641479160152227273941409173822860614543", "price": "0.86", "size": "0", "side": "SELL", "hash": "a5c490157cbfb303d12aaa544fc9baa686bf67e7", "best_bid": "0.04", "best_ask": "0.82"}], "timestamp": "1769384313670", "event_type": "price_change"}}
{"_local_timestamp": "2026-01-25T23:38:34.873016+00:00", "data": {"market": "0x87a3e85253e6582039dd81b3ea6a0fd0539143f8c732ba4aed24e68036480b28", "price_changes": [{"asset_id": "45318435221612832094784717763123657631651393620997545753198426041889379453599", "price": "0.01", "size": "86.05", "side": "BUY", "hash": "f089a899ab8e6f7b940c88f8e27ef89403a8f0f2", "best_bid": "0.26", "best_ask": "0.96"}, {"asset_id": "16172116803459113417413993185957766686463871760786546735326168242020186969322", "price": "0.99", "size": "86.05", "side": "SELL", "hash": "58813e6eb98a670e4b9d4700e171e24c9fe3c429", "best_bid": "0.04", "best_ask": "0.74"}], "timestamp": "1769384314796", "event_type": "price_change"}}
{"_local_timestamp": "2026-01-25T23:38:34.873492+00:00", "data": {"market": "0x822f37728057e11d2bbe8427a0ef03be63722028a7520955cc6136a065c6da0d", "price_changes": [{"asset_id": "13249473985353068986811288577249212900998519100291422192608722204359803367339", "price": "0.1", "size": "9.09", "side": "BUY", "hash": "b65b5e5f6ba50af53ba92e4769a472baa7853343", "best_bid": "0.18", "best_ask": "0.96"}, {"asset_id": "27317282775503648192978387873913751340641479160152227273941409173822860614543", "price": "0.9", "size": "9.09", "side": "SELL", "hash": "d8abc31b5e25588668e74255301857885b2a2414", "best_bid": "0.04", "best_ask": "0.82"}], "timestamp": "1769384314797", "event_type": "price_change"}}
{"_local_timestamp": "2026-01-25T23:38:34.874280+00:00", "data": {"market": "0x822f37728057e11d2bbe8427a0ef03be63722028a7520955cc6136a065c6da0d", "price_changes": [{"asset_id": "13249473985353068986811288577249212900998519100291422192608722204359803367339", "price": "0.02", "size": "106.62", "side": "BUY", "hash": "60a20d880d6e5f61bfb682ffe7da203f5b4c5d5b", "best_bid": "0.18", "best_ask": "0.96"}, {"asset_id": "27317282775503648192978387873913751340641479160152227273941409173822860614543", "price": "0.98", "size": "106.62", "side": "SELL", "hash": "44e73191a801585da98f1759bbdf300b17ffcd3e", "best_bid": "0.04", "best_ask": "0.82"}], "timestamp": "1769384314798", "event_type": "price_change"}}
{"_local_timestamp": "2026-01-25T23:38:34.874826+00:00", "data": {"market": "0x822f37728057e11d2bbe8427a0ef03be63722028a7520955cc6136a065c6da0d", "price_changes": [{"asset_id": "13249473985353068986811288577249212900998519100291422192608722204359803367339", "price": "0.01", "size": "80.31", "side": "BUY", "hash": "621ad942059829cc42ec6ba6aa7f44eeb7795a39", "best_bid": "0.18", "best_ask": "0.96"}, {"asset_id": "27317282775503648192978387873913751340641479160152227273941409173822860614543", "price": "0.99", "size": "80.31", "side": "SELL", "hash": "1e45d437a5b06e97ff8309e7b2c78c992d022c42", "best_bid": "0.04", "best_ask": "0.82"}], "timestamp": "1769384314799", "event_type": "price_change"}}
{"_local_timestamp": "2026-01-25T23:38:34.879030+00:00", "data": {"market": "0x822f37728057e11d2bbe8427a0ef03be63722028a7520955cc6136a065c6da0d", "price_changes": [{"asset_id": "13249473985353068986811288577249212900998519100291422192608722204359803367339", "price": "0.06", "size": "40.47", "side": "BUY", "hash": "591ca82c45e30d88849bc7ecadea5c9df374590d", "best_bid": "0.18", "best_ask": "0.96"}, {"asset_id": "27317282775503648192978387873913751340641479160152227273941409173822860614543", "price": "0.94", "size": "40.47", "side": "SELL", "hash": "68abcfc49c55a1ddfac8b3f0fe3662c673a660a1", "best_bid": "0.04", "best_ask": "0.82"}], "timestamp": "1769384314801", "event_type": "price_change"}}
{"_local_timestamp": "2026-01-25T23:39:56.835004+00:00", "data": {"market": "0x3ddd971b3a8e67051ee345a3a87a3c0fe9d15be30812725cff89521c40fa8a0d", "price_changes": [{"asset_id": "96697108261472676745981293167954495575603771826437678598688679975050747335477", "price": "0.16", "size": "210", "side": "BUY", "hash": "8d9488b93ba6abde3ac1dec5639923a5cd5324f6", "best_bid": "0.16", "best_ask": "0.91"}, {"asset_id": "2352920750303513301625082190929911354733304052515399175376106508464441882348", "price": "0.84", "size": "210", "side": "SELL", "hash": "cf038ef99453fd1777099579e452d030a7e19748", "best_bid": "0.09", "best_ask": "0.84"}], "timestamp": "1769384396709", "event_type": "price_change"}}
{"_local_timestamp": "2026-01-25T23:39:56.837092+00:00", "data": {"market": "0x822f37728057e11d2bbe8427a0ef03be63722028a7520955cc6136a065c6da0d", "price_changes": [{"asset_id": "13249473985353068986811288577249212900998519100291422192608722204359803367339", "price": "0.19", "size": "190", "side": "BUY", "hash": "f28370dc8142b4d06adae7a26e06e7fa3efaa2aa", "best_bid": "0.19", "best_ask": "0.96"}, {"asset_id": "27317282775503648192978387873913751340641479160152227273941409173822860614543", "price": "0.81", "size": "190", "side": "SELL", "hash": "f1328300eaa80f594bf0114f93d664ab2fa7a55b", "best_bid": "0.04", "best_ask": "0.81"}], "timestamp": "1769384396709", "event_type": "price_change"}}
{"_local_timestamp": "2026-01-25T23:39:56.837376+00:00", "data": {"market": "0xd5e2394a45ef085fc74b1fe63f4f66ecfd90f4be11c17b463066c83381e359b5", "price_changes": [{"asset_id": "19239818599073080846381798313260561909263567254693310790716636631814342980778", "price": "0.16", "size": "210", "side": "BUY", "hash": "f93ffd76fb53e0e31be34d82dd7fab496944b085", "best_bid": "0.16", "best_ask": "0.91"}, {"asset_id": "18613142422999826770305000181378750194642276252526901807989118105733664807547", "price": "0.84", "size": "210", "side": "SELL", "hash": "48a7641429345a855b5f4a882184a788a6ba5494", "best_bid": "0.09", "best_ask": "0.84"}], "timestamp": "1769384396709", "event_type": "price_change"}}
{"_local_timestamp": "2026-01-25T23:39:56.837663+00:00", "data": {"market": "0x46b782a18426ab82d96e9c852a2b6bff770d8f243c2424b5ed03de769e13f9fb", "price_changes": [{"asset_id": "13593052586325000446709582137812971752882380552216365768148264280183256663088", "price": "0.17", "size": "190", "side": "BUY", "hash": "0a141b918abacd0354080d6140d3e948c544992c", "best_bid": "0.17", "best_ask": "0.91"}, {"asset_id": "55087079764812396396204543029129506994684538416978385072032315722132324825985", "price": "0.83", "size": "190", "side": "SELL", "hash": "41f4b738b5c9e2d65e8714bc0ada5bde7141e51c", "best_bid": "0.09", "best_ask": "0.83"}], "timestamp": "1769384396709", "event_type": "price_change"}}
{"_local_timestamp": "2026-01-25T23:39:56.837906+00:00", "data": {"market": "0x87a3e85253e6582039dd81b3ea6a0fd0539143f8c732ba4aed24e68036480b28", "price_changes": [{"asset_id": "45318435221612832094784717763123657631651393620997545753198426041889379453599", "price": "0.27", "size": "95", "side": "BUY", "hash": "ac7f5b1f2c2ab2f1b9e7d6a3a93529e04b286793", "best_bid": "0.27", "best_ask": "0.96"}, {"asset_id": "16172116803459113417413993185957766686463871760786546735326168242020186969322", "price": "0.73", "size": "95", "side": "SELL", "hash": "e37c77e20e8fd107479d1544da20f7d4159b3dbc", "best_bid": "0.04", "best_ask": "0.73"}], "timestamp": "1769384396709", "event_type": "price_change"}}
{"_local_timestamp": "2026-01-25T23:39:56.838181+00:00", "data": {"market": "0x822f37728057e11d2bbe8427a0ef03be63722028a7520955cc6136a065c6da0d", "price_changes": [{"asset_id": "13249473985353068986811288577249212900998519100291422192608722204359803367339", "price": "0.18", "size": "210", "side": "BUY", "hash": "0e65c3ba6f6f82f7cab144cbd2a0d66bb0687344", "best_bid": "0.19", "best_ask": "0.96"}, {"asset_id": "27317282775503648192978387873913751340641479160152227273941409173822860614543", "price": "0.82", "size": "210", "side": "SELL", "hash": "d085042598700f1cf475065ea93534a8c7709150", "best_bid": "0.04", "best_ask": "0.81"}], "timestamp": "1769384396710", "event_type": "price_change"}}
{"_local_timestamp": "2026-01-25T23:39:56.838468+00:00", "data": {"market": "0x3ddd971b3a8e67051ee345a3a87a3c0fe9d15be30812725cff89521c40fa8a0d", "price_changes": [{"asset_id": "96697108261472676745981293167954495575603771826437678598688679975050747335477", "price": "0.17", "size": "190", "side": "BUY", "hash": "0d901f33165a5f23a7bbb1d6a193de721b5af250", "best_bid": "0.17", "best_ask": "0.91"}, {"asset_id": "2352920750303513301625082190929911354733304052515399175376106508464441882348", "price": "0.83", "size": "190", "side": "SELL", "hash": "fc07c93d5fb7870c5c13cb577c89c554a616e271", "best_bid": "0.09", "best_ask": "0.83"}], "timestamp": "1769384396710", "event_type": "price_change"}}
{"_local_timestamp": "2026-01-25T23:39:56.838730+00:00", "data": {"market": "0x46b782a18426ab82d96e9c852a2b6bff770d8f243c2424b5ed03de769e13f9fb", "price_changes": [{"asset_id": "13593052586325000446709582137812971752882380552216365768148264280183256663088", "price": "0.16", "size": "210", "side": "BUY", "hash": "2bc2419859bd72f56bc67400537f8abd0e121b1f", "best_bid": "0.17", "best_ask": "0.91"}, {"asset_id": "55087079764812396396204543029129506994684538416978385072032315722132324825985", "price": "0.84", "size": "210", "side": "SELL", "hash": "b633a6a742a2ee5ab04510a60233b9d4c24b9183", "best_bid": "0.09", "best_ask": "0.83"}], "timestamp": "1769384396710", "event_type": "price_change"}}
{"_local_timestamp": "2026-01-25T23:39:56.839024+00:00", "data": {"market": "0xd5e2394a45ef085fc74b1fe63f4f66ecfd90f4be11c17b463066c83381e359b5", "price_changes": [{"asset_id": "19239818599073080846381798313260561909263567254693310790716636631814342980778", "price": "0.17", "size": "190", "side": "BUY", "hash": "ac69f37f511c6edfc2b2a83caf22057199388999", "best_bid": "0.17", "best_ask": "0.91"}, {"asset_id": "18613142422999826770305000181378750194642276252526901807989118105733664807547", "price": "0.83", "size": "190", "side": "SELL", "hash": "d8512ab20a99429264cc9403997b402e44b4492b", "best_bid": "0.09", "best_ask": "0.83"}], "timestamp": "1769384396710", "event_type": "price_change"}}
{"_local_timestamp": "2026-01-25T23:39:58.531901+00:00", "data": {"market": "0xd5e2394a45ef085fc74b1fe63f4f66ecfd90f4be11c17b463066c83381e359b5", "price_changes": [{"asset_id": "19239818599073080846381798313260561909263567254693310790716636631814342980778", "price": "0.16", "size": "190", "side": "BUY", "hash": "ab2c396b2e626853a808393c28a1f308ca25ea19", "best_bid": "0.17", "best_ask": "0.91"}, {"asset_id": "18613142422999826770305000181378750194642276252526901807989118105733664807547", "price": "0.84", "size": "190", "side": "SELL", "hash": "47e3d5185a806e178311e1db2f04dd4deef75c92", "best_bid": "0.09", "best_ask": "0.83"}], "timestamp": "1769384398465", "event_type": "price_change"}}
{"_local_timestamp": "2026-01-25T23:39:58.532251+00:00", "data": {"market": "0x822f37728057e11d2bbe8427a0ef03be63722028a7520955cc6136a065c6da0d", "price_changes": [{"asset_id": "13249473985353068986811288577249212900998519100291422192608722204359803367339", "price": "0.18", "size": "190", "side": "BUY", "hash": "08edfe58d1d6e56fd831b2741dcc73435e7d9c12", "best_bid": "0.19", "best_ask": "0.96"}, {"asset_id": "27317282775503648192978387873913751340641479160152227273941409173822860614543", "price": "0.82", "size": "190", "side": "SELL", "hash": "6be6d0bc1140d2d6b0692d936c6db176c11fc14e", "best_bid": "0.04", "best_ask": "0.81"}], "timestamp": "1769384398465", "event_type": "price_change"}}
{"_local_timestamp": "2026-01-25T23:39:58.532511+00:00", "data": {"market": "0x46b782a18426ab82d96e9c852a2b6bff770d8f243c2424b5ed03de769e13f9fb", "price_changes": [{"asset_id": "13593052586325000446709582137812971752882380552216365768148264280183256663088", "price": "0.16", "size": "190", "side": "BUY", "hash": "81cc2a73cc1befab3e2af917e9bbe2a0daa854dd", "best_bid": "0.17", "best_ask": "0.91"}, {"asset_id": "55087079764812396396204543029129506994684538416978385072032315722132324825985", "price": "0.84", "size": "190", "side": "SELL", "hash": "a05aaa83dda2fc556ddd57b36bb74976b986d870", "best_bid": "0.09", "best_ask": "0.83"}], "timestamp": "1769384398466", "event_type": "price_change"}}
{"_local_timestamp": "2026-01-25T23:39:58.532785+00:00", "data": {"market": "0x3ddd971b3a8e67051ee345a3a87a3c0fe9d15be30812725cff89521c40fa8a0d", "price_changes": [{"asset_id": "96697108261472676745981293167954495575603771826437678598688679975050747335477", "price": "0.16", "size": "190", "side": "BUY", "hash": "9b3793c56c039690661f5b1ebb8b85894fa6a0bb", "best_bid": "0.17", "best_ask": "0.91"}, {"asset_id": "2352920750303513301625082190929911354733304052515399175376106508464441882348", "price": "0.84", "size": "190", "side": "SELL", "hash": "1e3f8268a4934163e8e3851c1fd15103de76c20c", "best_bid": "0.09", "best_ask": "0.83"}], "timestamp": "1769384398466", "event_type": "price_change"}}
{"_local_timestamp": "2026-01-25T23:39:58.572621+00:00", "data": {"market": "0x46b782a18426ab82d96e9c852a2b6bff770d8f243c2424b5ed03de769e13f9fb", "price_changes": [{"asset_id": "13593052586325000446709582137812971752882380552216365768148264280183256663088", "price": "0.18", "size": "20", "side": "BUY", "hash": "e1859542fcd28fa1afcc96e4b038a559cf3b9f1f", "best_bid": "0.18", "best_ask": "0.91"}, {"asset_id": "55087079764812396396204543029129506994684538416978385072032315722132324825985", "price": "0.82", "size": "20", "side": "SELL", "hash": "8011d6a79b2435ffe60f6f07ec38cd9300927b24", "best_bid": "0.09", "best_ask": "0.82"}], "timestamp": "1769384398500", "event_type": "price_change"}}
{"_local_timestamp": "2026-01-25T23:39:58.573071+00:00", "data": {"market": "0x822f37728057e11d2bbe8427a0ef03be63722028a7520955cc6136a065c6da0d", "price_changes": [{"asset_id": "13249473985353068986811288577249212900998519100291422192608722204359803367339", "price": "0.2", "size": "20", "side": "BUY", "hash": "cdf7f95df49f17ad9d85d322178fa26b1774f0ce", "best_bid": "0.2", "best_ask": "0.96"}, {"asset_id": "27317282775503648192978387873913751340641479160152227273941409173822860614543", "price": "0.8", "size": "20", "side": "SELL", "hash": "6cae9a3cf913ec3205a53b62c314135bb0b59f14", "best_bid": "0.04", "best_ask": "0.8"}], "timestamp": "1769384398500", "event_type": "price_change"}}
{"_local_timestamp": "2026-01-25T23:39:58.573470+00:00", "data": {"market": "0xd5e2394a45ef085fc74b1fe63f4f66ecfd90f4be11c17b463066c83381e359b5", "price_changes": [{"asset_id": "19239818599073080846381798313260561909263567254693310790716636631814342980778", "price": "0.18", "size": "20", "side": "BUY", "hash": "81249af19a442f80d304e9b7b55271ac2a1deeb2", "best_bid": "0.18", "best_ask": "0.91"}, {"asset_id": "18613142422999826770305000181378750194642276252526901807989118105733664807547", "price": "0.82", "size": "20", "side": "SELL", "hash": "a2e55850ac91077b5de2f797bac6fbb049c5208a", "best_bid": "0.09", "best_ask": "0.82"}], "timestamp": "1769384398500", "event_type": "price_change"}}
{"_local_timestamp": "2026-01-25T23:39:58.573783+00:00", "data": {"market": "0x3ddd971b3a8e67051ee345a3a87a3c0fe9d15be30812725cff89521c40fa8a0d", "price_changes": [{"asset_id": "96697108261472676745981293167954495575603771826437678598688679975050747335477", "price": "0.18", "size": "20", "side": "BUY", "hash": "aeca80205662520c4a7e4ee343d8fb593afe6e37", "best_bid": "0.18", "best_ask": "0.91"}, {"asset_id": "2352920750303513301625082190929911354733304052515399175376106508464441882348", "price": "0.82", "size": "20", "side": "SELL", "hash": "4b18122a10cd1b9138b100a027d2ba39263161a0", "best_bid": "0.09", "best_ask": "0.82"}], "timestamp": "1769384398500", "event_type": "price_change"}}
