{"_local_timestamp": "2026-01-25T23:40:43.191952+00:00", "data": [{"market": "0x822f37728057e11d2bbe8427a0ef03be63722028a7520955cc6136a065c6da0d", "asset_id": "27317282775503648192978387873913751340641479160152227273941409173822860614543", "timestamp": "1769384438226", "hash": "cce42a7f86c6442892b0d4ca548aab75f1c600c7", "bids": [{"price": "0.01", "size": "106.66"}, {"price": "0.02", "size": "116.66"}, {"price": "0.04", "size": "79.96"}], "asks": [{"price": "0.99", "size": "80.31"}, {"price": "0.98", "size": "106.62"}, {"price": "0.97", "size": "12.41"}, {"price": "0.95", "size": "30"}, {"price": "0.94", "size": "40.47"}, {"price": "0.91", "size": "66.66"}, {"price": "0.9", "size": "9.09"}, {"price": "0.87", "size": "56"}, {"price": "0.81", "size": "190"}, {"price": "0.79", "size": "66.66"}, {"price": "0.78", "size": "20"}, {"price": "0.74", "size": "20"}], "event_type": "book", "last_trade_price": ""}, {"market": "0xd5e2394a45ef085fc74b1fe63f4f66ecfd90f4be11c17b463066c83381e359b5", "asset_id": "18613142422999826770305000181378750194642276252526901807989118105733664807547", "timestamp": "1769384442638", "hash": "cecd1a38ce9ab95737de60ced38feeff74f6b5db", "bids": [{"price": "0.01", "size": "74.18"}, {"price": "0.02", "size": "16.23"}, {"price": "0.04", "size": "66.66"}, {"price": "0.05", "size": "60"}, {"price": "0.09", "size": "77.76"}], "asks": [{"price": "0.99", "size": "77.58"}, {"price": "0.98", "size": "105.3"}, {"price": "0.97", "size": "16.15"}, {"price": "0.95", "size": "30"}, {"price": "0.94", "size": "33"}, {"price": "0.93", "size": "16"}, {"price": "0.92", "size": "72.82"}, {"price": "0.86", "size": "5.76"}, {"price": "0.83", "size": "66.66"}, {"price": "0.79", "size": "20"}], "event_type": "book", "last_trade_price": ""}, {"market": "0xd5e2394a45ef085fc74b1fe63f4f66ecfd90f4be11c17b463066c83381e359b5", "asset_id": "19239818599073080846381798313260561909263567254693310790716636631814342980778", "timestamp": "1769384442638", "hash": "dcbbe218ed0f7ffca371509faa89c451a14548c8", "bids": [{"price": "0.01", "size": "77.58"}, {"price": "0.02", "size": "105.3"}, {"price": "0.03", "size": "16.15"}, {"price": "0.05", "size": "30"}, {"price": "0.06", "size": "33"}, {"price": "0.07", "size": "16"}, {"price": "0.08", "size": "72.82"}, {"price": "0.14", "size": "5.76"}, {"price": "0.17", "size": "66.66"}, {"price": "0.21", "size": "20"}], "asks": [{"price": "0.99", "size": "74.18"}, {"price": "0.98", "size": "16.23"}, {"price": "0.96", "size": "66.66"}, {"price": "0.95", "size": "60"}, {"price": "0.91", "size": "77.76"}], "event_type": "book", "last_trade_price": ""}, {"market": "0x46b782a18426ab82d96e9c852a2b6bff770d8f243c2424b5ed03de769e13f9fb", "asset_id": "55087079764812396396204543029129506994684538416978385072032315722132324825985", "timestamp": "1769384438226", "hash": "23ad29d004c705b294d71545a0fbb16b38616cd7", "bids": [{"price": "0.01", "size": "74.18"}, {"price": "0.02", "size": "16.23"}, {"price": "0.03", "size": "14.95"}, {"price": "0.04", "size": "66.66"}, {"price": "0.05", "size": "53"}, {"price": "0.09", "size": "77.76"}], "asks": [{"price": "0.99", "size": "77.58"}, {"price": "0.98", "size": "105.3"}, {"price": "0.97", "size": "16.15"}, {"price": "0.95", "size": "30"}, {"price": "0.94", "size": "33"}, {"price": "0.93", "size": "16"}, {"price": "0.92", "size": "72.82"}, {"price": "0.86", "size": "5.76"}, {"price": "0.83", "size": "66.66"}, {"price": "0.82", "size": "20"}, {"price": "0.75", "size": "20"}], "event_type": "book", "last_trade_price": ""}, {"market": "0x87a3e85253e6582039dd81b3ea6a0fd0539143f8c732ba4aed24e68036480b28", "asset_id": "45318435221612832094784717763123657631651393620997545753198426041889379453599", "timestamp": "1769384437271", "hash": "3aaf75da498dfbc194ab2cdfd07945f1f70effcd", "bids": [{"price": "0.01", "size": "86.05"}, {"price": "0.02", "size": "100"}, {"price": "0.03", "size": "11.76"}, {"price": "0.05", "size": "30"}, {"price": "0.06", "size": "33"}, {"price": "0.07", "size": "20.76"}, {"price": "0.16", "size": "66.66"}, {"price": "0.17", "size": "36"}, {"price": "0.24", "size": "50"}, {"price": "0.25", "size": "20"}, {"price": "0.27", "size": "95"}, {"price": "0.28", "size": "86.66"}], "asks": [{"price": "0.99", "size": "106.66"}, {"price": "0.98", "size": "116.66"}, {"price": "0.96", "size": "79.96"}], "event_type": "book", "last_trade_price": ""}, {"market": "0x46b782a18426ab82d96e9c852a2b6bff770d8f243c2424b5ed03de769e13f9fb", "asset_id": "13593052586325000446709582137812971752882380552216365768148264280183256663088", "timestamp": "1769384438226", "hash": "e08f7312e15d8c67e4a35cf375959675177d4cfe", "bids": [{"price": "0.01", "size": "77.58"}, {"price": "0.02", "size": "105.3"}, {"price": "0.03", "size": "16.15"}, {"price": "0.05", "size": "30"}, {"price": "0.06", "size": "33"}, {"price": "0.07", "size": "16"}, {"price": "0.08", "size": "72.82"}, {"price": "0.14", "size": "5.76"}, {"price": "0.17", "size": "66.66"}, {"price": "0.18", "size": "20"}, {"price": "0.25", "size": "20"}], "asks": [{"price": "0.99", "size": "74.18"}, {"price": "0.98", "size": "16.23"}, {"price": "0.97", "size": "14.95"}, {"price": "0.96", "size": "66.66"}, {"price": "0.95", "size": "53"}, {"price": "0.91", "size": "77.76"}], "event_type": "book", "last_trade_price": ""}, {"market": "0x3ddd971b3a8e67051ee345a3a87a3c0fe9d15be30812725cff89521c40fa8a0d", "asset_id": "2352920750303513301625082190929911354733304052515399175376106508464441882348", "timestamp": "1769384438253", "hash": "bcc86c98d76ce25b13c8d24d8d11acc85c588356", "bids": [{"price": "0.01", "size": "74.18"}, {"price": "0.02", "size": "16.23"}, {"price": "0.04", "size": "66.66"}, {"price": "0.05", "size": "60"}, {"price": "0.09", "size": "77.76"}], "asks": [{"price": "0.99", "size": "77.58"}, {"price": "0.98", "size": "105.3"}, {"price": "0.97", "size": "16.16"}, {"price": "0.95", "size": "30"}, {"price": "0.94", "size": "33"}, {"price": "0.93", "size": "16"}, {"price": "0.92", "size": "72.82"}, {"price": "0.86", "size": "5.76"}, {"price": "0.83", "size": "66.66"}, {"price": "0.82", "size": "20"}, {"price": "0.75", "size": "20"}], "event_type": "book", "last_trade_price": ""}, {"market": "0x87a3e85253e6582039dd81b3ea6a0fd0539143f8c732ba4aed24e68036480b28", "asset_id": "16172116803459113417413993185957766686463871760786546735326168242020186969322", "timestamp": "1769384437271", "hash": "05ca07fdfdf4ef091d16322da8ef04e7d7c2588f", "bids": [{"price": "0.01", "size": "106.66"}, {"price": "0.02", "size": "116.66"}, {"price": "0.04", "size": "79.96"}], "asks": [{"price": "0.99", "size": "86.05"}, {"price": "0.98", "size": "100"}, {"price": "0.97", "size": "11.76"}, {"price": "0.95", "size": "30"}, {"price": "0.94", "size": "33"}, {"price": "0.93", "size": "20.76"}, {"price": "0.84", "size": "66.66"}, {"price": "0.83", "size": "36"}, {"price": "0.76", "size": "50"}, {"price": "0.75", "size": "20"}, {"price": "0.73", "size": "95"}, {"price": "0.72", "size": "86.66"}], "event_type": "book", "last_trade_price": ""}, {"market": "0x3ddd971b3a8e67051ee345a3a87a3c0fe9d15be30812725cff89521c40fa8a0d", "asset_id": "96697108261472676745981293167954495575603771826437678598688679975050747335477", "timestamp": "1769384438253", "hash": "7459a8f184aa416aa53f866b6370e9c281ef200f", "bids": [{"price": "0.01", "size": "77.58"}, {"price": "0.02", "size": "105.3"}, {"price": "0.03", "size": "16.16"}, {"price": "0.05", "size": "30"}, {"price": "0.06", "size": "33"}, {"price": "0.07", "size": "16"}, {"price": "0.08", "size": "72.82"}, {"price": "0.14", "size": "5.76"}, {"price": "0.17", "size": "66.66"}, {"price": "0.18", "size": "20"}, {"price": "0.25", "size": "20"}], "asks": [{"price": "0.99", "size": "74.18"}, {"price": "0.98", "size": "16.23"}, {"price": "0.96", "size": "66.66"}, {"price": "0.95", "size": "60"}, {"price": "0.91", "size": "77.76"}], "event_type": "book", "last_trade_price": ""}, {"market": "0x822f37728057e11d2bbe8427a0ef03be63722028a7520955cc6136a065c6da0d", "asset_id": "13249473985353068986811288577249212900998519100291422192608722204359803367339", "timestamp": "1769384438226", "hash": "57b861c1bf58bd79c37fd68da3cc72650f186288", "bids": [{"price": "0.01", "size": "80.31"}, {"price": "0.02", "size": "106.62"}, {"price": "0.03", "size": "12.41"}, {"price": "0.05", "size": "30"}, {"price": "0.06", "size": "40.47"}, {"price": "0.09", "size": "66.66"}, {"price": "0.1", "size": "9.09"}, {"price": "0.13", "size": "56"}, {"price": "0.19", "size": "190"}, {"price": "0.21", "size": "66.66"}, {"price": "0.22", "size": "20"}, {"price": "0.26", "size": "20"}], "asks": [{"price": "0.99", "size": "106.66"}, {"price": "0.98", "size": "116.66"}, {"price": "0.96", "size": "79.96"}], "event_type": "book", "last_trade_price": ""}]}
{"_local_timestamp": "2026-01-25T23:40:44.953020+00:00", "data": {"market": "0xd5e2394a45ef085fc74b1fe63f4f66ecfd90f4be11c17b463066c83381e359b5", "price_changes": [{"asset_id": "19239818599073080846381798313260561909263567254693310790716636631814342980778", "price": "0.21", "size": "0", "side": "BUY", "hash": "ba76f905fe540a3b83fb84802681c13d1eb78ebe", "best_bid": "0.17", "best_ask": "0.91"}, {"asset_id": "18613142422999826770305000181378750194642276252526901807989118105733664807547", "price": "0.79", "size": "0", "side": "SELL", "hash": "09adc238274b4449570218ea15e88ffe399ef585", "best_bid": "0.09", "best_ask": "0.83"}], "timestamp": "1769384444884", "event_type": "price_change"}}
{"_local_timestamp": "2026-01-25T23:40:44.973186+00:00", "data": {"market": "0xd5e2394a45ef085fc74b1fe63f4f66ecfd90f4be11c17b463066c83381e359b5", "price_changes": [{"asset_id": "19239818599073080846381798313260561909263567254693310790716636631814342980778", "price": "0.25", "size": "20", "side": "BUY", "hash": "440b8968b98e3c9b136630e54bdabc67f9e6b0e7", "best_bid": "0.25", "best_ask": "0.91"}, {"asset_id": "18613142422999826770305000181378750194642276252526901807989118105733664807547", "price": "0.75", "size": "20", "side": "SELL", "hash": "3a561c314af02c214736fcd7bc50bb9e2204e5eb", "best_bid": "0.09", "best_ask": "0.75"}], "timestamp": "1769384444906", "event_type": "price_change"}}
{"_local_timestamp": "2026-01-25T23:40:44.994538+00:00", "data": {"market": "0xd5e2394a45ef085fc74b1fe63f4f66ecfd90f4be11c17b463066c83381e359b5", "price_changes": [{"asset_id": "19239818599073080846381798313260561909263567254693310790716636631814342980778", "price": "0.18", "size": "20", "side": "BUY", "hash": "2bda949ae523fc2f518c038f892bb3c92ba42d41", "best_bid": "0.25", "best_ask": "0.91"}, {"asset_id": "18613142422999826770305000181378750194642276252526901807989118105733664807547", "price": "0.82", "size": "20", "side": "SELL", "hash": "f17e434685bb02394e54dda2643e0e6c2c8f2476", "best_bid": "0.09", "best_ask": "0.75"}], "timestamp": "1769384444920", "event_type": "price_change"}}
{"_local_timestamp": "2026-01-25T23:40:53.557196+00:00", "data": {"market": "0x822f37728057e11d2bbe8427a0ef03be63722028a7520955cc6136a065c6da0d", "price_changes": [{"asset_id": "13249473985353068986811288577249212900998519100291422192608722204359803367339", "price": "0.02", "size": "906.62", "side": "BUY", "hash": "51ad789a721fb9f5d7a728bc7e589e2c76c2116d", "best_bid": "0.26", "best_ask": "0.96"}, {"asset_id": "27317282775503648192978387873913751340641479160152227273941409173822860614543", "price": "0.98", "size": "906.62", "side": "SELL", "hash": "e73d020b481131f5c98ea8416537fa39af3fcc63", "best_bid": "0.04", "best_ask": "0.74"}], "timestamp": "1769384453488", "event_type": "price_change"}}
{"_local_timestamp": "2026-01-25T23:40:53.557593+00:00", "data": {"market": "0x46b782a18426ab82d96e9c852a2b6bff770d8f243c2424b5ed03de769e13f9fb", "price_changes": [{"asset_id": "13593052586325000446709582137812971752882380552216365768148264280183256663088", "price": "0.02", "size": "905.3", "side": "BUY", "hash": "5f2957580e2e79b6039d7bd211930ced02ff15de", "best_bid": "0.25", "best_ask": "0.91"}, {"asset_id": "55087079764812396396204543029129506994684538416978385072032315722132324825985", "price": "0.98", "size": "905.3", "side": "SELL", "hash": "20dbdc3c1fb01ddfa0188242684dddd2a76e86b6", "best_bid": "0.09", "best_ask": "0.75"}], "timestamp": "1769384453489", "event_type": "price_change"}}
{"_local_timestamp": "2026-01-25T23:40:53.557843+00:00", "data": {"market": "0xd5e2394a45ef085fc74b1fe63f4f66ecfd90f4be11c17b463066c83381e359b5", "price_changes": [{"asset_id": "19239818599073080846381798313260561909263567254693310790716636631814342980778", "price": "0.02", "size": "905.3", "side": "BUY", "hash": "13f19206b8d15637fb00125fc50d860f5d37119c", "best_bid": "0.25", "best_ask": "0.91"}, {"asset_id": "18613142422999826770305000181378750194642276252526901807989118105733664807547", "price": "0.98", "size": "905.3", "side": "SELL", "hash": "80096d5a6bd54a85e09416844d2b7902f825ee0e", "best_bid": "0.09", "best_ask": "0.75"}], "timestamp": "1769384453488", "event_type": "price_change"}}
{"_local_timestamp": "2026-01-25T23:40:53.570936+00:00", "data": {"market": "0x3ddd971b3a8e67051ee345a3a87a3c0fe9d15be30812725cff89521c40fa8a0d", "price_changes": [{"asset_id": "96697108261472676745981293167954495575603771826437678598688679975050747335477", "price": "0.02", "size": "905.3", "side": "BUY", "hash": "ea52db9e189e72d2a84c375314a84c493d0a905e", "best_bid": "0.25", "best_ask": "0.91"}, {"asset_id": "2352920750303513301625082190929911354733304052515399175376106508464441882348", "price": "0.98", "size": "905.3", "side": "SELL", "hash": "5b0154126c91ec0e5b85c5f089e39a3c5f8cc811", "best_bid": "0.09", "best_ask": "0.75"}], "timestamp": "1769384453489", "event_type": "price_change"}}
{"_local_timestamp": "2026-01-25T23:40:54.368854+00:00", "data": {"market": "0x822f37728057e11d2bbe8427a0ef03be63722028a7520955cc6136a065c6da0d", "price_changes": [{"asset_id": "13249473985353068986811288577249212900998519100291422192608722204359803367339", "price": "0.19", "size": "0", "side": "BUY", "hash": "437d940ae924f6ce4ff7320393dd75c62653e759", "best_bid": "0.26", "best_ask": "0.96"}, {"asset_id": "27317282775503648192978387873913751340641479160152227273941409173822860614543", "price": "0.81", "size": "0", "side": "SELL", "hash": "bca156b37ecf51c2c3060d2c7f01a838fe5a7b20", "best_bid": "0.04", "best_ask": "0.74"}], "timestamp": "1769384454295", "event_type": "price_change"}}
{"_local_timestamp": "2026-01-25T23:40:54.369931+00:00", "data": {"market": "0x87a3e85253e6582039dd81b3ea6a0fd0539143f8c732ba4aed24e68036480b28", "price_changes": [{"asset_id": "45318435221612832094784717763123657631651393620997545753198426041889379453599", "price": "0.27", "size": "0", "side": "BUY", "hash": "a8ed29e346288c21520f044020186f58a6a7490c", "best_bid": "0.28", "best_ask": "0.96"}, {"asset_id": "16172116803459113417413993185957766686463871760786546735326168242020186969322", "price": "0.73", "size": "0", "side": "SELL", "hash": "11e5861fffce25a2026e27b1d13d5e85416c978b", "best_bid": "0.04", "best_ask": "0.72"}], "timestamp": "1769384454295", "event_type": "price_change"}}
{"_local_timestamp": "2026-01-25T23:41:40.232302+00:00", "data": {"market": "0x3ddd971b3a8e67051ee345a3a87a3c0fe9d15be30812725cff89521c40fa8a0d", "price_changes": [{"asset_id": "96697108261472676745981293167954495575603771826437678598688679975050747335477", "price": "0.02", "size": "105.3", "side": "BUY", "hash": "bcd65e26bf9a7f6602eb095787ca797a8a5dee61", "best_bid": "0.25", "best_ask": "0.91"}, {"asset_id": "2352920750303513301625082190929911354733304052515399175376106508464441882348", "price": "0.98", "size": "105.3", "side": "SELL", "hash": "776bfe944748eb0816138f8c7543b28d70e375b4", "best_bid": "0.09", "best_ask": "0.75"}], "timestamp": "1769384500155", "event_type": "price_change"}}
{"_local_timestamp": "2026-01-25T23:41:40.250327+00:00", "data": {"market": "0x822f37728057e11d2bbe8427a0ef03be63722028a7520955cc6136a065c6da0d", "price_changes": [{"asset_id": "13249473985353068986811288577249212900998519100291422192608722204359803367339", "price": "0.02", "size": "106.62", "side": "BUY", "hash": "faf03c78692590b4c17b65b38bd09bae72b161db", "best_bid": "0.26", "best_ask": "0.96"}, {"asset_id": "27317282775503648192978387873913751340641479160152227273941409173822860614543", "price": "0.98", "size": "106.62", "side": "SELL", "hash": "711917f67091ec936993a254674a3642fb4faa60", "best_bid": "0.04", "best_ask": "0.74"}], "timestamp": "1769384500161", "event_type": "price_change"}}
{"_local_timestamp": "2026-01-25T23:41:40.250742+00:00", "data": {"market": "0xd5e2394a45ef085fc74b1fe63f4f66ecfd90f4be11c17b463066c83381e359b5", "price_changes": [{"asset_id": "19239818599073080846381798313260561909263567254693310790716636631814342980778", "price": "0.02", "size": "105.3", "side": "BUY", "hash": "7f38b6b7c162f702bf3ba178a3a293d6ac2070a3", "best_bid": "0.25", "best_ask": "0.91"}, {"asset_id": "18613142422999826770305000181378750194642276252526901807989118105733664807547", "price": "0.98", "size": "105.3", "side": "SELL", "hash": "864a64c67b3285a132fd35237bca5da16659711f", "best_bid": "0.09", "best_ask": "0.75"}], "timestamp": "1769384500162", "event_type": "price_change"}}
{"_local_timestamp": "2026-01-25T23:41:40.251012+00:00", "data": {"market": "0x46b782a18426ab82d96e9c852a2b6bff770d8f243c2424b5ed03de769e13f9fb", "price_changes": [{"asset_id": "13593052586325000446709582137812971752882380552216365768148264280183256663088", "price": "0.02", "size": "105.3", "side": "BUY", "hash": "de87d5a0421f11d17c6d19a789a0e9eff1113918", "best_bid": "0.25", "best_ask": "0.91"}, {"asset_id": "55087079764812396396204543029129506994684538416978385072032315722132324825985", "price": "0.98", "size": "105.3", "side": "SELL", "hash": "0c3d6d4da7f52f17f680dca606c502d4c6cad12b", "best_bid": "0.09", "best_ask": "0.75"}], "timestamp": "1769384500162", "event_type": "price_change"}}
{"_local_timestamp": "2026-01-25T23:41:41.190386+00:00", "data": {"market": "0x822f37728057e11d2bbe8427a0ef03be63722028a7520955cc6136a065c6da0d", "price_changes": [{"asset_id": "13249473985353068986811288577249212900998519100291422192608722204359803367339", "price": "0.01", "size": "73.29", "side": "BUY", "hash": "2048956a30e61a48a2b9c6837fbb71d8ebb8fa60", "best_bid": "0.26", "best_ask": "0.96"}, {"asset_id": "27317282775503648192978387873913751340641479160152227273941409173822860614543", "price": "0.99", "size": "73.29", "side": "SELL", "hash": "7cd89998371db99bb565b76eab7a9efb51853ee0", "best_bid": "0.04", "best_ask": "0.74"}], "timestamp": "1769384501117", "event_type": "price_change"}}
{"_local_timestamp": "2026-01-25T23:41:41.190835+00:00", "data": {"market": "0x822f37728057e11d2bbe8427a0ef03be63722028a7520955cc6136a065c6da0d", "price_changes": [{"asset_id": "13249473985353068986811288577249212900998519100291422192608722204359803367339", "price": "0.06", "size": "33", "side": "BUY", "hash": "2048956a30e61a48a2b9c6837fbb71d8ebb8fa60", "best_bid": "0.26", "best_ask": "0.96"}, {"asset_id": "27317282775503648192978387873913751340641479160152227273941409173822860614543", "price": "0.94", "size": "33", "side": "SELL", "hash": "7cd89998371db99bb565b76eab7a9efb51853ee0", "best_bid": "0.04", "best_ask": "0.74"}], "timestamp": "1769384501117", "event_type": "price_change"}}
{"_local_timestamp": "2026-01-25T23:41:41.191498+00:00", "data": {"market": "0x822f37728057e11d2bbe8427a0ef03be63722028a7520955cc6136a065c6da0d", "price_changes": [{"asset_id": "13249473985353068986811288577249212900998519100291422192608722204359803367339", "price": "0.1", "size": "0", "side": "BUY", "hash": "2048956a30e61a48a2b9c6837fbb71d8ebb8fa60", "best_bid": "0.26", "best_ask": "0.96"}, {"asset_id": "27317282775503648192978387873913751340641479160152227273941409173822860614543", "price": "0.9", "size": "0", "side": "SELL", "hash": "7cd89998371db99bb565b76eab7a9efb51853ee0", "best_bid": "0.04", "best_ask": "0.74"}], "timestamp": "1769384501117", "event_type": "price_change"}}
{"_local_timestamp": "2026-01-25T23:41:43.039703+00:00", "data": {"market": "0x46b782a18426ab82d96e9c852a2b6bff770d8f243c2424b5ed03de769e13f9fb", "price_changes": [{"asset_id": "13593052586325000446709582137812971752882380552216365768148264280183256663088", "price": "0.08", "size": "66.66", "side": "BUY", "hash": "4b013c7605770478f78df6e3c7aad16010bd084d", "best_bid": "0.25", "best_ask": "0.91"}, {"asset_id": "55087079764812396396204543029129506994684538416978385072032315722132324825985", "price": "0.92", "size": "66.66", "side": "SELL", "hash": "51fdc071c1850922e51dc426e46f9dfaa6ee1c6e", "best_bid": "0.09", "best_ask": "0.75"}], "timestamp": "1769384502965", "event_type": "price_change"}}
{"_local_timestamp": "2026-01-25T23:41:43.040109+00:00", "data": {"market": "0x46b782a18426ab82d96e9c852a2b6bff770d8f243c2424b5ed03de769e13f9fb", "price_changes": [{"asset_id": "13593052586325000446709582137812971752882380552216365768148264280183256663088", "price": "0.14", "size": "0", "side": "BUY", "hash": "4b013c7605770478f78df6e3c7aad16010bd084d", "best_bid": "0.25", "best_ask": "0.91"}, {"asset_id": "55087079764812396396204543029129506994684538416978385072032315722132324825985", "price": "0.86", "size": "0", "side": "SELL", "hash": "51fdc071c1850922e51dc426e46f9dfaa6ee1c6e", "best_bid": "0.09", "best_ask": "0.75"}], "timestamp": "1769384502965", "event_type": "price_change"}}
{"_local_timestamp": "2026-01-25T23:41:43.807476+00:00", "data": {"market": "0x46b782a18426ab82d96e9c852a2b6bff770d8f243c2424b5ed03de769e13f9fb", "price_changes": [{"asset_id": "13593052586325000446709582137812971752882380552216365768148264280183256663088", "price": "0.09", "size": "14.44", "side": "BUY", "hash": "bf5f4fae5a5a6954ee1a581a1b4451c71ac31157", "best_bid": "0.25", "best_ask": "0.91"}, {"asset_id": "55087079764812396396204543029129506994684538416978385072032315722132324825985", "price": "0.91", "size": "14.44", "side": "SELL", "hash": "052397dc990ac9bc02d35fce89cf02aaeecf87fb", "best_bid": "0.09", "best_ask": "0.75"}], "timestamp": "1769384503731", "event_type": "price_change"}}
{"_local_timestamp": "2026-01-25T23:41:43.922518+00:00", "data": {"market": "0x3ddd971b3a8e67051ee345a3a87a3c0fe9d15be30812725cff89521c40fa8a0d", "price_changes": [{"asset_id": "96697108261472676745981293167954495575603771826437678598688679975050747335477", "price": "0.08", "size": "66.66", "side": "BUY", "hash": "652f5ebec2920b54c168dca33f545da795b5c93d", "best_bid": "0.25", "best_ask": "0.91"}, {"asset_id": "2352920750303513301625082190929911354733304052515399175376106508464441882348", "price": "0.92", "size": "66.66", "side": "SELL", "hash": "60f59a98495a8cd95a2b1489fe34b42e2f3c02d6", "best_bid": "0.09", "best_ask": "0.75"}], "timestamp": "1769384503853", "event_type": "price_change"}}
{"_local_timestamp": "2026-01-25T23:41:43.922946+00:00", "data": {"market": "0x3ddd971b3a8e67051ee345a3a87a3c0fe9d15be30812725cff89521c40fa8a0d", "price_changes": [{"asset_id": "96697108261472676745981293167954495575603771826437678598688679975050747335477", "price": "0.14", "size": "0", "side": "BUY", "hash": "652f5ebec2920b54c168dca33f545da795b5c93d", "best_bid": "0.25", "best_ask": "0.91"}, {"asset_id": "2352920750303513301625082190929911354733304052515399175376106508464441882348", "price": "0.86", "size": "0", "side": "SELL", "hash": "60f59a98495a8cd95a2b1489fe34b42e2f3c02d6", "best_bid": "0.09", "best_ask": "0.75"}], "timestamp": "1769384503853", "event_type": "price_change"}}
{"_local_timestamp": "2026-01-25T23:41:44.358743+00:00", "data": {"market": "0xd5e2394a45ef085fc74b1fe63f4f66ecfd90f4be11c17b463066c83381e359b5", "price_changes": [{"asset_id": "19239818599073080846381798313260561909263567254693310790716636631814342980778", "price": "0.08", "size": "66.66", "side": "BUY", "hash": "42765f0639493142709105da396b09dd27f15acc", "best_bid": "0.25", "best_ask": "0.91"}, {"asset_id": "18613142422999826770305000181378750194642276252526901807989118105733664807547", "price": "0.92", "size": "66.66", "side": "SELL", "hash": "ece9c37aad950b7e2c5396b84df863f082c0ee3a", "best_bid": "0.09", "best_ask": "0.75"}], "timestamp": "1769384504290", "event_type": "price_change"}}
{"_local_timestamp": "2026-01-25T23:41:44.359302+00:00", "data": {"market": "0xd5e2394a45ef085fc74b1fe63f4f66ecfd90f4be11c17b463066c83381e359b5", "price_changes": [{"asset_id": "19239818599073080846381798313260561909263567254693310790716636631814342980778", "price": "0.14", "size": "0", "side": "BUY", "hash": "42765f0639493142709105da396b09dd27f15acc", "best_bid": "0.25", "best_ask": "0.91"}, {"asset_id": "18613142422999826770305000181378750194642276252526901807989118105733664807547", "price": "0.86", "size": "0", "side": "SELL", "hash": "ece9c37aad950b7e2c5396b84df863f082c0ee3a", "best_bid": "0.09", "best_ask": "0.75"}], "timestamp": "1769384504290", "event_type": "price_change"}}
{"_local_timestamp": "2026-01-25T23:41:44.481428+00:00", "data": {"market": "0x3ddd971b3a8e67051ee345a3a87a3c0fe9d15be30812725cff89521c40fa8a0d", "price_changes": [{"asset_id": "96697108261472676745981293167954495575603771826437678598688679975050747335477", "price": "0.09", "size": "14.44", "side": "BUY", "hash": "2fa8f4fc144468310278c4375f42535657b4c6d9", "best_bid": "0.25", "best_ask": "0.91"}, {"asset_id": "2352920750303513301625082190929911354733304052515399175376106508464441882348", "price": "0.91", "size": "14.44", "side": "SELL", "hash": "e5b3077775159d45586d24556d4da7359a09f594", "best_bid": "0.09", "best_ask": "0.75"}], "timestamp": "1769384504403", "event_type": "price_change"}}
{"_local_timestamp": "2026-01-25T23:41:44.575197+00:00", "data": {"market": "0x822f37728057e11d2bbe8427a0ef03be63722028a7520955cc6136a065c6da0d", "price_changes": [{"asset_id": "13249473985353068986811288577249212900998519100291422192608722204359803367339", "price": "0.07", "size": "8.29", "side": "BUY", "hash": "f415f2b9b20ab1dbfdf82e1f7400032bca396202", "best_bid": "0.26", "best_ask": "0.96"}, {"asset_id": "27317282775503648192978387873913751340641479160152227273941409173822860614543", "price": "0.93", "size": "8.29", "side": "SELL", "hash": "3494ee781cb2d17aaae9459920d61a173f526c16", "best_bid": "0.04", "best_ask": "0.74"}], "timestamp": "1769384504507", "event_type": "price_change"}}
{"_local_timestamp": "2026-01-25T23:41:44.576675+00:00", "data": {"market": "0x822f37728057e11d2bbe8427a0ef03be63722028a7520955cc6136a065c6da0d", "price_changes": [{"asset_id": "13249473985353068986811288577249212900998519100291422192608722204359803367339", "price": "0.14", "size": "6.06", "side": "BUY", "hash": "56c851ce3a2d1b6292acdb6a35f48e943444c8f9", "best_bid": "0.26", "best_ask": "0.96"}, {"asset_id": "27317282775503648192978387873913751340641479160152227273941409173822860614543", "price": "0.86", "size": "6.06", "side": "SELL", "hash": "c39e4f5c8f38963861aaf3f99312d47409cc3bf7", "best_bid": "0.04", "best_ask": "0.74"}], "timestamp": "1769384504508", "event_type": "price_change"}}
{"_local_timestamp": "2026-01-25T23:41:45.182500+00:00", "data": {"market": "0xd5e2394a45ef085fc74b1fe63f4f66ecfd90f4be11c17b463066c83381e359b5", "price_changes": [{"asset_id": "19239818599073080846381798313260561909263567254693310790716636631814342980778", "price": "0.09", "size": "14.44", "side": "BUY", "hash": "5f3cf87ee8fd531ab5c00b8a2749a7181d15c38b", "best_bid": "0.25", "best_ask": "0.91"}, {"asset_id": "18613142422999826770305000181378750194642276252526901807989118105733664807547", "price": "0.91", "size": "14.44", "side": "SELL", "hash": "829c8da8f824354d8f6d2875810ca7c49282e575", "best_bid": "0.09", "best_ask": "0.75"}], "timestamp": "1769384505117", "event_type": "price_change"}}
{"_local_timestamp": "2026-01-25T23:43:15.186090+00:00", "data": {"market": "0x3ddd971b3a8e67051ee345a3a87a3c0fe9d15be30812725cff89521c40fa8a0d", "price_changes": [{"asset_id": "96697108261472676745981293167954495575603771826437678598688679975050747335477", "price": "0.17", "size": "0", "side": "BUY", "hash": "5f8d0c7b6207fc0356107d9cf61c5451383b8505", "best_bid": "0.25", "best_ask": "0.91"}, {"asset_id": "2352920750303513301625082190929911354733304052515399175376106508464441882348", "price": "0.83", "size": "0", "side": "SELL", "hash": "612f604d7c14cca9572b50a02e1f8380a25f6a32", "best_bid": "0.09", "best_ask": "0.75"}], "timestamp": "1769384595108", "event_type": "price_change"}}
{"_local_timestamp": "2026-01-25T23:43:15.187036+00:00", "data": {"market": "0x3ddd971b3a8e67051ee345a3a87a3c0fe9d15be30812725cff89521c40fa8a0d", "price_changes": [{"asset_id": "96697108261472676745981293167954495575603771826437678598688679975050747335477", "price": "0.08", "size": "0", "side": "BUY", "hash": "5f8d0c7b6207fc0356107d9cf61c5451383b8505", "best_bid": "0.25", "best_ask": "0.91"}, {"asset_id": "2352920750303513301625082190929911354733304052515399175376106508464441882348", "price": "0.92", "size": "0", "side": "SELL", "hash": "612f604d7c14cca9572b50a02e1f8380a25f6a32", "best_bid": "0.09", "best_ask": "0.75"}], "timestamp": "1769384595108", "event_type": "price_change"}}
{"_local_timestamp": "2026-01-25T23:43:15.187344+00:00", "data": {"market": "0x46b782a18426ab82d96e9c852a2b6bff770d8f243c2424b5ed03de769e13f9fb", "price_changes": [{"asset_id": "13593052586325000446709582137812971752882380552216365768148264280183256663088", "price": "0.17", "size": "0", "side": "BUY", "hash": "cef89dc8fe2861aa694418df5c8d1574b94258ce", "best_bid": "0.25", "best_ask": "0.91"}, {"asset_id": "55087079764812396396204543029129506994684538416978385072032315722132324825985", "price": "0.83", "size": "0", "side": "SELL", "hash": "b3b2efc5d6ea03986c52f9b96440d9e63a8c7aea", "best_bid": "0.09", "best_ask": "0.75"}], "timestamp": "1769384595108", "event_type": "price_change"}}
{"_local_timestamp": "2026-01-25T23:43:15.187580+00:00", "data": {"market": "0xd5e2394a45ef085fc74b1fe63f4f66ecfd90f4be11c17b463066c83381e359b5", "price_changes": [{"asset_id": "19239818599073080846381798313260561909263567254693310790716636631814342980778", "price": "0.17", "size": "0", "side": "BUY", "hash": "32ea8a62f47c4e075b96fcc28497d2bc22621dc7", "best_bid": "0.25", "best_ask": "0.91"}, {"asset_id": "18613142422999826770305000181378750194642276252526901807989118105733664807547", "price": "0.83", "size": "0", "side": "SELL", "hash": "6c9e8a015ada13c2787180bd53552da4be14be0f", "best_bid": "0.09", "best_ask": "0.75"}], "timestamp": "1769384595108", "event_type": "price_change"}}
{"_local_timestamp": "2026-01-25T23:43:15.187895+00:00", "data": {"market": "0x46b782a18426ab82d96e9c852a2b6bff770d8f243c2424b5ed03de769e13f9fb", "price_changes": [{"asset_id": "13593052586325000446709582137812971752882380552216365768148264280183256663088", "price": "0.08", "size": "0", "side": "BUY", "hash": "cef89dc8fe2861aa694418df5c8d1574b94258ce", "best_bid": "0.25", "best_ask": "0.91"}, {"asset_id": "55087079764812396396204543029129506994684538416978385072032315722132324825985", "price": "0.92", "size": "0", "side": "SELL", "hash": "b3b2efc5d6ea03986c52f9b96440d9e63a8c7aea", "best_bid": "0.09", "best_ask": "0.75"}], "timestamp": "1769384595108", "event_type": "price_change"}}
{"_local_timestamp": "2026-01-25T23:43:15.188737+00:00", "data": {"market": "0xd5e2394a45ef085fc74b1fe63f4f66ecfd90f4be11c17b463066c83381e359b5", "price_changes": [{"asset_id": "19239818599073080846381798313260561909263567254693310790716636631814342980778", "price": "0.08", "size": "0", "side": "BUY", "hash": "32ea8a62f47c4e075b96fcc28497d2bc22621dc7", "best_bid": "0.25", "best_ask": "0.91"}, {"asset_id": "18613142422999826770305000181378750194642276252526901807989118105733664807547", "price": "0.92", "size": "0", "side": "SELL", "hash": "6c9e8a015ada13c2787180bd53552da4be14be0f", "best_bid": "0.09", "best_ask": "0.75"}], "timestamp": "1769384595108", "event_type": "price_change"}}
{"_local_timestamp": "2026-01-25T23:43:15.627832+00:00", "data": {"market": "0x3ddd971b3a8e67051ee345a3a87a3c0fe9d15be30812725cff89521c40fa8a0d", "price_changes": [{"asset_id": "96697108261472676745981293167954495575603771826437678598688679975050747335477", "price": "0.26", "size": "66.66", "side": "BUY", "hash": "30f179fa6531563c1b0ddb8167cfb14605cb66b1", "best_bid": "0.26", "best_ask": "0.91"}, {"asset_id": "2352920750303513301625082190929911354733304052515399175376106508464441882348", "price": "0.74", "size": "66.66", "side": "SELL", "hash": "fc9dabfbd579a41203f9a0a611723ff6da7a8f01", "best_bid": "0.09", "best_ask": "0.74"}], "timestamp": "1769384595557", "event_type": "price_change"}}
{"_local_timestamp": "2026-01-25T23:43:15.730431+00:00", "data": {"market": "0x3ddd971b3a8e67051ee345a3a87a3c0fe9d15be30812725cff89521c40fa8a0d", "price_changes": [{"asset_id": "96697108261472676745981293167954495575603771826437678598688679975050747335477", "price": "0.13", "size": "66.66", "side": "BUY", "hash": "80e4f56b7dcd5ccb49d1b825731d0353edde7858", "best_bid": "0.26", "best_ask": "0.91"}, {"asset_id": "2352920750303513301625082190929911354733304052515399175376106508464441882348", "price": "0.87", "size": "66.66", "side": "SELL", "hash": "f95cbcb56fa0eb365ebb94e1a5664a868e432d8a", "best_bid": "0.09", "best_ask": "0.74"}], "timestamp": "1769384595654", "event_type": "price_change"}}
{"_local_timestamp": "2026-01-25T23:43:15.771654+00:00", "data": {"market": "0x46b782a18426ab82d96e9c852a2b6bff770d8f243c2424b5ed03de769e13f9fb", "price_changes": [{"asset_id": "13593052586325000446709582137812971752882380552216365768148264280183256663088", "price": "0.13", "size": "66.66", "side": "BUY", "hash": "c6e818cedbff413bae31b2c8479b6e265fed81e7", "best_bid": "0.25", "best_ask": "0.91"}, {"asset_id": "55087079764812396396204543029129506994684538416978385072032315722132324825985", "price": "0.87", "size": "66.66", "side": "SELL", "hash": "b71ed2d99949ea34c1217e8fc325389de3b2349d", "best_bid": "0.09", "best_ask": "0.75"}], "timestamp": "1769384595704", "event_type": "price_change"}}
{"_local_timestamp": "2026-01-25T23:43:15.791336+00:00", "data": {"market": "0x46b782a18426ab82d96e9c852a2b6bff770d8f243c2424b5ed03de769e13f9fb", "price_changes": [{"asset_id": "13593052586325000446709582137812971752882380552216365768148264280183256663088", "price": "0.26", "size": "66.66", "side": "BUY", "hash": "964fa4bf6ef4dc74c154e77390f0a5d14146e93c", "best_bid": "0.26", "best_ask": "0.91"}, {"asset_id": "55087079764812396396204543029129506994684538416978385072032315722132324825985", "price": "0.74", "size": "66.66", "side": "SELL", "hash": "6200ad1b021b2871eaadc3feddedc38d1961156e", "best_bid": "0.09", "best_ask": "0.74"}], "timestamp": "1769384595720", "event_type": "price_change"}}
{"_local_timestamp": "2026-01-25T23:43:15.891062+00:00", "data": {"market": "0xd5e2394a45ef085fc74b1fe63f4f66ecfd90f4be11c17b463066c83381e359b5", "price_changes": [{"asset_id": "19239818599073080846381798313260561909263567254693310790716636631814342980778", "price": "0.13", "size": "66.66", "side": "BUY", "hash": "9f91e70005cde987d8668d45ad50a561f13a5ee3", "best_bid": "0.25", "best_ask": "0.91"}, {"asset_id": "18613142422999826770305000181378750194642276252526901807989118105733664807547", "price": "0.87", "size": "66.66", "side": "SELL", "hash": "a0a458faa17a2ebc1cb26bcea55b1449d95d17fb", "best_bid": "0.09", "best_ask": "0.75"}], "timestamp": "1769384595792", "event_type": "price_change"}}
{"_local_timestamp": "2026-01-25T23:43:15.895579+00:00", "data": {"market": "0xd5e2394a45ef085fc74b1fe63f4f66ecfd90f4be11c17b463066c83381e359b5", "price_changes": [{"asset_id": "19239818599073080846381798313260561909263567254693310790716636631814342980778", "price": "0.26", "size": "66.66", "side": "BUY", "hash": "463fdc2d830079c1e0163210c030788f33064d69", "best_bid": "0.26", "best_ask": "0.91"}, {"asset_id": "18613142422999826770305000181378750194642276252526901807989118105733664807547", "price": "0.74", "size": "66.66", "side": "SELL", "hash": "a1ee758c240997d07e3263ebd4c977e1a42c46be", "best_bid": "0.09", "best_ask": "0.74"}], "timestamp": "1769384595811", "event_type": "price_change"}}
{"_local_timestamp": "2026-01-25T23:43:15.897378+00:00", "data": {"market": "0x822f37728057e11d2bbe8427a0ef03be63722028a7520955cc6136a065c6da0d", "price_changes": [{"asset_id": "13249473985353068986811288577249212900998519100291422192608722204359803367339", "price": "0.21", "size": "0", "side": "BUY", "hash": "6e12d29e43bd86e9e2e4143a882640812ab446fb", "best_bid": "0.26", "best_ask": "0.96"}, {"asset_id": "27317282775503648192978387873913751340641479160152227273941409173822860614543", "price": "0.79", "size": "0", "side": "SELL", "hash": "f5ff163ce2fe0a4290b554cc347ecf2b9792da14", "best_bid": "0.04", "best_ask": "0.74"}], "timestamp": "1769384595820", "event_type": "price_change"}}
{"_local_timestamp": "2026-01-25T23:43:15.897734+00:00", "data": {"market": "0x822f37728057e11d2bbe8427a0ef03be63722028a7520955cc6136a065c6da0d", "price_changes": [{"asset_id": "13249473985353068986811288577249212900998519100291422192608722204359803367339", "price": "0.09", "size": "0", "side": "BUY", "hash": "6e12d29e43bd86e9e2e4143a882640812ab446fb", "best_bid": "0.26", "best_ask": "0.96"}, {"asset_id": "27317282775503648192978387873913751340641479160152227273941409173822860614543", "price": "0.91", "size": "0", "side": "SELL", "hash": "f5ff163ce2fe0a4290b554cc347ecf2b9792da14", "best_bid": "0.04", "best_ask": "0.74"}], "timestamp": "1769384595820", "event_type": "price_change"}}
{"_local_timestamp": "2026-01-25T23:43:16.243887+00:00", "data": {"market": "0xd5e2394a45ef085fc74b1fe63f4f66ecfd90f4be11c17b463066c83381e359b5", "price_changes": [{"asset_id": "19239818599073080846381798313260561909263567254693310790716636631814342980778", "price": "0.18", "size": "0", "side": "BUY", "hash": "f5443b9edbf4739d8d7284b65f1c650fd20dbcf0", "best_bid": "0.26", "best_ask": "0.91"}, {"asset_id": "18613142422999826770305000181378750194642276252526901807989118105733664807547", "price": "0.82", "size": "0", "side": "SELL", "hash": "ddebee2928b04598d5c6d77ac7bd5f85e7d6525b", "best_bid": "0.09", "best_ask": "0.74"}], "timestamp": "1769384596158", "event_type": "price_change"}}
{"_local_timestamp": "2026-01-25T23:43:16.244212+00:00", "data": {"market": "0x822f37728057e11d2bbe8427a0ef03be63722028a7520955cc6136a065c6da0d", "price_changes": [{"asset_id": "13249473985353068986811288577249212900998519100291422192608722204359803367339", "price": "0.22", "size": "0", "side": "BUY", "hash": "e34e69cce4baf93d0a1909155fd61303cdfa2f9b", "best_bid": "0.26", "best_ask": "0.96"}, {"asset_id": "27317282775503648192978387873913751340641479160152227273941409173822860614543", "price": "0.78", "size": "0", "side": "SELL", "hash": "ef2641b7622e0127f7fbf50b10e52b6cc8c2109b", "best_bid": "0.04", "best_ask": "0.74"}], "timestamp": "1769384596158", "event_type": "price_change"}}
{"_local_timestamp": "2026-01-25T23:43:16.244461+00:00", "data": {"market": "0x46b782a18426ab82d96e9c852a2b6bff770d8f243c2424b5ed03de769e13f9fb", "price_changes": [{"asset_id": "13593052586325000446709582137812971752882380552216365768148264280183256663088", "price": "0.18", "size": "0", "side": "BUY", "hash": "c817ad42b475ff83d8733cd97021ccac09a76e55", "best_bid": "0.26", "best_ask": "0.91"}, {"asset_id": "55087079764812396396204543029129506994684538416978385072032315722132324825985", "price": "0.82", "size": "0", "side": "SELL", "hash": "a859cab0f23733163807934081fc540bbef7f273", "best_bid": "0.09", "best_ask": "0.74"}], "timestamp": "1769384596158", "event_type": "price_change"}}
{"_local_timestamp": "2026-01-25T23:43:16.244685+00:00", "data": {"market": "0x3ddd971b3a8e67051ee345a3a87a3c0fe9d15be30812725cff89521c40fa8a0d", "price_changes": [{"asset_id": "96697108261472676745981293167954495575603771826437678598688679975050747335477", "price": "0.18", "size": "0", "side": "BUY", "hash": "171c23264ef218ba642448acfd72fbe37c0b0da7", "best_bid": "0.26", "best_ask": "0.91"}, {"asset_id": "2352920750303513301625082190929911354733304052515399175376106508464441882348", "price": "0.82", "size": "0", "side": "SELL", "hash": "5e2cffe24f19d8c29f039146ab3ee541b6972109", "best_bid": "0.09", "best_ask": "0.74"}], "timestamp": "1769384596158", "event_type": "price_change"}}
{"_local_timestamp": "2026-01-25T23:43:16.261089+00:00", "data": {"market": "0x3ddd971b3a8e67051ee345a3a87a3c0fe9d15be30812725cff89521c40fa8a0d", "price_changes": [{"asset_id": "96697108261472676745981293167954495575603771826437678598688679975050747335477", "price": "0.14", "size": "20", "side": "BUY", "hash": "88a12f2a311da119f33b900ea7abf6a880f97a74", "best_bid": "0.26", "best_ask": "0.91"}, {"asset_id": "2352920750303513301625082190929911354733304052515399175376106508464441882348", "price": "0.86", "size": "20", "side": "SELL", "hash": "2abfa5ea468bb0600177e6b89406079de7f3cea1", "best_bid": "0.09", "best_ask": "0.74"}], "timestamp": "1769384596192", "event_type": "price_change"}}
{"_local_timestamp": "2026-01-25T23:43:16.261379+00:00", "data": {"market": "0x822f37728057e11d2bbe8427a0ef03be63722028a7520955cc6136a065c6da0d", "price_changes": [{"asset_id": "13249473985353068986811288577249212900998519100291422192608722204359803367339", "price": "0.15", "size": "20", "side": "BUY", "hash": "cf690d3f14eec8a8d27564937731bcb397ebf6de", "best_bid": "0.26", "best_ask": "0.96"}, {"asset_id": "27317282775503648192978387873913751340641479160152227273941409173822860614543", "price": "0.85", "size": "20", "side": "SELL", "hash": "29edbac22f760f04708ac48268efd713930cc9d9", "best_bid": "0.04", "best_ask": "0.74"}], "timestamp": "1769384596192", "event_type": "price_change"}}
{"_local_timestamp": "2026-01-25T23:43:16.263992+00:00", "data": {"market": "0xd5e2394a45ef085fc74b1fe63f4f66ecfd90f4be11c17b463066c83381e359b5", "price_changes": [{"asset_id": "19239818599073080846381798313260561909263567254693310790716636631814342980778", "price": "0.14", "size": "20", "side": "BUY", "hash": "8404648bc9a9ea69872f5db1ec8365866fb47161", "best_bid": "0.26", "best_ask": "0.91"}, {"asset_id": "18613142422999826770305000181378750194642276252526901807989118105733664807547", "price": "0.86", "size": "20", "side": "SELL", "hash": "d514f1e0195b0234b1878a86269d716a20a5baf7", "best_bid": "0.09", "best_ask": "0.74"}], "timestamp": "1769384596192", "event_type": "price_change"}}
{"_local_timestamp": "2026-01-25T23:43:16.264366+00:00", "data": {"market": "0x46b782a18426ab82d96e9c852a2b6bff770d8f243c2424b5ed03de769e13f9fb", "price_changes": [{"asset_id": "13593052586325000446709582137812971752882380552216365768148264280183256663088", "price": "0.14", "size": "20", "side": "BUY", "hash": "fb5ecbbb8336d7bb2a95eb2ec76af335a7cf597f", "best_bid": "0.26", "best_ask": "0.91"}, {"asset_id": "55087079764812396396204543029129506994684538416978385072032315722132324825985", "price": "0.86", "size": "20", "side": "SELL", "hash": "d7b27c3e9c5b59f7acf933045349727b81b7d154", "best_bid": "0.09", "best_ask": "0.74"}], "timestamp": "1769384596192", "event_type": "price_change"}}
{"_local_timestamp": "2026-01-25T23:43:16.332774+00:00", "data": {"market": "0x822f37728057e11d2bbe8427a0ef03be63722028a7520955cc6136a065c6da0d", "price_changes": [{"asset_id": "13249473985353068986811288577249212900998519100291422192608722204359803367339", "price": "0.27", "size": "66.66", "side": "BUY", "hash": "ef1be6046be480cf8cfb8bf3754e61d18ef5a27e", "best_bid": "0.27", "best_ask": "0.96"}, {"asset_id": "27317282775503648192978387873913751340641479160152227273941409173822860614543", "price": "0.73", "size": "66.66", "side": "SELL", "hash": "96d77f3c3dc076925f1d0061b7b228eff4e80492", "best_bid": "0.04", "best_ask": "0.73"}], "timestamp": "1769384596265", "event_type": "price_change"}}
{"_local_timestamp": "2026-01-25T23:43:16.362186+00:00", "data": {"market": "0x822f37728057e11d2bbe8427a0ef03be63722028a7520955cc6136a065c6da0d", "price_changes": [{"asset_id": "13249473985353068986811288577249212900998519100291422192608722204359803367339", "price": "0.26", "size": "0", "side": "BUY", "hash": "853fa59054f3471b84dffae3319bb75d7c392a13", "best_bid": "0.27", "best_ask": "0.96"}, {"asset_id": "27317282775503648192978387873913751340641479160152227273941409173822860614543", "price": "0.74", "size": "0", "side": "SELL", "hash": "19b2b7912e4121a0e55b20fa233e4f53fcb707f1", "best_bid": "0.04", "best_ask": "0.73"}], "timestamp": "1769384596289", "event_type": "price_change"}}
{"_local_timestamp": "2026-01-25T23:43:16.383190+00:00", "data": {"market": "0x822f37728057e11d2bbe8427a0ef03be63722028a7520955cc6136a065c6da0d", "price_changes": [{"asset_id": "13249473985353068986811288577249212900998519100291422192608722204359803367339", "price": "0.29", "size": "20", "side": "BUY", "hash": "5544c3fd633a529446120b013f83f9af8885e0e6", "best_bid": "0.29", "best_ask": "0.96"}, {"asset_id": "27317282775503648192978387873913751340641479160152227273941409173822860614543", "price": "0.71", "size": "20", "side": "SELL", "hash": "2b52bb7bc1379f823257af69f3c34ab0b846b266", "best_bid": "0.04", "best_ask": "0.71"}], "timestamp": "1769384596314", "event_type": "price_change"}}
{"_local_timestamp": "2026-01-25T23:43:16.442775+00:00", "data": {"market": "0x822f37728057e11d2bbe8427a0ef03be63722028a7520955cc6136a065c6da0d", "price_changes": [{"asset_id": "13249473985353068986811288577249212900998519100291422192608722204359803367339", "price": "0.14", "size": "72.72", "side": "BUY", "hash": "c82d3cc16d22837002a78893bc8f7ad1dac9b886", "best_bid": "0.29", "best_ask": "0.96"}, {"asset_id": "27317282775503648192978387873913751340641479160152227273941409173822860614543", "price": "0.86", "size": "72.72", "side": "SELL", "hash": "a0f5408dabe5b3b438471039072d5600be21b15e", "best_bid": "0.04", "best_ask": "0.71"}], "timestamp": "1769384596368", "event_type": "price_change"}}
{"_local_timestamp": "2026-01-25T23:43:38.450029+00:00", "data": {"market": "0x822f37728057e11d2bbe8427a0ef03be63722028a7520955cc6136a065c6da0d", "price_changes": [{"asset_id": "27317282775503648192978387873913751340641479160152227273941409173822860614543", "price": "0.01", "size": "66.66", "side": "BUY", "hash": "58719c5020f139cca67c3d8942c77d184c8c2516", "best_bid": "0.04", "best_ask": "0.71"}, {"asset_id": "13249473985353068986811288577249212900998519100291422192608722204359803367339", "price": "0.99", "size": "66.66", "side": "SELL", "hash": "440475916fcbfaa7a2dcc8ed779de9fa90bac6c7", "best_bid": "0.29", "best_ask": "0.96"}], "timestamp": "1769384618380", "event_type": "price_change"}}
{"_local_timestamp": "2026-01-25T23:43:40.614196+00:00", "data": {"market": "0x87a3e85253e6582039dd81b3ea6a0fd0539143f8c732ba4aed24e68036480b28", "price_changes": [{"asset_id": "16172116803459113417413993185957766686463871760786546735326168242020186969322", "price": "0.01", "size": "66.66", "side": "BUY", "hash": "a9e759b54535c55513ce8cdb0ce6becd048b1967", "best_bid": "0.04", "best_ask": "0.72"}, {"asset_id": "45318435221612832094784717763123657631651393620997545753198426041889379453599", "price": "0.99", "size": "66.66", "side": "SELL", "hash": "78ac238821335239e10febbfe74ad9961e95321f", "best_bid": "0.28", "best_ask": "0.96"}], "timestamp": "1769384620542", "event_type": "price_change"}}
{"_local_timestamp": "2026-01-25T23:43:41.766585+00:00", "data": {"market": "0x87a3e85253e6582039dd81b3ea6a0fd0539143f8c732ba4aed24e68036480b28", "price_changes": [{"asset_id": "16172116803459113417413993185957766686463871760786546735326168242020186969322", "price": "0.01", "size": "106.66", "side": "BUY", "hash": "5bcd8fe1f31ad47f2e6ec01b0cd1cdde13065985", "best_bid": "0.04", "best_ask": "0.72"}, {"asset_id": "45318435221612832094784717763123657631651393620997545753198426041889379453599", "price": "0.99", "size": "106.66", "side": "SELL", "hash": "20e11139b594143639a066adaf7edff1cc5a3b6c", "best_bid": "0.28", "best_ask": "0.96"}], "timestamp": "1769384621695", "event_type": "price_change"}}
{"_local_timestamp": "2026-01-25T23:43:42.073442+00:00", "data": {"market": "0x822f37728057e11d2bbe8427a0ef03be63722028a7520955cc6136a065c6da0d", "price_changes": [{"asset_id": "27317282775503648192978387873913751340641479160152227273941409173822860614543", "price": "0.01", "size": "106.66", "side": "BUY", "hash": "c4dc340b1db816a33443354ab671a86a13f35955", "best_bid": "0.04", "best_ask": "0.71"}, {"asset_id": "13249473985353068986811288577249212900998519100291422192608722204359803367339", "price": "0.99", "size": "106.66", "side": "SELL", "hash": "83e08a131eb550fb9baed2ee648b07cf0fcc6bc0", "best_bid": "0.29", "best_ask": "0.96"}], "timestamp": "1769384621994", "event_type": "price_change"}}
{"_local_timestamp": "2026-01-25T23:43:45.603256+00:00", "data": {"market": "0x822f37728057e11d2bbe8427a0ef03be63722028a7520955cc6136a065c6da0d", "price_changes": [{"asset_id": "27317282775503648192978387873913751340641479160152227273941409173822860614543", "price": "0.01", "size": "66.66", "side": "BUY", "hash": "ef4aed078b7154c07367f2351b83a2c7d61eaaeb", "best_bid": "0.04", "best_ask": "0.71"}, {"asset_id": "13249473985353068986811288577249212900998519100291422192608722204359803367339", "price": "0.99", "size": "66.66", "side": "SELL", "hash": "ac46cf7c3d1fc1cfaa21937c557cd2794cf946c3", "best_bid": "0.29", "best_ask": "0.96"}], "timestamp": "1769384625467", "event_type": "price_change"}}
{"_local_timestamp": "2026-01-25T23:43:45.996922+00:00", "data": {"market": "0x822f37728057e11d2bbe8427a0ef03be63722028a7520955cc6136a065c6da0d", "price_changes": [{"asset_id": "27317282775503648192978387873913751340641479160152227273941409173822860614543", "price": "0.01", "size": "106.66", "side": "BUY", "hash": "ab7d1dee772e3e4cece841f32ca0cfee973bc9b7", "best_bid": "0.04", "best_ask": "0.71"}, {"asset_id": "13249473985353068986811288577249212900998519100291422192608722204359803367339", "price": "0.99", "size": "106.66", "side": "SELL", "hash": "96a35259dfe11fdfff89ea565bc5fb80f7c0f73c", "best_bid": "0.29", "best_ask": "0.96"}], "timestamp": "1769384625922", "event_type": "price_change"}}
{"_local_timestamp": "2026-01-25T23:43:55.952934+00:00", "data": {"market": "0x87a3e85253e6582039dd81b3ea6a0fd0539143f8c732ba4aed24e68036480b28", "price_changes": [{"asset_id": "45318435221612832094784717763123657631651393620997545753198426041889379453599", "price": "0.29", "size": "47", "side": "BUY", "hash": "f444b955b88be9ab0e70c773f4ace39b953e8576", "best_bid": "0.29", "best_ask": "0.96"}, {"asset_id": "16172116803459113417413993185957766686463871760786546735326168242020186969322", "price": "0.71", "size": "47", "side": "SELL", "hash": "1ff953d8a2a4cf6c8a7c27bc95df96332f11c99e", "best_bid": "0.04", "best_ask": "0.71"}], "timestamp": "1769384635872", "event_type": "price_change"}}
{"_local_timestamp": "2026-01-25T23:43:55.953264+00:00", "data": {"market": "0x822f37728057e11d2bbe8427a0ef03be63722028a7520955cc6136a065c6da0d", "price_changes": [{"asset_id": "13249473985353068986811288577249212900998519100291422192608722204359803367339", "price": "0.3", "size": "47", "side": "BUY", "hash": "0dadefbf7539d262bf7f465fb049d804d362cf5b", "best_bid": "0.3", "best_ask": "0.96"}, {"asset_id": "27317282775503648192978387873913751340641479160152227273941409173822860614543", "price": "0.7", "size": "47", "side": "SELL", "hash": "41ce0c61351c345b086e52c9367d5d1e39e6e5bf", "best_bid": "0.04", "best_ask": "0.7"}], "timestamp": "1769384635872", "event_type": "price_change"}}
{"_local_timestamp": "2026-01-25T23:43:55.953512+00:00", "data": {"market": "0x822f37728057e11d2bbe8427a0ef03be63722028a7520955cc6136a065c6da0d", "price_changes": [{"asset_id": "13249473985353068986811288577249212900998519100291422192608722204359803367339", "price": "0.29", "size": "67", "side": "BUY", "hash": "d5dd242358384bdbc64867721201398579c22308", "best_bid": "0.3", "best_ask": "0.96"}, {"asset_id": "27317282775503648192978387873913751340641479160152227273941409173822860614543", "price": "0.71", "size": "67", "side": "SELL", "hash": "2e7e6c492ea435fca370d084e8aa37d3f2893667", "best_bid": "0.04", "best_ask": "0.7"}], "timestamp": "1769384635874", "event_type": "price_change"}}
{"_local_timestamp": "2026-01-25T23:43:55.971395+00:00", "data": {"market": "0x822f37728057e11d2bbe8427a0ef03be63722028a7520955cc6136a065c6da0d", "price_changes": [{"asset_id": "13249473985353068986811288577249212900998519100291422192608722204359803367339", "price": "0.29", "size": "47", "side": "BUY", "hash": "685817cbdace757b50aaf5d9e49369cc2f83d614", "best_bid": "0.3", "best_ask": "0.96"}, {"asset_id": "27317282775503648192978387873913751340641479160152227273941409173822860614543", "price": "0.71", "size": "47", "side": "SELL", "hash": "e860700e10a1f841ee67805abd860e191556b0ad", "best_bid": "0.04", "best_ask": "0.7"}], "timestamp": "1769384635895", "event_type": "price_change"}}
{"_local_timestamp": "2026-01-25T23:43:55.971692+00:00", "data": {"market": "0x87a3e85253e6582039dd81b3ea6a0fd0539143f8c732ba4aed24e68036480b28", "price_changes": [{"asset_id": "45318435221612832094784717763123657631651393620997545753198426041889379453599", "price": "0.28", "size": "66.66", "side": "BUY", "hash": "51cbdcc3d9f4fd97c9d3c8567b772672fdb899a0", "best_bid": "0.29", "best_ask": "0.96"}, {"asset_id": "16172116803459113417413993185957766686463871760786546735326168242020186969322", "price": "0.72", "size": "66.66", "side": "SELL", "hash": "9adfa37010d2939c277cbbfa51191f6e10740df9", "best_bid": "0.04", "best_ask": "0.71"}], "timestamp": "1769384635895", "event_type": "price_change"}}
{"_local_timestamp": "2026-01-25T23:43:55.988734+00:00", "data": {"market": "0x87a3e85253e6582039dd81b3ea6a0fd0539143f8c732ba4aed24e68036480b28", "price_changes": [{"asset_id": "45318435221612832094784717763123657631651393620997545753198426041889379453599", "price": "0.3", "size": "20", "side": "BUY", "hash": "85c8aee5fbfe6cc6b4db775a19dc6176cfd8ee8e", "best_bid": "0.3", "best_ask": "0.96"}, {"asset_id": "16172116803459113417413993185957766686463871760786546735326168242020186969322", "price": "0.7", "size": "20", "side": "SELL", "hash": "5f045d74fec57d0fae86b99b560ef64708453dfe", "best_bid": "0.04", "best_ask": "0.7"}], "timestamp": "1769384635917", "event_type": "price_change"}}
{"_local_timestamp": "2026-01-25T23:43:56.005277+00:00", "data": {"market": "0x822f37728057e11d2bbe8427a0ef03be63722028a7520955cc6136a065c6da0d", "price_changes": [{"asset_id": "13249473985353068986811288577249212900998519100291422192608722204359803367339", "price": "0.3", "size": "67", "side": "BUY", "hash": "8b23d9b8538c58ec70bf8daaff737ca9ea3e88a5", "best_bid": "0.3", "best_ask": "0.96"}, {"asset_id": "27317282775503648192978387873913751340641479160152227273941409173822860614543", "price": "0.7", "size": "67", "side": "SELL", "hash": "9cc17a3ca645dd629b76ba157673864f03cc6f33", "best_bid": "0.04", "best_ask": "0.7"}], "timestamp": "1769384635937", "event_type": "price_change"}}
{"_local_timestamp": "2026-01-25T23:44:19.220623+00:00", "data": {"market": "0x822f37728057e11d2bbe8427a0ef03be63722028a7520955cc6136a065c6da0d", "price_changes": [{"asset_id": "13249473985353068986811288577249212900998519100291422192608722204359803367339", "price": "0.29", "size": "0", "side": "BUY", "hash": "adf588210d3bfc19a0c432b11bb36f1d0b4f3745", "best_bid": "0.3", "best_ask": "0.96"}, {"asset_id": "27317282775503648192978387873913751340641479160152227273941409173822860614543", "price": "0.71", "size": "0", "side": "SELL", "hash": "6fe1f8ab906eaa7dfd87dc12de20b82d7601894d", "best_bid": "0.04", "best_ask": "0.7"}], "timestamp": "1769384659106", "event_type": "price_change"}}
