{"_local_timestamp": "2026-01-25T23:33:33.514196+00:00", "data": [{"market": "0x46b782a18426ab82d96e9c852a2b6bff770d8f243c2424b5ed03de769e13f9fb", "asset_id": "13593052586325000446709582137812971752882380552216365768148264280183256663088", "timestamp": "1769383727046", "hash": "1c4d10a9f47a68fa68d9cc3c2919ab1951f343eb", "bids": [{"price": "0.01", "size": "77.58"}, {"price": "0.02", "size": "105.3"}, {"price": "0.03", "size": "16.15"}, {"price": "0.05", "size": "30"}, {"price": "0.06", "size": "33"}, {"price": "0.07", "size": "16"}, {"price": "0.08", "size": "6.16"}, {"price": "0.13", "size": "66.66"}, {"price": "0.14", "size": "25.76"}, {"price": "0.25", "size": "86.66"}], "asks": [{"price": "0.99", "size": "74.18"}, {"price": "0.98", "size": "16.23"}, {"price": "0.97", "size": "14.95"}, {"price": "0.96", "size": "66.66"}, {"price": "0.95", "size": "53"}, {"price": "0.91", "size": "77.76"}], "event_type": "book", "last_trade_price": ""}, {"market": "0x87a3e85253e6582039dd81b3ea6a0fd0539143f8c732ba4aed24e68036480b28", "asset_id": "45318435221612832094784717763123657631651393620997545753198426041889379453599", "timestamp": "1769383829539", "hash": "7706273b33215e960eceb79dd1008eb86788ce9e", "bids": [{"price": "0.01", "size": "85.99"}, {"price": "0.02", "size": "100"}, {"price": "0.03", "size": "11.76"}, {"price": "0.05", "size": "30"}, {"price": "0.06", "size": "33"}, {"price": "0.07", "size": "20.76"}, {"price": "0.16", "size": "66.66"}, {"price": "0.17", "size": "36"}, {"price": "0.24", "size": "50"}, {"price": "0.25", "size": "20"}, {"price": "0.3", "size": "86.66"}], "asks": [{"price": "0.99", "size": "106.66"}, {"price": "0.98", "size": "116.66"}, {"price": "0.96", "size": "79.96"}], "event_type": "book", "last_trade_price": ""}, {"market": "0xd5e2394a45ef085fc74b1fe63f4f66ecfd90f4be11c17b463066c83381e359b5", "asset_id": "18613142422999826770305000181378750194642276252526901807989118105733664807547", "timestamp": "1769383623048", "hash": "68105db42c595e737725b6addb01cff1d0031a19", "bids": [{"price": "0.01", "size": "74.18"}, {"price": "0.02", "size": "16.23"}, {"price": "0.04", "size": "66.66"}, {"price": "0.05", "size": "60"}, {"price": "0.09", "size": "77.76"}], "asks": [{"price": "0.99", "size": "77.58"}, {"price": "0.98", "size": "105.3"}, {"price": "0.97", "size": "16.15"}, {"price": "0.95", "size": "30"}, {"price": "0.94", "size": "33"}, {"price": "0.93", "size": "16"}, {"price": "0.92", "size": "6.16"}, {"price": "0.87", "size": "66.66"}, {"price": "0.86", "size": "25.76"}, {"price": "0.75", "size": "86.66"}], "event_type": "book", "last_trade_price": ""}, {"market": "0x3ddd971b3a8e67051ee345a3a87a3c0fe9d15be30812725cff89521c40fa8a0d", "asset_id": "96697108261472676745981293167954495575603771826437678598688679975050747335477", "timestamp": "1769383559026", "hash": "0dca67e62004d930c4dff5a565c5396d5b91b29e", "bids": [{"price": "0.01", "size": "77.58"}, {"price": "0.02", "size": "105.3"}, {"price": "0.03", "size": "16.16"}, {"price": "0.05", "size": "30"}, {"price": "0.06", "size": "33"}, {"price": "0.07", "size": "16"}, {"price": "0.08", "size": "6.16"}, {"price": "0.13", "size": "66.66"}, {"price": "0.14", "size": "25.76"}, {"price": "0.25", "size": "86.66"}], "asks": [{"price": "0.99", "size": "74.18"}, {"price": "0.98", "size": "16.23"}, {"price": "0.96", "size": "66.66"}, {"price": "0.95", "size": "60"}, {"price": "0.91", "size": "77.76"}], "event_type": "book", "last_trade_price": ""}, {"market": "0x3ddd971b3a8e67051ee345a3a87a3c0fe9d15be30812725cff89521c40fa8a0d", "asset_id": "2352920750303513301625082190929911354733304052515399175376106508464441882348", "timestamp": "1769383559026", "hash": "ae8497281f7f14e3a5bd0c1440e912870d0ae22d", "bids": [{"price": "0.01", "size": "74.18"}, {"price": "0.02", "size": "16.23"}, {"price": "0.04", "size": "66.66"}, {"price": "0.05", "size": "60"}, {"price": "0.09", "size": "77.76"}], "asks": [{"price": "0.99", "size": "77.58"}, {"price": "0.98", "size": "105.3"}, {"price": "0.97", "size": "16.16"}, {"price": "0.95", "size": "30"}, {"price": "0.94", "size": "33"}, {"price": "0.93", "size": "16"}, {"price": "0.92", "size": "6.16"}, {"price": "0.87", "size": "66.66"}, {"price": "0.86", "size": "25.76"}, {"price": "0.75", "size": "86.66"}], "event_type": "book", "last_trade_price": ""}, {"market": "0x822f37728057e11d2bbe8427a0ef03be63722028a7520955cc6136a065c6da0d", "asset_id": "13249473985353068986811288577249212900998519100291422192608722204359803367339", "timestamp": "1769383979031", "hash": "e7da3f5f92669882126574199da3178b70400fc4", "bids": [{"price": "0.01", "size": "86.66"}, {"price": "0.02", "size": "100"}, {"price": "0.03", "size": "12.41"}, {"price": "0.05", "size": "30"}, {"price": "0.06", "size": "33"}, {"price": "0.07", "size": "6.38"}, {"price": "0.13", "size": "56"}, {"price": "0.14", "size": "7"}, {"price": "0.15", "size": "66.66"}, {"price": "0.16", "size": "20"}, {"price": "0.3", "size": "86.66"}], "asks": [{"price": "0.99", "size": "106.66"}, {"price": "0.98", "size": "116.66"}, {"price": "0.96", "size": "79.96"}], "event_type": "book", "last_trade_price": ""}, {"market": "0x46b782a18426ab82d96e9c852a2b6bff770d8f243c2424b5ed03de769e13f9fb", "asset_id": "55087079764812396396204543029129506994684538416978385072032315722132324825985", "timestamp": "1769383727046", "hash": "ed98d311c432048be1fcdbbc62bce48249e29350", "bids": [{"price": "0.01", "size": "74.18"}, {"price": "0.02", "size": "16.23"}, {"price": "0.03", "size": "14.95"}, {"price": "0.04", "size": "66.66"}, {"price": "0.05", "size": "53"}, {"price": "0.09", "size": "77.76"}], "asks": [{"price": "0.99", "size": "77.58"}, {"price": "0.98", "size": "105.3"}, {"price": "0.97", "size": "16.15"}, {"price": "0.95", "size": "30"}, {"price": "0.94", "size": "33"}, {"price": "0.93", "size": "16"}, {"price": "0.92", "size": "6.16"}, {"price": "0.87", "size": "66.66"}, {"price": "0.86", "size": "25.76"}, {"price": "0.75", "size": "86.66"}], "event_type": "book", "last_trade_price": ""}, {"market": "0xd5e2394a45ef085fc74b1fe63f4f66ecfd90f4be11c17b463066c83381e359b5", "asset_id": "19239818599073080846381798313260561909263567254693310790716636631814342980778", "timestamp": "1769383623048", "hash": "6856e06c6168a8c985984102e482de4823556791", "bids": [{"price": "0.01", "size": "77.58"}, {"price": "0.02", "size": "105.3"}, {"price": "0.03", "size": "16.15"}, {"price": "0.05", "size": "30"}, {"price": "0.06", "size": "33"}, {"price": "0.07", "size": "16"}, {"price": "0.08", "size": "6.16"}, {"price": "0.13", "size": "66.66"}, {"price": "0.14", "size": "25.76"}, {"price": "0.25", "size": "86.66"}], "asks": [{"price": "0.99", "size": "74.18"}, {"price": "0.98", "size": "16.23"}, {"price": "0.96", "size": "66.66"}, {"price": "0.95", "size": "60"}, {"price": "0.91", "size": "77.76"}], "event_type": "book", "last_trade_price": ""}, {"market": "0x87a3e85253e6582039dd81b3ea6a0fd0539143f8c732ba4aed24e68036480b28", "asset_id": "16172116803459113417413993185957766686463871760786546735326168242020186969322", "timestamp": "1769383829539", "hash": "a67087df0d1d24208fd2a1bd6913f234265a63fb", "bids": [{"price": "0.01", "size": "106.66"}, {"price": "0.02", "size": "116.66"}, {"price": "0.04", "size": "79.96"}], "asks": [{"price": "0.99", "size": "85.99"}, {"price": "0.98", "size": "100"}, {"price": "0.97", "size": "11.76"}, {"price": "0.95", "size": "30"}, {"price": "0.94", "size": "33"}, {"price": "0.93", "size": "20.76"}, {"price": "0.84", "size": "66.66"}, {"price": "0.83", "size": "36"}, {"price": "0.76", "size": "50"}, {"price": "0.75", "size": "20"}, {"price": "0.7", "size": "86.66"}], "event_type": "book", "last_trade_price": ""}, {"market": "0x822f37728057e11d2bbe8427a0ef03be63722028a7520955cc6136a065c6da0d", "asset_id": "27317282775503648192978387873913751340641479160152227273941409173822860614543", "timestamp": "1769383979031", "hash": "32eceb6ba9ef4b648c2eab93903a4d4f3075a30d", "bids": [{"price": "0.01", "size": "106.66"}, {"price": "0.02", "size": "116.66"}, {"price": "0.04", "size": "79.96"}], "asks": [{"price": "0.99", "size": "86.66"}, {"price": "0.98", "size": "100"}, {"price": "0.97", "size": "12.41"}, {"price": "0.95", "size": "30"}, {"price": "0.94", "size": "33"}, {"price": "0.93", "size": "6.38"}, {"price": "0.87", "size": "56"}, {"price": "0.86", "size": "7"}, {"price": "0.85", "size": "66.66"}, {"price": "0.84", "size": "20"}, {"price": "0.7", "size": "86.66"}], "event_type": "book", "last_trade_price": ""}]}
{"_local_timestamp": "2026-01-25T23:33:34.129799+00:00", "data": {"market": "0x87a3e85253e6582039dd81b3ea6a0fd0539143f8c732ba4aed24e68036480b28", "price_changes": [{"asset_id": "45318435221612832094784717763123657631651393620997545753198426041889379453599", "price": "0.02", "size": "0", "side": "BUY", "hash": "1c97e97e518974f010ac9ee7b3d0328d0d5ccef9", "best_bid": "0.3", "best_ask": "0.96"}, {"asset_id": "16172116803459113417413993185957766686463871760786546735326168242020186969322", "price": "0.98", "size": "0", "side": "SELL", "hash": "9d6d7fbffc574fedc95352972ae4d019f542abec", "best_bid": "0.04", "best_ask": "0.7"}], "timestamp": "1769384014062", "event_type": "price_change"}}
{"_local_timestamp": "2026-01-25T23:33:34.198810+00:00", "data": {"market": "0x87a3e85253e6582039dd81b3ea6a0fd0539143f8c732ba4aed24e68036480b28", "price_changes": [{"asset_id": "45318435221612832094784717763123657631651393620997545753198426041889379453599", "price": "0.02", "size": "100", "side": "BUY", "hash": "f1a4794d908fa4e9cfe3d436673aa8928b35524b", "best_bid": "0.3", "best_ask": "0.96"}, {"asset_id": "16172116803459113417413993185957766686463871760786546735326168242020186969322", "price": "0.98", "size": "100", "side": "SELL", "hash": "b5ff478e03fa206599f73694b9e768a780c1e72a", "best_bid": "0.04", "best_ask": "0.7"}], "timestamp": "1769384014110", "event_type": "price_change"}}
{"_local_timestamp": "2026-01-25T23:34:47.071679+00:00", "data": {"market": "0x3ddd971b3a8e67051ee345a3a87a3c0fe9d15be30812725cff89521c40fa8a0d", "price_changes": [{"asset_id": "96697108261472676745981293167954495575603771826437678598688679975050747335477", "price": "0.25", "size": "66.66", "side": "BUY", "hash": "31868f60dd7f1a6a48570079c601956b6494cbeb", "best_bid": "0.25", "best_ask": "0.91"}, {"asset_id": "2352920750303513301625082190929911354733304052515399175376106508464441882348", "price": "0.75", "size": "66.66", "side": "SELL", "hash": "6c8954cfef047d6d3728bb0c44b4b610091b2207", "best_bid": "0.09", "best_ask": "0.75"}], "timestamp": "1769384087000", "event_type": "price_change"}}
{"_local_timestamp": "2026-01-25T23:34:47.109463+00:00", "data": {"market": "0x3ddd971b3a8e67051ee345a3a87a3c0fe9d15be30812725cff89521c40fa8a0d", "price_changes": [{"asset_id": "96697108261472676745981293167954495575603771826437678598688679975050747335477", "price": "0.25", "size": "86.66", "side": "BUY", "hash": "94bb331ab00fdc53860b1fba151c26840b24d2ce", "best_bid": "0.25", "best_ask": "0.91"}, {"asset_id": "2352920750303513301625082190929911354733304052515399175376106508464441882348", "price": "0.75", "size": "86.66", "side": "SELL", "hash": "90a130bf69683f013266f5eadc2ed1ee0cb52c78", "best_bid": "0.09", "best_ask": "0.75"}], "timestamp": "1769384087024", "event_type": "price_change"}}
{"_local_timestamp": "2026-01-25T23:34:52.077249+00:00", "data": {"market": "0x87a3e85253e6582039dd81b3ea6a0fd0539143f8c732ba4aed24e68036480b28", "price_changes": [{"asset_id": "45318435221612832094784717763123657631651393620997545753198426041889379453599", "price": "0.3", "size": "66.66", "side": "BUY", "hash": "c827da5c0e3ae738173448ae710f60489698d049", "best_bid": "0.3", "best_ask": "0.96"}, {"asset_id": "16172116803459113417413993185957766686463871760786546735326168242020186969322", "price": "0.7", "size": "66.66", "side": "SELL", "hash": "bea7ca393ce5bd5aeb007745fc569c5ca5239767", "best_bid": "0.04", "best_ask": "0.7"}], "timestamp": "1769384092002", "event_type": "price_change"}}
{"_local_timestamp": "2026-01-25T23:34:52.105995+00:00", "data": {"market": "0x87a3e85253e6582039dd81b3ea6a0fd0539143f8c732ba4aed24e68036480b28", "price_changes": [{"asset_id": "45318435221612832094784717763123657631651393620997545753198426041889379453599", "price": "0.3", "size": "86.66", "side": "BUY", "hash": "4d607253a681f08db4a4369958f61924ef24f233", "best_bid": "0.3", "best_ask": "0.96"}, {"asset_id": "16172116803459113417413993185957766686463871760786546735326168242020186969322", "price": "0.7", "size": "86.66", "side": "SELL", "hash": "e00c6e31ca625decfa31b67d91005057a21a38aa", "best_bid": "0.04", "best_ask": "0.7"}], "timestamp": "1769384092037", "event_type": "price_change"}}
{"_local_timestamp": "2026-01-25T23:35:11.675553+00:00", "data": {"market": "0x822f37728057e11d2bbe8427a0ef03be63722028a7520955cc6136a065c6da0d", "price_changes": [{"asset_id": "27317282775503648192978387873913751340641479160152227273941409173822860614543", "price": "0.01", "size": "66.66", "side": "BUY", "hash": "e5efe53a63ff5e422079027f216b6b79bb55058c", "best_bid": "0.04", "best_ask": "0.7"}, {"asset_id": "13249473985353068986811288577249212900998519100291422192608722204359803367339", "price": "0.99", "size": "66.66", "side": "SELL", "hash": "8aa75ef8909037b1a762b5b0574dcfb860a66fec", "best_bid": "0.3", "best_ask": "0.96"}], "timestamp": "1769384111472", "event_type": "price_change"}}
{"_local_timestamp": "2026-01-25T23:35:11.901032+00:00", "data": {"market": "0x822f37728057e11d2bbe8427a0ef03be63722028a7520955cc6136a065c6da0d", "price_changes": [{"asset_id": "27317282775503648192978387873913751340641479160152227273941409173822860614543", "price": "0.01", "size": "106.66", "side": "BUY", "hash": "8316d8414357048cba423f31678659986c6462cd", "best_bid": "0.04", "best_ask": "0.7"}, {"asset_id": "13249473985353068986811288577249212900998519100291422192608722204359803367339", "price": "0.99", "size": "106.66", "side": "SELL", "hash": "8101fd982d91ea4f2cbea584d8bb8ec2c5113a17", "best_bid": "0.3", "best_ask": "0.96"}], "timestamp": "1769384111706", "event_type": "price_change"}}
{"_local_timestamp": "2026-01-25T23:35:13.741951+00:00", "data": {"market": "0x87a3e85253e6582039dd81b3ea6a0fd0539143f8c732ba4aed24e68036480b28", "price_changes": [{"asset_id": "16172116803459113417413993185957766686463871760786546735326168242020186969322", "price": "0.01", "size": "66.66", "side": "BUY", "hash": "45534e9eb84f4df267a601d2ca513c7b39a8baad", "best_bid": "0.04", "best_ask": "0.7"}, {"asset_id": "45318435221612832094784717763123657631651393620997545753198426041889379453599", "price": "0.99", "size": "66.66", "side": "SELL", "hash": "a2c82f9c12858b6e103d76d03d36ed6d3e3c8631", "best_bid": "0.3", "best_ask": "0.96"}], "timestamp": "1769384113485", "event_type": "price_change"}}
{"_local_timestamp": "2026-01-25T23:35:14.167868+00:00", "data": {"market": "0x87a3e85253e6582039dd81b3ea6a0fd0539143f8c732ba4aed24e68036480b28", "price_changes": [{"asset_id": "16172116803459113417413993185957766686463871760786546735326168242020186969322", "price": "0.01", "size": "106.66", "side": "BUY", "hash": "8e615e4824116d146b24e4bfcda990c496f42086", "best_bid": "0.04", "best_ask": "0.7"}, {"asset_id": "45318435221612832094784717763123657631651393620997545753198426041889379453599", "price": "0.99", "size": "106.66", "side": "SELL", "hash": "c42f4da24846380597041f7fc26000528a36fd01", "best_bid": "0.3", "best_ask": "0.96"}], "timestamp": "1769384113959", "event_type": "price_change"}}
{"_local_timestamp": "2026-01-25T23:35:14.207342+00:00", "data": {"market": "0xd5e2394a45ef085fc74b1fe63f4f66ecfd90f4be11c17b463066c83381e359b5", "price_changes": [{"asset_id": "19239818599073080846381798313260561909263567254693310790716636631814342980778", "price": "0.25", "size": "66.66", "side": "BUY", "hash": "295946414616bdb673db1fe9de1045c27f10db94", "best_bid": "0.25", "best_ask": "0.91"}, {"asset_id": "18613142422999826770305000181378750194642276252526901807989118105733664807547", "price": "0.75", "size": "66.66", "side": "SELL", "hash": "4640479e8352bd113f8544bd1c7144888b0a4462", "best_bid": "0.09", "best_ask": "0.75"}], "timestamp": "1769384114000", "event_type": "price_change"}}
{"_local_timestamp": "2026-01-25T23:35:14.246961+00:00", "data": {"market": "0xd5e2394a45ef085fc74b1fe63f4f66ecfd90f4be11c17b463066c83381e359b5", "price_changes": [{"asset_id": "19239818599073080846381798313260561909263567254693310790716636631814342980778", "price": "0.25", "size": "86.66", "side": "BUY", "hash": "a176e0206c013bc1e1256dadcfb1282a42ed2262", "best_bid": "0.25", "best_ask": "0.91"}, {"asset_id": "18613142422999826770305000181378750194642276252526901807989118105733664807547", "price": "0.75", "size": "86.66", "side": "SELL", "hash": "78ae5733adb6ed09f366131f83d90cdd75c03e46", "best_bid": "0.09", "best_ask": "0.75"}], "timestamp": "1769384114032", "event_type": "price_change"}}
{"_local_timestamp": "2026-01-25T23:36:26.068133+00:00", "data": {"market": "0x46b782a18426ab82d96e9c852a2b6bff770d8f243c2424b5ed03de769e13f9fb", "price_changes": [{"asset_id": "13593052586325000446709582137812971752882380552216365768148264280183256663088", "price": "0.25", "size": "66.66", "side": "BUY", "hash": "e446346adb1647e80e76d6456a8ae1ac38211b5e", "best_bid": "0.25", "best_ask": "0.91"}, {"asset_id": "55087079764812396396204543029129506994684538416978385072032315722132324825985", "price": "0.75", "size": "66.66", "side": "SELL", "hash": "e3b790b92dd59c25c4788abe164f07a48744232a", "best_bid": "0.09", "best_ask": "0.75"}], "timestamp": "1769384186000", "event_type": "price_change"}}
{"_local_timestamp": "2026-01-25T23:36:26.129739+00:00", "data": {"market": "0x46b782a18426ab82d96e9c852a2b6bff770d8f243c2424b5ed03de769e13f9fb", "price_changes": [{"asset_id": "13593052586325000446709582137812971752882380552216365768148264280183256663088", "price": "0.25", "size": "86.66", "side": "BUY", "hash": "3e6ed9c589df0c07ec0568cb109c655a8e27ae16", "best_bid": "0.25", "best_ask": "0.91"}, {"asset_id": "55087079764812396396204543029129506994684538416978385072032315722132324825985", "price": "0.75", "size": "86.66", "side": "SELL", "hash": "e380f539ec1aeec9950b55f6379b531ca7269034", "best_bid": "0.09", "best_ask": "0.75"}], "timestamp": "1769384186026", "event_type": "price_change"}}
