{"_local_timestamp": "2026-01-25T23:40:43.191952+00:00", "data": [{"market": "0x822f37728057e11d2bbe8427a0ef03be63722028a7520955cc6136a065c6da0d", "asset_id": "27317282775503648192978387873913751340641479160152227273941409173822860614543", "timestamp": "1769384438226", "hash": "cce42a7f86c6442892b0d4ca548aab75f1c600c7", "bids": [{"price": "0.01", "size": "106.66"}, {"price": "0.02", "size": "116.66"}, {"price": "0.04", "size": "79.96"}], "asks": [{"price": "0.99", "size": "80.31"}, {"price": "0.98", "size": "106.62"}, {"price": "0.97", "size": "12.41"}, {"price": "0.95", "size": "30"}, {"price": "0.94", "size": "40.47"}, {"price": "0.91", "size": "66.66"}, {"price": "0.9", "size": "9.09"}, {"price": "0.87", "size": "56"}, {"price": "0.81", "size": "190"}, {"price": "0.79", "size": "66.66"}, {"price": "0.78", "size": "20"}, {"price": "0.74", "size": "20"}], "event_type": "book", "last_trade_price": ""}, {"market": "0xd5e2394a45ef085fc74b1fe63f4f66ecfd90f4be11c17b463066c83381e359b5", "asset_id": "18613142422999826770305000181378750194642276252526901807989118105733664807547", "timestamp": "1769384442638", "hash": "cecd1a38ce9ab95737de60ced38feeff74f6b5db", "bids": [{"price": "0.01", "size": "74.18"}, {"price": "0.02", "size": "16.23"}, {"price": "0.04", "size": "66.66"}, {"price": "0.05", "size": "60"}, {"price": "0.09", "size": "77.76"}], "asks": [{"price": "0.99", "size": "77.58"}, {"price": "0.98", "size": "105.3"}, {"price": "0.97", "size": "16.15"}, {"price": "0.95", "size": "30"}, {"price": "0.94", "size": "33"}, {"price": "0.93", "size": "16"}, {"price": "0.92", "size": "72.82"}, {"price": "0.86", "size": "5.76"}, {"price": "0.83", "size": "66.66"}, {"price": "0.79", "size": "20"}], "event_type": "book", "last_trade_price": ""}, {"market": "0xd5e2394a45ef085fc74b1fe63f4f66ecfd90f4be11c17b463066c83381e359b5", "asset_id": "19239818599073080846381798313260561909263567254693310790716636631814342980778", "timestamp": "1769384442638", "hash": "dcbbe218ed0f7ffca371509faa89c451a14548c8", "bids": [{"price": "0.01", "size": "77.58"}, {"price": "0.02", "size": "105.3"}, {"price": "0.03", "size": "16.15"}, {"price": "0.05", "size": "30"}, {"price": "0.06", "size": "33"}, {"price": "0.07", "size": "16"}, {"price": "0.08", "size": "72.82"}, {"price": "0.14", "size": "5.76"}, {"price": "0.17", "size": "66.66"}, {"price": "0.21", "size": "20"}], "asks": [{"price": "0.99", "size": "74.18"}, {"price": "0.98", "size": "16.23"}, {"price": "0.96", "size": "66.66"}, {"price": "0.95", "size": "60"}, {"price": "0.91", "size": "77.76"}], "event_type": "book", "last_trade_price": ""}, {"market": "0x46b782a18426ab82d96e9c852a2b6bff770d8f243c2424b5ed03de769e13f9fb", "asset_id": "55087079764812396396204543029129506994684538416978385072032315722132324825985", "timestamp": "1769384438226", "hash": "23ad29d004c705b294d71545a0fbb16b38616cd7", "bids": [{"price": "0.01", "size": "74.18"}, {"price": "0.02", "size": "16.23"}, {"price": "0.03", "size": "14.95"}, {"price": "0.04", "size": "66.66"}, {"price": "0.05", "size": "53"}, {"price": "0.09", "size": "77.76"}], "asks": [{"price": "0.99", "size": "77.58"}, {"price": "0.98", "size": "105.3"}, {"price": "0.97", "size": "16.15"}, {"price": "0.95", "size": "30"}, {"price": "0.94", "size": "33"}, {"price": "0.93", "size": "16"}, {"price": "0.92", "size": "72.82"}, {"price": "0.86", "size": "5.76"}, {"price": "0.83", "size": "66.66"}, {"price": "0.82", "size": "20"}, {"price": "0.75", "size": "20"}], "event_type": "book", "last_trade_price": ""}, {"market": "0x87a3e85253e6582039dd81b3ea6a0fd0539143f8c732ba4aed24e68036480b28", "asset_id": "45318435221612832094784717763123657631651393620997545753198426041889379453599", "timestamp": "1769384437271", "hash": "3aaf75da498dfbc194ab2cdfd07945f1f70effcd", "bids": [{"price": "0.01", "size": "86.05"}, {"price": "0.02", "size": "100"}, {"price": "0.03", "size": "11.76"}, {"price": "0.05", "size": "30"}, {"price": "0.06", "size": "33"}, {"price": "0.07", "size": "20.76"}, {"price": "0.16", "size": "66.66"}, {"price": "0.17", "size": "36"}, {"price": "0.24", "size": "50"}, {"price": "0.25", "size": "20"}, {"price": "0.27", "size": "95"}, {"price": "0.28", "size": "86.66"}], "asks": [{"price": "0.99", "size": "106.66"}, {"price": "0.98", "size": "116.66"}, {"price": "0.96", "size": "79.96"}], "event_type": "book", "last_trade_price": ""}, {"market": "0x46b782a18426ab82d96e9c852a2b6bff770d8f243c2424b5ed03de769e13f9fb", "asset_id": "13593052586325000446709582137812971752882380552216365768148264280183256663088", "timestamp": "1769384438226", "hash": "e08f7312e15d8c67e4a35cf375959675177d4cfe", "bids": [{"price": "0.01", "size": "77.58"}, {"price": "0.02", "size": "105.3"}, {"price": "0.03", "size": "16.15"}, {"price": "0.05", "size": "30"}, {"price": "0.06", "size": "33"}, {"price": "0.07", "size": "16"}, {"price": "0.08", "size": "72.82"}, {"price": "0.14", "size": "5.76"}, {"price": "0.17", "size": "66.66"}, {"price": "0.18", "size": "20"}, {"price": "0.25", "size": "20"}], "asks": [{"price": "0.99", "size": "74.18"}, {"price": "0.98", "size": "16.23"}, {"price": "0.97", "size": "14.95"}, {"price": "0.96", "size": "66.66"}, {"price": "0.95", "size": "53"}, {"price": "0.91", "size": "77.76"}], "event_type": "book", "last_trade_price": ""}, {"market": "0x3ddd971b3a8e67051ee345a3a87a3c0fe9d15be30812725cff89521c40fa8a0d", "asset_id": "2352920750303513301625082190929911354733304052515399175376106508464441882348", "timestamp": "1769384438253", "hash": "bcc86c98d76ce25b13c8d24d8d11acc85c588356", "bids": [{"price": "0.01", "size": "74.18"}, {"price": "0.02", "size": "16.23"}, {"price": "0.04", "size": "66.66"}, {"price": "0.05", "size": "60"}, {"price": "0.09", "size": "77.76"}], "asks": [{"price": "0.99", "size": "77.58"}, {"price": "0.98", "size": "105.3"}, {"price": "0.97", "size": "16.16"}, {"price": "0.95", "size": "30"}, {"price": "0.94", "size": "33"}, {"price": "0.93", "size": "16"}, {"price": "0.92", "size": "72.82"}, {"price": "0.86", "size": "5.76"}, {"price": "0.83", "size": "66.66"}, {"price": "0.82", "size": "20"}, {"price": "0.75", "size": "20"}], "event_type": "book", "last_trade_price": ""}, {"market": "0x87a3e85253e6582039dd81b3ea6a0fd0539143f8c732ba4aed24e68036480b28", "asset_id": "16172116803459113417413993185957766686463871760786546735326168242020186969322", "timestamp": "1769384437271", "hash": "05ca07fdfdf4ef091d16322da8ef04e7d7c2588f", "bids": [{"price": "0.01", "size": "106.66"}, {"price": "0.02", "size": "116.66"}, {"price": "0.04", "size": "79.96"}], "asks": [{"price": "0.99", "size": "86.05"}, {"price": "0.98", "size": "100"}, {"price": "0.97", "size": "11.76"}, {"price": "0.95", "size": "30"}, {"price": "0.94", "size": "33"}, {"price": "0.93", "size": "20.76"}, {"price": "0.84", "size": "66.66"}, {"price": "0.83", "size": "36"}, {"price": "0.76", "size": "50"}, {"price": "0.75", "size": "20"}, {"price": "0.73", "size": "95"}, {"price": "0.72", "size": "86.66"}], "event_type": "book", "last_trade_price": ""}, {"market": "0x3ddd971b3a8e67051ee345a3a87a3c0fe9d15be30812725cff89521c40fa8a0d", "asset_id": "96697108261472676745981293167954495575603771826437678598688679975050747335477", "timestamp": "1769384438253", "hash": "7459a8f184aa416aa53f866b6370e9c281ef200f", "bids": [{"price": "0.01", "size": "77.58"}, {"price": "0.02", "size": "105.3"}, {"price": "0.03", "size": "16.16"}, {"price": "0.05", "size": "30"}, {"price": "0.06", "size": "33"}, {"price": "0.07", "size": "16"}, {"price": "0.08", "size": "72.82"}, {"price": "0.14", "size": "5.76"}, {"price": "0.17", "size": "66.66"}, {"price": "0.18", "size": "20"}, {"price": "0.25", "size": "20"}], "asks": [{"price": "0.99", "size": "74.18"}, {"price": "0.98", "size": "16.23"}, {"price": "0.96", "size": "66.66"}, {"price": "0.95", "size": "60"}, {"price": "0.91", "size": "77.76"}], "event_type": "book", "last_trade_price": ""}, {"market": "0x822f37728057e11d2bbe8427a0ef03be63722028a7520955cc6136a065c6da0d", "asset_id": "13249473985353068986811288577249212900998519100291422192608722204359803367339", "timestamp": "1769384438226", "hash": "57b861c1bf58bd79c37fd68da3cc72650f186288", "bids": [{"price": "0.01", "size": "80.31"}, {"price": "0.02", "size": "106.62"}, {"price": "0.03", "size": "12.41"}, {"price": "0.05", "size": "30"}, {"price": "0.06", "size": "40.47"}, {"price": "0.09", "size": "66.66"}, {"price": "0.1", "size": "9.09"}, {"price": "0.13", "size": "56"}, {"price": "0.19", "size": "190"}, {"price": "0.21", "size": "66.66"}, {"price": "0.22", "size": "20"}, {"price": "0.26", "size": "20"}], "asks": [{"price": "0.99", "size": "106.66"}, {"price": "0.98", "size": "116.66"}, {"price": "0.96", "size": "79.96"}], "event_type": "book", "last_trade_price": ""}]}
{"_local_timestamp": "2026-01-25T23:40:44.953020+00:00", "data": {"market": "0xd5e2394a45ef085fc74b1fe63f4f66ecfd90f4be11c17b463066c83381e359b5", "price_changes": [{"asset_id": "19239818599073080846381798313260561909263567254693310790716636631814342980778", "price": "0.21", "size": "0", "side": "BUY", "hash": "ba76f905fe540a3b83fb84802681c13d1eb78ebe", "best_bid": "0.17", "best_ask": "0.91"}, {"asset_id": "18613142422999826770305000181378750194642276252526901807989118105733664807547", "price": "0.79", "size": "0", "side": "SELL", "hash": "09adc238274b4449570218ea15e88ffe399ef585", "best_bid": "0.09", "best_ask": "0.83"}], "timestamp": "1769384444884", "event_type": "price_change"}}
{"_local_timestamp": "2026-01-25T23:40:44.973186+00:00", "data": {"market": "0xd5e2394a45ef085fc74b1fe63f4f66ecfd90f4be11c17b463066c83381e359b5", "price_changes": [{"asset_id": "19239818599073080846381798313260561909263567254693310790716636631814342980778", "price": "0.25", "size": "20", "side": "BUY", "hash": "440b8968b98e3c9b136630e54bdabc67f9e6b0e7", "best_bid": "0.25", "best_ask": "0.91"}, {"asset_id": "18613142422999826770305000181378750194642276252526901807989118105733664807547", "price": "0.75", "size": "20", "side": "SELL", "hash": "3a561c314af02c214736fcd7bc50bb9e2204e5eb", "best_bid": "0.09", "best_ask": "0.75"}], "timestamp": "1769384444906", "event_type": "price_change"}}
{"_local_timestamp": "2026-01-25T23:40:44.994538+00:00", "data": {"market": "0xd5e2394a45ef085fc74b1fe63f4f66ecfd90f4be11c17b463066c83381e359b5", "price_changes": [{"asset_id": "19239818599073080846381798313260561909263567254693310790716636631814342980778", "price": "0.18", "size": "20", "side": "BUY", "hash": "2bda949ae523fc2f518c038f892bb3c92ba42d41", "best_bid": "0.25", "best_ask": "0.91"}, {"asset_id": "18613142422999826770305000181378750194642276252526901807989118105733664807547", "price": "0.82", "size": "20", "side": "SELL", "hash": "f17e434685bb02394e54dda2643e0e6c2c8f2476", "best_bid": "0.09", "best_ask": "0.75"}], "timestamp": "1769384444920", "event_type": "price_change"}}
{"_local_timestamp": "2026-01-25T23:40:53.557196+00:00", "data": {"market": "0x822f37728057e11d2bbe8427a0ef03be63722028a7520955cc6136a065c6da0d", "price_changes": [{"asset_id": "13249473985353068986811288577249212900998519100291422192608722204359803367339", "price": "0.02", "size": "906.62", "side": "BUY", "hash": "51ad789a721fb9f5d7a728bc7e589e2c76c2116d", "best_bid": "0.26", "best_ask": "0.96"}, {"asset_id": "27317282775503648192978387873913751340641479160152227273941409173822860614543", "price": "0.98", "size": "906.62", "side": "SELL", "hash": "e73d020b481131f5c98ea8416537fa39af3fcc63", "best_bid": "0.04", "best_ask": "0.74"}], "timestamp": "1769384453488", "event_type": "price_change"}}
{"_local_timestamp": "2026-01-25T23:40:53.557593+00:00", "data": {"market": "0x46b782a18426ab82d96e9c852a2b6bff770d8f243c2424b5ed03de769e13f9fb", "price_changes": [{"asset_id": "13593052586325000446709582137812971752882380552216365768148264280183256663088", "price": "0.02", "size": "905.3", "side": "BUY", "hash": "5f2957580e2e79b6039d7bd211930ced02ff15de", "best_bid": "0.25", "best_ask": "0.91"}, {"asset_id": "55087079764812396396204543029129506994684538416978385072032315722132324825985", "price": "0.98", "size": "905.3", "side": "SELL", "hash": "20dbdc3c1fb01ddfa0188242684dddd2a76e86b6", "best_bid": "0.09", "best_ask": "0.75"}], "timestamp": "1769384453489", "event_type": "price_change"}}
{"_local_timestamp": "2026-01-25T23:40:53.557843+00:00", "data": {"market": "0xd5e2394a45ef085fc74b1fe63f4f66ecfd90f4be11c17b463066c83381e359b5", "price_changes": [{"asset_id": "19239818599073080846381798313260561909263567254693310790716636631814342980778", "price": "0.02", "size": "905.3", "side": "BUY", "hash": "13f19206b8d15637fb00125fc50d860f5d37119c", "best_bid": "0.25", "best_ask": "0.91"}, {"asset_id": "18613142422999826770305000181378750194642276252526901807989118105733664807547", "price": "0.98", "size": "905.3", "side": "SELL", "hash": "80096d5a6bd54a85e09416844d2b7902f825ee0e", "best_bid": "0.09", "best_ask": "0.75"}], "timestamp": "1769384453488", "event_type": "price_change"}}
{"_local_timestamp": "2026-01-25T23:40:53.570936+00:00", "data": {"market": "0x3ddd971b3a8e67051ee345a3a87a3c0fe9d15be30812725cff89521c40fa8a0d", "price_changes": [{"asset_id": "96697108261472676745981293167954495575603771826437678598688679975050747335477", "price": "0.02", "size": "905.3", "side": "BUY", "hash": "ea52db9e189e72d2a84c375314a84c493d0a905e", "best_bid": "0.25", "best_ask": "0.91"}, {"asset_id": "2352920750303513301625082190929911354733304052515399175376106508464441882348", "price": "0.98", "size": "905.3", "side": "SELL", "hash": "5b0154126c91ec0e5b85c5f089e39a3c5f8cc811", "best_bid": "0.09", "best_ask": "0.75"}], "timestamp": "1769384453489", "event_type": "price_change"}}
{"_local_timestamp": "2026-01-25T23:40:54.368854+00:00", "data": {"market": "0x822f37728057e11d2bbe8427a0ef03be63722028a7520955cc6136a065c6da0d", "price_changes": [{"asset_id": "13249473985353068986811288577249212900998519100291422192608722204359803367339", "price": "0.19", "size": "0", "side": "BUY", "hash": "437d940ae924f6ce4ff7320393dd75c62653e759", "best_bid": "0.26", "best_ask": "0.96"}, {"asset_id": "27317282775503648192978387873913751340641479160152227273941409173822860614543", "price": "0.81", "size": "0", "side": "SELL", "hash": "bca156b37ecf51c2c3060d2c7f01a838fe5a7b20", "best_bid": "0.04", "best_ask": "0.74"}], "timestamp": "1769384454295", "event_type": "price_change"}}
{"_local_timestamp": "2026-01-25T23:40:54.369931+00:00", "data": {"market": "0x87a3e85253e6582039dd81b3ea6a0fd0539143f8c732ba4aed24e68036480b28", "price_changes": [{"asset_id": "45318435221612832094784717763123657631651393620997545753198426041889379453599", "price": "0.27", "size": "0", "side": "BUY", "hash": "a8ed29e346288c21520f044020186f58a6a7490c", "best_bid": "0.28", "best_ask": "0.96"}, {"asset_id": "16172116803459113417413993185957766686463871760786546735326168242020186969322", "price": "0.73", "size": "0", "side": "SELL", "hash": "11e5861fffce25a2026e27b1d13d5e85416c978b", "best_bid": "0.04", "best_ask": "0.72"}], "timestamp": "1769384454295", "event_type": "price_change"}}
{"_local_timestamp": "2026-01-25T23:41:40.232302+00:00", "data": {"market": "0x3ddd971b3a8e67051ee345a3a87a3c0fe9d15be30812725cff89521c40fa8a0d", "price_changes": [{"asset_id": "96697108261472676745981293167954495575603771826437678598688679975050747335477", "price": "0.02", "size": "105.3", "side": "BUY", "hash": "bcd65e26bf9a7f6602eb095787ca797a8a5dee61", "best_bid": "0.25", "best_ask": "0.91"}, {"asset_id": "2352920750303513301625082190929911354733304052515399175376106508464441882348", "price": "0.98", "size": "105.3", "side": "SELL", "hash": "776bfe944748eb0816138f8c7543b28d70e375b4", "best_bid": "0.09", "best_ask": "0.75"}], "timestamp": "1769384500155", "event_type": "price_change"}}
{"_local_timestamp": "2026-01-25T23:41:40.250327+00:00", "data": {"market": "0x822f37728057e11d2bbe8427a0ef03be63722028a7520955cc6136a065c6da0d", "price_changes": [{"asset_id": "13249473985353068986811288577249212900998519100291422192608722204359803367339", "price": "0.02", "size": "106.62", "side": "BUY", "hash": "faf03c78692590b4c17b65b38bd09bae72b161db", "best_bid": "0.26", "best_ask": "0.96"}, {"asset_id": "27317282775503648192978387873913751340641479160152227273941409173822860614543", "price": "0.98", "size": "106.62", "side": "SELL", "hash": "711917f67091ec936993a254674a3642fb4faa60", "best_bid": "0.04", "best_ask": "0.74"}], "timestamp": "1769384500161", "event_type": "price_change"}}
{"_local_timestamp": "2026-01-25T23:41:40.250742+00:00", "data": {"market": "0xd5e2394a45ef085fc74b1fe63f4f66ecfd90f4be11c17b463066c83381e359b5", "price_changes": [{"asset_id": "19239818599073080846381798313260561909263567254693310790716636631814342980778", "price": "0.02", "size": "105.3", "side": "BUY", "hash": "7f38b6b7c162f702bf3ba178a3a293d6ac2070a3", "best_bid": "0.25", "best_ask": "0.91"}, {"asset_id": "18613142422999826770305000181378750194642276252526901807989118105733664807547", "price": "0.98", "size": "105.3", "side": "SELL", "hash": "864a64c67b3285a132fd35237bca5da16659711f", "best_bid": "0.09", "best_ask": "0.75"}], "timestamp": "1769384500162", "event_type": "price_change"}}
{"_local_timestamp": "2026-01-25T23:41:40.251012+00:00", "data": {"market": "0x46b782a18426ab82d96e9c852a2b6bff770d8f243c2424b5ed03de769e13f9fb", "price_changes": [{"asset_id": "13593052586325000446709582137812971752882380552216365768148264280183256663088", "price": "0.02", "size": "105.3", "side": "BUY", "hash": "de87d5a0421f11d17c6d19a789a0e9eff1113918", "best_bid": "0.25", "best_ask": "0.91"}, {"asset_id": "55087079764812396396204543029129506994684538416978385072032315722132324825985", "price": "0.98", "size": "105.3", "side": "SELL", "hash": "0c3d6d4da7f52f17f680dca606c502d4c6cad12b", "best_bid": "0.09", "best_ask": "0.75"}], "timestamp": "1769384500162", "event_type": "price_change"}}
{"_local_timestamp": "2026-01-25T23:41:41.190386+00:00", "data": {"market": "0x822f37728057e11d2bbe8427a0ef03be63722028a7520955cc6136a065c6da0d", "price_changes": [{"asset_id": "13249473985353068986811288577249212900998519100291422192608722204359803367339", "price": "0.01", "size": "73.29", "side": "BUY", "hash": "2048956a30e61a48a2b9c6837fbb71d8ebb8fa60", "best_bid": "0.26", "best_ask": "0.96"}, {"asset_id": "27317282775503648192978387873913751340641479160152227273941409173822860614543", "price": "0.99", "size": "73.29", "side": "SELL", "hash": "7cd89998371db99bb565b76eab7a9efb51853ee0", "best_bid": "0.04", "best_ask": "0.74"}], "timestamp": "1769384501117", "event_type": "price_change"}}
{"_local_timestamp": "2026-01-25T23:41:41.190835+00:00", "data": {"market": "0x822f37728057e11d2bbe8427a0ef03be63722028a7520955cc6136a065c6da0d", "price_changes": [{"asset_id": "13249473985353068986811288577249212900998519100291422192608722204359803367339", "price": "0.06", "size": "33", "side": "BUY", "hash": "2048956a30e61a48a2b9c6837fbb71d8ebb8fa60", "best_bid": "0.26", "best_ask": "0.96"}, {"asset_id": "27317282775503648192978387873913751340641479160152227273941409173822860614543", "price": "0.94", "size": "33", "side": "SELL", "hash": "7cd89998371db99bb565b76eab7a9efb51853ee0", "best_bid": "0.04", "best_ask": "0.74"}], "timestamp": "1769384501117", "event_type": "price_change"}}
{"_local_timestamp": "2026-01-25T23:41:41.191498+00:00", "data": {"market": "0x822f37728057e11d2bbe8427a0ef03be63722028a7520955cc6136a065c6da0d", "price_changes": [{"asset_id": "13249473985353068986811288577249212900998519100291422192608722204359803367339", "price": "0.1", "size": "0", "side": "BUY", "hash": "2048956a30e61a48a2b9c6837fbb71d8ebb8fa60", "best_bid": "0.26", "best_ask": "0.96"}, {"asset_id": "27317282775503648192978387873913751340641479160152227273941409173822860614543", "price": "0.9", "size": "0", "side": "SELL", "hash": "7cd89998371db99bb565b76eab7a9efb51853ee0", "best_bid": "0.04", "best_ask": "0.74"}], "timestamp": "1769384501117", "event_type": "price_change"}}
{"_local_timestamp": "2026-01-25T23:41:43.039703+00:00", "data": {"market": "0x46b782a18426ab82d96e9c852a2b6bff770d8f243c2424b5ed03de769e13f9fb", "price_changes": [{"asset_id": "13593052586325000446709582137812971752882380552216365768148264280183256663088", "price": "0.08", "size": "66.66", "side": "BUY", "hash": "4b013c7605770478f78df6e3c7aad16010bd084d", "best_bid": "0.25", "best_ask": "0.91"}, {"asset_id": "55087079764812396396204543029129506994684538416978385072032315722132324825985", "price": "0.92", "size": "66.66", "side": "SELL", "hash": "51fdc071c1850922e51dc426e46f9dfaa6ee1c6e", "best_bid": "0.09", "best_ask": "0.75"}], "timestamp": "1769384502965", "event_type": "price_change"}}
{"_local_timestamp": "2026-01-25T23:41:43.040109+00:00", "data": {"market": "0x46b782a18426ab82d96e9c852a2b6bff770d8f243c2424b5ed03de769e13f9fb", "price_changes": [{"asset_id": "13593052586325000446709582137812971752882380552216365768148264280183256663088", "price": "0.14", "size": "0", "side": "BUY", "hash": "4b013c7605770478f78df6e3c7aad16010bd084d", "best_bid": "0.25", "best_ask": "0.91"}, {"asset_id": "55087079764812396396204543029129506994684538416978385072032315722132324825985", "price": "0.86", "size": "0", "side": "SELL", "hash": "51fdc071c1850922e51dc426e46f9dfaa6ee1c6e", "best_bid": "0.09", "best_ask": "0.75"}], "timestamp": "1769384502965", "event_type": "price_change"}}
{"_local_timestamp": "2026-01-25T23:41:43.807476+00:00", "data": {"market": "0x46b782a18426ab82d96e9c852a2b6bff770d8f243c2424b5ed03de769e13f9fb", "price_changes": [{"asset_id": "13593052586325000446709582137812971752882380552216365768148264280183256663088", "price": "0.09", "size": "14.44", "side": "BUY", "hash": "bf5f4fae5a5a6954ee1a581a1b4451c71ac31157", "best_bid": "0.25", "best_ask": "0.91"}, {"asset_id": "55087079764812396396204543029129506994684538416978385072032315722132324825985", "price": "0.91", "size": "14.44", "side": "SELL", "hash": "052397dc990ac9bc02d35fce89cf02aaeecf87fb", "best_bid": "0.09", "best_ask": "0.75"}], "timestamp": "1769384503731", "event_type": "price_change"}}
{"_local_timestamp": "2026-01-25T23:41:43.922518+00:00", "data": {"market": "0x3ddd971b3a8e67051ee345a3a87a3c0fe9d15be30812725cff89521c40fa8a0d", "price_changes": [{"asset_id": "96697108261472676745981293167954495575603771826437678598688679975050747335477", "price": "0.08", "size": "66.66", "side": "BUY", "hash": "652f5ebec2920b54c168dca33f545da795b5c93d", "best_bid": "0.25", "best_ask": "0.91"}, {"asset_id": "2352920750303513301625082190929911354733304052515399175376106508464441882348", "price": "0.92", "size": "66.66", "side": "SELL", "hash": "60f59a98495a8cd95a2b1489fe34b42e2f3c02d6", "best_bid": "0.09", "best_ask": "0.75"}], "timestamp": "1769384503853", "event_type": "price_change"}}
{"_local_timestamp": "2026-01-25T23:41:43.922946+00:00", "data": {"market": "0x3ddd971b3a8e67051ee345a3a87a3c0fe9d15be30812725cff89521c40fa8a0d", "price_changes": [{"asset_id": "96697108261472676745981293167954495575603771826437678598688679975050747335477", "price": "0.14", "size": "0", "side": "BUY", "hash": "652f5ebec2920b54c168dca33f545da795b5c93d", "best_bid": "0.25", "best_ask": "0.91"}, {"asset_id": "2352920750303513301625082190929911354733304052515399175376106508464441882348", "price": "0.86", "size": "0", "side": "SELL", "hash": "60f59a98495a8cd95a2b1489fe34b42e2f3c02d6", "best_bid": "0.09", "best_ask": "0.75"}], "timestamp": "1769384503853", "event_type": "price_change"}}
{"_local_timestamp": "2026-01-25T23:41:44.358743+00:00", "data": {"market": "0xd5e2394a45ef085fc74b1fe63f4f66ecfd90f4be11c17b463066c83381e359b5", "price_changes": [{"asset_id": "19239818599073080846381798313260561909263567254693310790716636631814342980778", "price": "0.08", "size": "66.66", "side": "BUY", "hash": "42765f0639493142709105da396b09dd27f15acc", "best_bid": "0.25", "best_ask": "0.91"}, {"asset_id": "18613142422999826770305000181378750194642276252526901807989118105733664807547", "price": "0.92", "size": "66.66", "side": "SELL", "hash": "ece9c37aad950b7e2c5396b84df863f082c0ee3a", "best_bid": "0.09", "best_ask": "0.75"}], "timestamp": "1769384504290", "event_type": "price_change"}}
{"_local_timestamp": "2026-01-25T23:41:44.359302+00:00", "data": {"market": "0xd5e2394a45ef085fc74b1fe63f4f66ecfd90f4be11c17b463066c83381e359b5", "price_changes": [{"asset_id": "19239818599073080846381798313260561909263567254693310790716636631814342980778", "price": "0.14", "size": "0", "side": "BUY", "hash": "42765f0639493142709105da396b09dd27f15acc", "best_bid": "0.25", "best_ask": "0.91"}, {"asset_id": "18613142422999826770305000181378750194642276252526901807989118105733664807547", "price": "0.86", "size": "0", "side": "SELL", "hash": "ece9c37aad950b7e2c5396b84df863f082c0ee3a", "best_bid": "0.09", "best_ask": "0.75"}], "timestamp": "1769384504290", "event_type": "price_change"}}
{"_local_timestamp": "2026-01-25T23:41:44.481428+00:00", "data": {"market": "0x3ddd971b3a8e67051ee345a3a87a3c0fe9d15be30812725cff89521c40fa8a0d", "price_changes": [{"asset_id": "96697108261472676745981293167954495575603771826437678598688679975050747335477", "price": "0.09", "size": "14.44", "side": "BUY", "hash": "2fa8f4fc144468310278c4375f42535657b4c6d9", "best_bid": "0.25", "best_ask": "0.91"}, {"asset_id": "2352920750303513301625082190929911354733304052515399175376106508464441882348", "price": "0.91", "size": "14.44", "side": "SELL", "hash": "e5b3077775159d45586d24556d4da7359a09f594", "best_bid": "0.09", "best_ask": "0.75"}], "timestamp": "1769384504403", "event_type": "price_change"}}
{"_local_timestamp": "2026-01-25T23:41:44.575197+00:00", "data": {"market": "0x822f37728057e11d2bbe8427a0ef03be63722028a7520955cc6136a065c6da0d", "price_changes": [{"asset_id": "13249473985353068986811288577249212900998519100291422192608722204359803367339", "price": "0.07", "size": "8.29", "side": "BUY", "hash": "f415f2b9b20ab1dbfdf82e1f7400032bca396202", "best_bid": "0.26", "best_ask": "0.96"}, {"asset_id": "27317282775503648192978387873913751340641479160152227273941409173822860614543", "price": "0.93", "size": "8.29", "side": "SELL", "hash": "3494ee781cb2d17aaae9459920d61a173f526c16", "best_bid": "0.04", "best_ask": "0.74"}], "timestamp": "1769384504507", "event_type": "price_change"}}
{"_local_timestamp": "2026-01-25T23:41:44.576675+00:00", "data": {"market": "0x822f37728057e11d2bbe8427a0ef03be63722028a7520955cc6136a065c6da0d", "price_changes": [{"asset_id": "13249473985353068986811288577249212900998519100291422192608722204359803367339", "price": "0.14", "size": "6.06", "side": "BUY", "hash": "56c851ce3a2d1b6292acdb6a35f48e943444c8f9", "best_bid": "0.26", "best_ask": "0.96"}, {"asset_id": "27317282775503648192978387873913751340641479160152227273941409173822860614543", "price": "0.86", "size": "6.06", "side": "SELL", "hash": "c39e4f5c8f38963861aaf3f99312d47409cc3bf7", "best_bid": "0.04", "best_ask": "0.74"}], "timestamp": "1769384504508", "event_type": "price_change"}}
{"_local_timestamp": "2026-01-25T23:41:45.182500+00:00", "data": {"market": "0xd5e2394a45ef085fc74b1fe63f4f66ecfd90f4be11c17b463066c83381e359b5", "price_changes": [{"asset_id": "19239818599073080846381798313260561909263567254693310790716636631814342980778", "price": "0.09", "size": "14.44", "side": "BUY", "hash": "5f3cf87ee8fd531ab5c00b8a2749a7181d15c38b", "best_bid": "0.25", "best_ask": "0.91"}, {"asset_id": "18613142422999826770305000181378750194642276252526901807989118105733664807547", "price": "0.91", "size": "14.44", "side": "SELL", "hash": "829c8da8f824354d8f6d2875810ca7c49282e575", "best_bid": "0.09", "best_ask": "0.75"}], "timestamp": "1769384505117", "event_type": "price_change"}}
