{"_local_timestamp": "2026-01-25T23:40:53.988625+00:00", "data": [{"market": "0x1c337b2dd525c8c90f05dbf5ff79668ddcd0164cb8733876666b0bbdacc60204", "asset_id": "10565127886947769862214849129463585616463588424543045544491960944641376057913", "timestamp": "1769384396618", "hash": "7882142d6dc425b0957e442fca074abde8ac0d96", "bids": [{"price": "0.001", "size": "57901.54"}, {"price": "0.002", "size": "5682.95"}, {"price": "0.003", "size": "1681.7"}, {"price": "0.004", "size": "22.2"}, {"price": "0.005", "size": "250"}, {"price": "0.006", "size": "36.36"}, {"price": "0.01", "size": "629.31"}, {"price": "0.011", "size": "145.96"}, {"price": "0.012", "size": "233.52"}, {"price": "0.013", "size": "29.97"}, {"price": "0.02", "size": "60"}, {"price": "0.021", "size": "20"}, {"price": "0.022", "size": "5.72"}, {"price": "0.026", "size": "11.43"}], "asks": [{"price": "0.999", "size": "3443.08"}, {"price": "0.998", "size": "1255.04"}, {"price": "0.997", "size": "1000"}, {"price": "0.996", "size": "20.45"}, {"price": "0.99", "size": "5900"}, {"price": "0.98", "size": "2200"}, {"price": "0.979", "size": "14.48"}, {"price": "0.95", "size": "30"}, {"price": "0.949", "size": "39"}, {"price": "0.94", "size": "500"}, {"price": "0.9", "size": "560"}, {"price": "0.899", "size": "5.93"}, {"price": "0.85", "size": "826.66"}, {"price": "0.81", "size": "168.42"}, {"price": "0.8", "size": "400"}, {"price": "0.799", "size": "846"}, {"price": "0.76", "size": "216.66"}, {"price": "0.71", "size": "89.65"}, {"price": "0.701", "size": "200"}, {"price": "0.7", "size": "350"}, {"price": "0.699", "size": "1394"}, {"price": "0.66", "size": "70.58"}, {"price": "0.61", "size": "51.28"}, {"price": "0.603", "size": "1640"}, {"price": "0.2", "size": "120.48"}, {"price": "0.09", "size": "200"}, {"price": "0.042", "size": "64.89"}, {"price": "0.041", "size": "200"}, {"price": "0.039", "size": "400"}, {"price": "0.038", "size": "238.57"}, {"price": "0.03", "size": "507.5"}, {"price": "0.027", "size": "1117.75"}], "event_type": "book", "last_trade_price": ""}, {"market": "0x1c337b2dd525c8c90f05dbf5ff79668ddcd0164cb8733876666b0bbdacc60204", "asset_id": "105145504788911624550534394797818036678267818057645925007220152025368747134627", "timestamp": "1769384396618", "hash": "6276fb01fb1dd0ac70742141a6d9a1516276f206", "bids": [{"price": "0.001", "size": "3443.08"}, {"price": "0.002", "size": "1255.04"}, {"price": "0.003", "size": "1000"}, {"price": "0.004", "size": "20.45"}, {"price": "0.01", "size": "5900"}, {"price": "0.02", "size": "2200"}, {"price": "0.021", "size": "14.48"}, {"price": "0.05", "size": "30"}, {"price": "0.051", "size": "39"}, {"price": "0.06", "size": "500"}, {"price": "0.1", "size": "560"}, {"price": "0.101", "size": "5.93"}, {"price": "0.15", "size": "826.66"}, {"price": "0.19", "size": "168.42"}, {"price": "0.2", "size": "400"}, {"price": "0.201", "size": "846"}, {"price": "0.24", "size": "216.66"}, {"price": "0.29", "size": "89.65"}, {"price": "0.299", "size": "200"}, {"price": "0.3", "size": "350"}, {"price": "0.301", "size": "1394"}, {"price": "0.34", "size": "70.58"}, {"price": "0.39", "size": "51.28"}, {"price": "0.397", "size": "1640"}, {"price": "0.8", "size": "120.48"}, {"price": "0.91", "size": "200"}, {"price": "0.958", "size": "64.89"}, {"price": "0.959", "size": "200"}, {"price": "0.961", "size": "400"}, {"price": "0.962", "size": "238.57"}, {"price": "0.97", "size": "507.5"}, {"price": "0.973", "size": "1117.75"}], "asks": [{"price": "0.999", "size": "57901.54"}, {"price": "0.998", "size": "5682.95"}, {"price": "0.997", "size": "1681.7"}, {"price": "0.996", "size": "22.2"}, {"price": "0.995", "size": "250"}, {"price": "0.994", "size": "36.36"}, {"price": "0.99", "size": "629.31"}, {"price": "0.989", "size": "145.96"}, {"price": "0.988", "size": "233.52"}, {"price": "0.987", "size": "29.97"}, {"price": "0.98", "size": "60"}, {"price": "0.979", "size": "20"}, {"price": "0.978", "size": "5.72"}, {"price": "0.974", "size": "11.43"}], "event_type": "book", "last_trade_price": ""}]}
{"_local_timestamp": "2026-01-25T23:41:50.895193+00:00", "data": {"market": "0x1c337b2dd525c8c90f05dbf5ff79668ddcd0164cb8733876666b0bbdacc60204", "price_changes": [{"asset_id": "105145504788911624550534394797818036678267818057645925007220152025368747134627", "price": "0.299", "size": "100", "side": "BUY", "hash": "8df846c331f66645fd5c06d1038793bf859123b7", "best_bid": "0.973", "best_ask": "0.974"}, {"asset_id": "10565127886947769862214849129463585616463588424543045544491960944641376057913", "price": "0.701", "size": "100", "side": "SELL", "hash": "ad9d81109f70f72096e22329efede537783ba665", "best_bid": "0.026", "best_ask": "0.027"}], "timestamp": "1769384510748", "event_type": "price_change"}}
{"_local_timestamp": "2026-01-25T23:41:52.911350+00:00", "data": {"market": "0x1c337b2dd525c8c90f05dbf5ff79668ddcd0164cb8733876666b0bbdacc60204", "price_changes": [{"asset_id": "105145504788911624550534394797818036678267818057645925007220152025368747134627", "price": "0.3", "size": "450", "side": "BUY", "hash": "cb4e8e3be888821e98ef09dbd24d3fc6c3835d90", "best_bid": "0.973", "best_ask": "0.974"}, {"asset_id": "10565127886947769862214849129463585616463588424543045544491960944641376057913", "price": "0.7", "size": "450", "side": "SELL", "hash": "c98f1201cf299789b8048f21d37319cbbf9e800b", "best_bid": "0.026", "best_ask": "0.027"}], "timestamp": "1769384511849", "event_type": "price_change"}}
{"_local_timestamp": "2026-01-25T23:42:24.763726+00:00", "data": {"market": "0x1c337b2dd525c8c90f05dbf5ff79668ddcd0164cb8733876666b0bbdacc60204", "price_changes": [{"asset_id": "105145504788911624550534394797818036678267818057645925007220152025368747134627", "price": "0.299", "size": "50", "side": "BUY", "hash": "12e2cfcd7c3137bafda6a82edb61c6dec5d9faf3", "best_bid": "0.973", "best_ask": "0.974"}, {"asset_id": "10565127886947769862214849129463585616463588424543045544491960944641376057913", "price": "0.701", "size": "50", "side": "SELL", "hash": "cf2d90e98c03f6c2615440e885176572c4f9a930", "best_bid": "0.026", "best_ask": "0.027"}], "timestamp": "1769384544488", "event_type": "price_change"}}
{"_local_timestamp": "2026-01-25T23:42:25.156132+00:00", "data": {"market": "0x1c337b2dd525c8c90f05dbf5ff79668ddcd0164cb8733876666b0bbdacc60204", "price_changes": [{"asset_id": "105145504788911624550534394797818036678267818057645925007220152025368747134627", "price": "0.301", "size": "1444", "side": "BUY", "hash": "5d115fcdbc8688cf0ab2af9e5fe5b1d40b4e8300", "best_bid": "0.973", "best_ask": "0.974"}, {"asset_id": "10565127886947769862214849129463585616463588424543045544491960944641376057913", "price": "0.699", "size": "1444", "side": "SELL", "hash": "49c56f3b3bf593ea1c224f4655981b88dfa1c416", "best_bid": "0.026", "best_ask": "0.027"}], "timestamp": "1769384544915", "event_type": "price_change"}}
{"_local_timestamp": "2026-01-25T23:42:37.186041+00:00", "data": {"market": "0x1c337b2dd525c8c90f05dbf5ff79668ddcd0164cb8733876666b0bbdacc60204", "price_changes": [{"asset_id": "105145504788911624550534394797818036678267818057645925007220152025368747134627", "price": "0.961", "size": "200", "side": "BUY", "hash": "30d4ff2faa93923d7639355820796a7cb2a72267", "best_bid": "0.973", "best_ask": "0.974"}, {"asset_id": "10565127886947769862214849129463585616463588424543045544491960944641376057913", "price": "0.039", "size": "200", "side": "SELL", "hash": "a7816fe8b4c6eb8cb2c4ae37ebe50a3fabf32dcb", "best_bid": "0.026", "best_ask": "0.027"}], "timestamp": "1769384557000", "event_type": "price_change"}}
{"_local_timestamp": "2026-01-25T23:42:45.403699+00:00", "data": {"market": "0x1c337b2dd525c8c90f05dbf5ff79668ddcd0164cb8733876666b0bbdacc60204", "price_changes": [{"asset_id": "105145504788911624550534394797818036678267818057645925007220152025368747134627", "price": "0.299", "size": "0", "side": "BUY", "hash": "834640941bc9af6f99ea4c63e33bf7fefbcf9874", "best_bid": "0.973", "best_ask": "0.974"}, {"asset_id": "10565127886947769862214849129463585616463588424543045544491960944641376057913", "price": "0.701", "size": "0", "side": "SELL", "hash": "843138e4c246af37c237439c8cf9b66deb45a758", "best_bid": "0.026", "best_ask": "0.027"}], "timestamp": "1769384565216", "event_type": "price_change"}}
{"_local_timestamp": "2026-01-25T23:42:45.760244+00:00", "data": {"market": "0x1c337b2dd525c8c90f05dbf5ff79668ddcd0164cb8733876666b0bbdacc60204", "price_changes": [{"asset_id": "105145504788911624550534394797818036678267818057645925007220152025368747134627", "price": "0.301", "size": "1494", "side": "BUY", "hash": "c03589c27e1df2246327242526f880871d7a4a34", "best_bid": "0.973", "best_ask": "0.974"}, {"asset_id": "10565127886947769862214849129463585616463588424543045544491960944641376057913", "price": "0.699", "size": "1494", "side": "SELL", "hash": "19793df0a5ad6eeff2dcd17228582c2415fd62f1", "best_bid": "0.026", "best_ask": "0.027"}], "timestamp": "1769384565596", "event_type": "price_change"}}
{"_local_timestamp": "2026-01-25T23:43:18.743099+00:00", "data": {"market": "0x1c337b2dd525c8c90f05dbf5ff79668ddcd0164cb8733876666b0bbdacc60204", "price_changes": [{"asset_id": "105145504788911624550534394797818036678267818057645925007220152025368747134627", "price": "0.397", "size": "1635", "side": "BUY", "hash": "4f115724e45709fd251bbcd3aebebb156d558eb6", "best_bid": "0.973", "best_ask": "0.974"}, {"asset_id": "10565127886947769862214849129463585616463588424543045544491960944641376057913", "price": "0.603", "size": "1635", "side": "SELL", "hash": "1ef2bc92f12ea100cad21b81aa39147ad4f50a43", "best_bid": "0.026", "best_ask": "0.027"}], "timestamp": "1769384598629", "event_type": "price_change"}}
{"_local_timestamp": "2026-01-25T23:43:18.806726+00:00", "data": {"market": "0x1c337b2dd525c8c90f05dbf5ff79668ddcd0164cb8733876666b0bbdacc60204", "price_changes": [{"asset_id": "105145504788911624550534394797818036678267818057645925007220152025368747134627", "price": "0.398", "size": "5", "side": "BUY", "hash": "7fb75040dd244033fbea8e792b8187bb2fe6efad", "best_bid": "0.973", "best_ask": "0.974"}, {"asset_id": "10565127886947769862214849129463585616463588424543045544491960944641376057913", "price": "0.602", "size": "5", "side": "SELL", "hash": "b63c602185de20109d2bfb62a609f94dd0e8f229", "best_bid": "0.026", "best_ask": "0.027"}], "timestamp": "1769384598673", "event_type": "price_change"}}
{"_local_timestamp": "2026-01-25T23:44:07.860693+00:00", "data": {"market": "0x1c337b2dd525c8c90f05dbf5ff79668ddcd0164cb8733876666b0bbdacc60204", "price_changes": [{"asset_id": "105145504788911624550534394797818036678267818057645925007220152025368747134627", "price": "0.961", "size": "400", "side": "BUY", "hash": "fc2eccb6d4115afe9105e96379ef294a2709bd4d", "best_bid": "0.973", "best_ask": "0.974"}, {"asset_id": "10565127886947769862214849129463585616463588424543045544491960944641376057913", "price": "0.039", "size": "400", "side": "SELL", "hash": "bc66b877cdb2c730bc102559671ed0f6b0b486b8", "best_bid": "0.026", "best_ask": "0.027"}], "timestamp": "1769384647575", "event_type": "price_change"}}
{"_local_timestamp": "2026-01-25T23:45:56.170408+00:00", "data": {"market": "0x1c337b2dd525c8c90f05dbf5ff79668ddcd0164cb8733876666b0bbdacc60204", "price_changes": [{"asset_id": "105145504788911624550534394797818036678267818057645925007220152025368747134627", "price": "0.3", "size": "150", "side": "BUY", "hash": "449dde09e9fe994ac7e02de1662ae06a620bd8b9", "best_bid": "0.973", "best_ask": "0.974"}, {"asset_id": "10565127886947769862214849129463585616463588424543045544491960944641376057913", "price": "0.7", "size": "150", "side": "SELL", "hash": "a060edd9729f35bdfffa80b72f084e6e4aace2f3", "best_bid": "0.026", "best_ask": "0.027"}], "timestamp": "1769384756071", "event_type": "price_change"}}
{"_local_timestamp": "2026-01-25T23:46:27.864581+00:00", "data": {"market": "0x1c337b2dd525c8c90f05dbf5ff79668ddcd0164cb8733876666b0bbdacc60204", "price_changes": [{"asset_id": "105145504788911624550534394797818036678267818057645925007220152025368747134627", "price": "0.302", "size": "300", "side": "BUY", "hash": "427deaeb8f672a29749a401c53fccc7efc94b2e5", "best_bid": "0.973", "best_ask": "0.974"}, {"asset_id": "10565127886947769862214849129463585616463588424543045544491960944641376057913", "price": "0.698", "size": "300", "side": "SELL", "hash": "c0e9edcaeb09b3224c51c06a75f7ff6f0ff900b5", "best_bid": "0.026", "best_ask": "0.027"}], "timestamp": "1769384787766", "event_type": "price_change"}}
