{"_local_timestamp": "2026-01-25T23:33:37.916359+00:00", "data": [{"market": "0x52a7c03aa0e50655b5defb3d8e48685bd72a4955d82703a8e89a1d5255f4a216", "asset_id": "6874555238801747162260849972247799451217246619320854888961551759638898800268", "timestamp": "1769383984378", "hash": "b996c91199cc0fcc29bbc356757792e07259b7f5", "bids": [{"price": "0.001", "size": "4722.64"}, {"price": "0.002", "size": "1255.04"}, {"price": "0.003", "size": "1000"}, {"price": "0.004", "size": "21.61"}, {"price": "0.01", "size": "6050"}, {"price": "0.02", "size": "2450"}, {"price": "0.021", "size": "250"}, {"price": "0.022", "size": "13.65"}, {"price": "0.05", "size": "30"}, {"price": "0.051", "size": "39"}, {"price": "0.06", "size": "500"}, {"price": "0.1", "size": "1110"}, {"price": "0.101", "size": "5.92"}, {"price": "0.15", "size": "826.66"}, {"price": "0.2", "size": "560"}, {"price": "0.201", "size": "796"}, {"price": "0.24", "size": "116.66"}, {"price": "0.242", "size": "300"}, {"price": "0.29", "size": "189.65"}, {"price": "0.291", "size": "1442"}, {"price": "0.34", "size": "120.58"}, {"price": "0.39", "size": "51.28"}, {"price": "0.447", "size": "5"}, {"price": "0.448", "size": "4256"}, {"price": "0.449", "size": "1396"}, {"price": "0.81", "size": "400"}, {"price": "0.94", "size": "2061.05"}, {"price": "0.945", "size": "150"}, {"price": "0.946", "size": "50"}, {"price": "0.95", "size": "417.06"}, {"price": "0.951", "size": "32.76"}, {"price": "0.953", "size": "200"}, {"price": "0.954", "size": "100"}, {"price": "0.955", "size": "111.76"}], "asks": [{"price": "0.999", "size": "60747.16"}, {"price": "0.998", "size": "207.89"}, {"price": "0.99", "size": "4000"}, {"price": "0.989", "size": "250"}, {"price": "0.988", "size": "14.41"}, {"price": "0.985", "size": "100"}, {"price": "0.984", "size": "15.8"}, {"price": "0.98", "size": "917.06"}, {"price": "0.979", "size": "521.87"}, {"price": "0.978", "size": "269.7"}, {"price": "0.977", "size": "100"}, {"price": "0.976", "size": "61.05"}], "event_type": "book", "last_trade_price": "0.046"}, {"market": "0x52a7c03aa0e50655b5defb3d8e48685bd72a4955d82703a8e89a1d5255f4a216", "asset_id": "41423065300198414333652186196829372672155925109974332571318217095813945849522", "timestamp": "1769383984378", "hash": "00c677e924aebf284cf2e15175fb8abd1b34945c", "bids": [{"price": "0.001", "size": "60747.16"}, {"price": "0.002", "size": "207.89"}, {"price": "0.01", "size": "4000"}, {"price": "0.011", "size": "250"}, {"price": "0.012", "size": "14.41"}, {"price": "0.015", "size": "100"}, {"price": "0.016", "size": "15.8"}, {"price": "0.02", "size": "917.06"}, {"price": "0.021", "size": "521.87"}, {"price": "0.022", "size": "269.7"}, {"price": "0.023", "size": "100"}, {"price": "0.024", "size": "61.05"}], "asks": [{"price": "0.999", "size": "4722.64"}, {"price": "0.998", "size": "1255.04"}, {"price": "0.997", "size": "1000"}, {"price": "0.996", "size": "21.61"}, {"price": "0.99", "size": "6050"}, {"price": "0.98", "size": "2450"}, {"price": "0.979", "size": "250"}, {"price": "0.978", "size": "13.65"}, {"price": "0.95", "size": "30"}, {"price": "0.949", "size": "39"}, {"price": "0.94", "size": "500"}, {"price": "0.9", "size": "1110"}, {"price": "0.899", "size": "5.92"}, {"price": "0.85", "size": "826.66"}, {"price": "0.8", "size": "560"}, {"price": "0.799", "size": "796"}, {"price": "0.76", "size": "116.66"}, {"price": "0.758", "size": "300"}, {"price": "0.71", "size": "189.65"}, {"price": "0.709", "size": "1442"}, {"price": "0.66", "size": "120.58"}, {"price": "0.61", "size": "51.28"}, {"price": "0.553", "size": "5"}, {"price": "0.552", "size": "4256"}, {"price": "0.551", "size": "1396"}, {"price": "0.19", "size": "400"}, {"price": "0.06", "size": "2061.05"}, {"price": "0.055", "size": "150"}, {"price": "0.054", "size": "50"}, {"price": "0.05", "size": "417.06"}, {"price": "0.049", "size": "32.76"}, {"price": "0.047", "size": "200"}, {"price": "0.046", "size": "100"}, {"price": "0.045", "size": "111.76"}], "event_type": "book", "last_trade_price": "0.046"}]}
{"_local_timestamp": "2026-01-25T23:33:54.091095+00:00", "data": {"market": "0x52a7c03aa0e50655b5defb3d8e48685bd72a4955d82703a8e89a1d5255f4a216", "price_changes": [{"asset_id": "41423065300198414333652186196829372672155925109974332571318217095813945849522", "price": "0.015", "size": "50", "side": "BUY", "hash": "bfb60d77526a2c5a007250d52747eef73792c204", "best_bid": "0.024", "best_ask": "0.045"}, {"asset_id": "6874555238801747162260849972247799451217246619320854888961551759638898800268", "price": "0.985", "size": "50", "side": "SELL", "hash": "33719992a3434a4f254f015ea2a20441bb53b32c", "best_bid": "0.955", "best_ask": "0.976"}], "timestamp": "1769384034001", "event_type": "price_change"}}
{"_local_timestamp": "2026-01-25T23:33:55.110955+00:00", "data": {"market": "0x52a7c03aa0e50655b5defb3d8e48685bd72a4955d82703a8e89a1d5255f4a216", "price_changes": [{"asset_id": "6874555238801747162260849972247799451217246619320854888961551759638898800268", "price": "0.946", "size": "0", "side": "BUY", "hash": "3daf1668ef92b402bb8a6b851d226529f9646e8b", "best_bid": "0.955", "best_ask": "0.976"}, {"asset_id": "41423065300198414333652186196829372672155925109974332571318217095813945849522", "price": "0.054", "size": "0", "side": "SELL", "hash": "9c0d92cb34982f58f357fa62b98775d1384a5341", "best_bid": "0.024", "best_ask": "0.045"}], "timestamp": "1769384035005", "event_type": "price_change"}}
{"_local_timestamp": "2026-01-25T23:33:56.026372+00:00", "data": {"market": "0x52a7c03aa0e50655b5defb3d8e48685bd72a4955d82703a8e89a1d5255f4a216", "price_changes": [{"asset_id": "6874555238801747162260849972247799451217246619320854888961551759638898800268", "price": "0.945", "size": "100", "side": "BUY", "hash": "aa0c7dc127f5ef3de51a3305c1857128a0a7b850", "best_bid": "0.955", "best_ask": "0.976"}, {"asset_id": "41423065300198414333652186196829372672155925109974332571318217095813945849522", "price": "0.055", "size": "100", "side": "SELL", "hash": "348c9f5cf91decd41e4e636df22a38e15cb4035c", "best_bid": "0.024", "best_ask": "0.045"}], "timestamp": "1769384035956", "event_type": "price_change"}}
{"_local_timestamp": "2026-01-25T23:33:59.613878+00:00", "data": {"market": "0x52a7c03aa0e50655b5defb3d8e48685bd72a4955d82703a8e89a1d5255f4a216", "price_changes": [{"asset_id": "6874555238801747162260849972247799451217246619320854888961551759638898800268", "price": "0.94", "size": "2111.05", "side": "BUY", "hash": "0d9ab7f2fa42f10899b697539b8f33bd2c50cbe0", "best_bid": "0.955", "best_ask": "0.976"}, {"asset_id": "41423065300198414333652186196829372672155925109974332571318217095813945849522", "price": "0.06", "size": "2111.05", "side": "SELL", "hash": "dfb42b5e74680651add092fad874b389cc236b72", "best_bid": "0.024", "best_ask": "0.045"}], "timestamp": "1769384039545", "event_type": "price_change"}}
{"_local_timestamp": "2026-01-25T23:34:00.078870+00:00", "data": {"market": "0x52a7c03aa0e50655b5defb3d8e48685bd72a4955d82703a8e89a1d5255f4a216", "price_changes": [{"asset_id": "6874555238801747162260849972247799451217246619320854888961551759638898800268", "price": "0.945", "size": "0", "side": "BUY", "hash": "3482fc4f26a08384acfd368b22b19c1f3768fe81", "best_bid": "0.955", "best_ask": "0.976"}, {"asset_id": "41423065300198414333652186196829372672155925109974332571318217095813945849522", "price": "0.055", "size": "0", "side": "SELL", "hash": "6afec51be6875f6c3831924b159f9c343f8d47b6", "best_bid": "0.024", "best_ask": "0.045"}], "timestamp": "1769384040000", "event_type": "price_change"}}
