{"_local_timestamp": "2026-01-25T23:40:46.761829+00:00", "data": [{"market": "0x52a7c03aa0e50655b5defb3d8e48685bd72a4955d82703a8e89a1d5255f4a216", "asset_id": "41423065300198414333652186196829372672155925109974332571318217095813945849522", "timestamp": "1769384440596", "hash": "701ebec7b557002e8f554c20e4f8bf60fcc1449c", "bids": [{"price": "0.001", "size": "60747.16"}, {"price": "0.002", "size": "207.89"}, {"price": "0.01", "size": "4000"}, {"price": "0.011", "size": "250"}, {"price": "0.012", "size": "14.41"}, {"price": "0.015", "size": "50"}, {"price": "0.016", "size": "15.8"}, {"price": "0.02", "size": "917.06"}, {"price": "0.021", "size": "521.87"}, {"price": "0.022", "size": "269.7"}, {"price": "0.023", "size": "100"}, {"price": "0.024", "size": "61.05"}], "asks": [{"price": "0.999", "size": "4722.64"}, {"price": "0.998", "size": "1255.04"}, {"price": "0.997", "size": "1000"}, {"price": "0.996", "size": "21.61"}, {"price": "0.99", "size": "6050"}, {"price": "0.98", "size": "2450"}, {"price": "0.979", "size": "250"}, {"price": "0.978", "size": "13.65"}, {"price": "0.95", "size": "30"}, {"price": "0.949", "size": "39"}, {"price": "0.94", "size": "500"}, {"price": "0.9", "size": "1110"}, {"price": "0.899", "size": "5.92"}, {"price": "0.85", "size": "826.66"}, {"price": "0.8", "size": "560"}, {"price": "0.799", "size": "846"}, {"price": "0.76", "size": "116.66"}, {"price": "0.757", "size": "200"}, {"price": "0.71", "size": "89.65"}, {"price": "0.709", "size": "50"}, {"price": "0.708", "size": "1538"}, {"price": "0.66", "size": "120.58"}, {"price": "0.61", "size": "51.28"}, {"price": "0.551", "size": "1336"}, {"price": "0.55", "size": "4261"}, {"price": "0.549", "size": "5"}, {"price": "0.19", "size": "400"}, {"price": "0.06", "size": "2111.05"}, {"price": "0.055", "size": "100"}, {"price": "0.05", "size": "417.06"}, {"price": "0.049", "size": "32.76"}, {"price": "0.047", "size": "200"}, {"price": "0.046", "size": "100"}, {"price": "0.045", "size": "111.76"}], "event_type": "book", "last_trade_price": "0.046"}, {"market": "0x52a7c03aa0e50655b5defb3d8e48685bd72a4955d82703a8e89a1d5255f4a216", "asset_id": "6874555238801747162260849972247799451217246619320854888961551759638898800268", "timestamp": "1769384440596", "hash": "ed030d45d6b2a27d4e62bfee1ee4d98ace8367e7", "bids": [{"price": "0.001", "size": "4722.64"}, {"price": "0.002", "size": "1255.04"}, {"price": "0.003", "size": "1000"}, {"price": "0.004", "size": "21.61"}, {"price": "0.01", "size": "6050"}, {"price": "0.02", "size": "2450"}, {"price": "0.021", "size": "250"}, {"price": "0.022", "size": "13.65"}, {"price": "0.05", "size": "30"}, {"price": "0.051", "size": "39"}, {"price": "0.06", "size": "500"}, {"price": "0.1", "size": "1110"}, {"price": "0.101", "size": "5.92"}, {"price": "0.15", "size": "826.66"}, {"price": "0.2", "size": "560"}, {"price": "0.201", "size": "846"}, {"price": "0.24", "size": "116.66"}, {"price": "0.243", "size": "200"}, {"price": "0.29", "size": "89.65"}, {"price": "0.291", "size": "50"}, {"price": "0.292", "size": "1538"}, {"price": "0.34", "size": "120.58"}, {"price": "0.39", "size": "51.28"}, {"price": "0.449", "size": "1336"}, {"price": "0.45", "size": "4261"}, {"price": "0.451", "size": "5"}, {"price": "0.81", "size": "400"}, {"price": "0.94", "size": "2111.05"}, {"price": "0.945", "size": "100"}, {"price": "0.95", "size": "417.06"}, {"price": "0.951", "size": "32.76"}, {"price": "0.953", "size": "200"}, {"price": "0.954", "size": "100"}, {"price": "0.955", "size": "111.76"}], "asks": [{"price": "0.999", "size": "60747.16"}, {"price": "0.998", "size": "207.89"}, {"price": "0.99", "size": "4000"}, {"price": "0.989", "size": "250"}, {"price": "0.988", "size": "14.41"}, {"price": "0.985", "size": "50"}, {"price": "0.984", "size": "15.8"}, {"price": "0.98", "size": "917.06"}, {"price": "0.979", "size": "521.87"}, {"price": "0.978", "size": "269.7"}, {"price": "0.977", "size": "100"}, {"price": "0.976", "size": "61.05"}], "event_type": "book", "last_trade_price": "0.046"}]}
{"_local_timestamp": "2026-01-25T23:41:14.639641+00:00", "data": {"market": "0x52a7c03aa0e50655b5defb3d8e48685bd72a4955d82703a8e89a1d5255f4a216", "price_changes": [{"asset_id": "6874555238801747162260849972247799451217246619320854888961551759638898800268", "price": "0.292", "size": "100", "side": "BUY", "hash": "acc9060bf2a25585540b51043860558759ca33b9", "best_bid": "0.955", "best_ask": "0.976"}, {"asset_id": "41423065300198414333652186196829372672155925109974332571318217095813945849522", "price": "0.708", "size": "100", "side": "SELL", "hash": "65c1f64340bd502674760ec731eee27bbb401484", "best_bid": "0.024", "best_ask": "0.045"}], "timestamp": "1769384474530", "event_type": "price_change"}}
{"_local_timestamp": "2026-01-25T23:41:33.878857+00:00", "data": {"market": "0x52a7c03aa0e50655b5defb3d8e48685bd72a4955d82703a8e89a1d5255f4a216", "price_changes": [{"asset_id": "6874555238801747162260849972247799451217246619320854888961551759638898800268", "price": "0.244", "size": "1720", "side": "BUY", "hash": "aed2f531bc7fb483f4062eaa4e2c3f91352f8f2b", "best_bid": "0.955", "best_ask": "0.976"}, {"asset_id": "41423065300198414333652186196829372672155925109974332571318217095813945849522", "price": "0.756", "size": "1720", "side": "SELL", "hash": "e4b3ceed6cd1be99894c3fa773e9ca7d87de086d", "best_bid": "0.024", "best_ask": "0.045"}], "timestamp": "1769384493697", "event_type": "price_change"}}
{"_local_timestamp": "2026-01-25T23:41:49.464404+00:00", "data": {"market": "0x52a7c03aa0e50655b5defb3d8e48685bd72a4955d82703a8e89a1d5255f4a216", "price_changes": [{"asset_id": "6874555238801747162260849972247799451217246619320854888961551759638898800268", "price": "0.292", "size": "50", "side": "BUY", "hash": "58b13ed0125fd1a6ef4dbdfa53939d297e6b718b", "best_bid": "0.955", "best_ask": "0.976"}, {"asset_id": "41423065300198414333652186196829372672155925109974332571318217095813945849522", "price": "0.708", "size": "50", "side": "SELL", "hash": "336c92ac581cdf9016e36e2430e3f3b92be1ece2", "best_bid": "0.024", "best_ask": "0.045"}], "timestamp": "1769384509394", "event_type": "price_change"}}
{"_local_timestamp": "2026-01-25T23:41:49.465569+00:00", "data": {"market": "0x52a7c03aa0e50655b5defb3d8e48685bd72a4955d82703a8e89a1d5255f4a216", "price_changes": [{"asset_id": "6874555238801747162260849972247799451217246619320854888961551759638898800268", "price": "0.243", "size": "100", "side": "BUY", "hash": "58b13ed0125fd1a6ef4dbdfa53939d297e6b718b", "best_bid": "0.955", "best_ask": "0.976"}, {"asset_id": "41423065300198414333652186196829372672155925109974332571318217095813945849522", "price": "0.757", "size": "100", "side": "SELL", "hash": "336c92ac581cdf9016e36e2430e3f3b92be1ece2", "best_bid": "0.024", "best_ask": "0.045"}], "timestamp": "1769384509394", "event_type": "price_change"}}
{"_local_timestamp": "2026-01-25T23:41:49.758586+00:00", "data": {"market": "0x52a7c03aa0e50655b5defb3d8e48685bd72a4955d82703a8e89a1d5255f4a216", "price_changes": [{"asset_id": "6874555238801747162260849972247799451217246619320854888961551759638898800268", "price": "0.24", "size": "216.66", "side": "BUY", "hash": "0113cab4e29d6ddd6092ff6245befeb78a56da09", "best_bid": "0.955", "best_ask": "0.976"}, {"asset_id": "41423065300198414333652186196829372672155925109974332571318217095813945849522", "price": "0.76", "size": "216.66", "side": "SELL", "hash": "b63b524570288ed356fd5663403f7cb537db3327", "best_bid": "0.024", "best_ask": "0.045"}], "timestamp": "1769384509658", "event_type": "price_change"}}
{"_local_timestamp": "2026-01-25T23:41:49.782011+00:00", "data": {"market": "0x52a7c03aa0e50655b5defb3d8e48685bd72a4955d82703a8e89a1d5255f4a216", "price_changes": [{"asset_id": "6874555238801747162260849972247799451217246619320854888961551759638898800268", "price": "0.29", "size": "139.65", "side": "BUY", "hash": "1bb3e9a2109330191c84efc28c71e5c4cac94aaa", "best_bid": "0.955", "best_ask": "0.976"}, {"asset_id": "41423065300198414333652186196829372672155925109974332571318217095813945849522", "price": "0.71", "size": "139.65", "side": "SELL", "hash": "87e9ecf602c55643f92a74e8cde0f752a56cb7b4", "best_bid": "0.024", "best_ask": "0.045"}], "timestamp": "1769384509670", "event_type": "price_change"}}
{"_local_timestamp": "2026-01-25T23:41:50.907977+00:00", "data": {"market": "0x52a7c03aa0e50655b5defb3d8e48685bd72a4955d82703a8e89a1d5255f4a216", "price_changes": [{"asset_id": "6874555238801747162260849972247799451217246619320854888961551759638898800268", "price": "0.243", "size": "0", "side": "BUY", "hash": "6c7ad6bbcbd8cc35542fb29611dc7177e887cac9", "best_bid": "0.955", "best_ask": "0.976"}, {"asset_id": "41423065300198414333652186196829372672155925109974332571318217095813945849522", "price": "0.757", "size": "0", "side": "SELL", "hash": "4f8a316c93d68d65b814cea2aed91a89d891b291", "best_bid": "0.024", "best_ask": "0.045"}], "timestamp": "1769384510751", "event_type": "price_change"}}
{"_local_timestamp": "2026-01-25T23:41:52.036394+00:00", "data": {"market": "0x52a7c03aa0e50655b5defb3d8e48685bd72a4955d82703a8e89a1d5255f4a216", "price_changes": [{"asset_id": "6874555238801747162260849972247799451217246619320854888961551759638898800268", "price": "0.292", "size": "150", "side": "BUY", "hash": "848b00130d041b25b6c6a7341da7aab4f8e3bd67", "best_bid": "0.955", "best_ask": "0.976"}, {"asset_id": "41423065300198414333652186196829372672155925109974332571318217095813945849522", "price": "0.708", "size": "150", "side": "SELL", "hash": "dae7c46f034bb2bd2988573a938165a2d1da3bf0", "best_bid": "0.024", "best_ask": "0.045"}], "timestamp": "1769384511699", "event_type": "price_change"}}
{"_local_timestamp": "2026-01-25T23:42:24.957574+00:00", "data": {"market": "0x52a7c03aa0e50655b5defb3d8e48685bd72a4955d82703a8e89a1d5255f4a216", "price_changes": [{"asset_id": "6874555238801747162260849972247799451217246619320854888961551759638898800268", "price": "0.24", "size": "116.66", "side": "BUY", "hash": "005bfe081922b8bce1862d3fa4b660541ecbd017", "best_bid": "0.955", "best_ask": "0.976"}, {"asset_id": "41423065300198414333652186196829372672155925109974332571318217095813945849522", "price": "0.76", "size": "116.66", "side": "SELL", "hash": "cbf52e4d4f4e4fcd329bf36dde2758f8698008e2", "best_bid": "0.024", "best_ask": "0.045"}], "timestamp": "1769384544873", "event_type": "price_change"}}
{"_local_timestamp": "2026-01-25T23:42:24.973094+00:00", "data": {"market": "0x52a7c03aa0e50655b5defb3d8e48685bd72a4955d82703a8e89a1d5255f4a216", "price_changes": [{"asset_id": "6874555238801747162260849972247799451217246619320854888961551759638898800268", "price": "0.29", "size": "89.65", "side": "BUY", "hash": "db3a397981f23618c959783f47905ee37546ad28", "best_bid": "0.955", "best_ask": "0.976"}, {"asset_id": "41423065300198414333652186196829372672155925109974332571318217095813945849522", "price": "0.71", "size": "89.65", "side": "SELL", "hash": "d00d3dd26fbd858d951086ff2339e320e46db970", "best_bid": "0.024", "best_ask": "0.045"}], "timestamp": "1769384544882", "event_type": "price_change"}}
{"_local_timestamp": "2026-01-25T23:42:25.255466+00:00", "data": {"market": "0x52a7c03aa0e50655b5defb3d8e48685bd72a4955d82703a8e89a1d5255f4a216", "price_changes": [{"asset_id": "6874555238801747162260849972247799451217246619320854888961551759638898800268", "price": "0.244", "size": "1820", "side": "BUY", "hash": "dcf1091e0eafca742eb71f34a5eaec5596adff73", "best_bid": "0.955", "best_ask": "0.976"}, {"asset_id": "41423065300198414333652186196829372672155925109974332571318217095813945849522", "price": "0.756", "size": "1820", "side": "SELL", "hash": "637224142fd93f88ab20a11c212500c5a4f37d49", "best_bid": "0.024", "best_ask": "0.045"}], "timestamp": "1769384545157", "event_type": "price_change"}}
{"_local_timestamp": "2026-01-25T23:42:25.279643+00:00", "data": {"market": "0x52a7c03aa0e50655b5defb3d8e48685bd72a4955d82703a8e89a1d5255f4a216", "price_changes": [{"asset_id": "6874555238801747162260849972247799451217246619320854888961551759638898800268", "price": "0.292", "size": "200", "side": "BUY", "hash": "43c558a571c176e57e2f553b944c8ea3e17b74e3", "best_bid": "0.955", "best_ask": "0.976"}, {"asset_id": "41423065300198414333652186196829372672155925109974332571318217095813945849522", "price": "0.708", "size": "200", "side": "SELL", "hash": "f251325733ea1cbfdf31b2675f29b837bcc53aad", "best_bid": "0.024", "best_ask": "0.045"}], "timestamp": "1769384545165", "event_type": "price_change"}}
{"_local_timestamp": "2026-01-25T23:42:45.451546+00:00", "data": {"market": "0x52a7c03aa0e50655b5defb3d8e48685bd72a4955d82703a8e89a1d5255f4a216", "price_changes": [{"asset_id": "6874555238801747162260849972247799451217246619320854888961551759638898800268", "price": "0.291", "size": "0", "side": "BUY", "hash": "26636275c6e2a4970cc986423eaa9a7b903b7afd", "best_bid": "0.955", "best_ask": "0.976"}, {"asset_id": "41423065300198414333652186196829372672155925109974332571318217095813945849522", "price": "0.709", "size": "0", "side": "SELL", "hash": "8cbcb3bdb8aab7e1ef7e2e5396e5a64a2ac8c353", "best_bid": "0.024", "best_ask": "0.045"}], "timestamp": "1769384565220", "event_type": "price_change"}}
{"_local_timestamp": "2026-01-25T23:42:45.827211+00:00", "data": {"market": "0x52a7c03aa0e50655b5defb3d8e48685bd72a4955d82703a8e89a1d5255f4a216", "price_changes": [{"asset_id": "6874555238801747162260849972247799451217246619320854888961551759638898800268", "price": "0.292", "size": "250", "side": "BUY", "hash": "01b5c28b3d7f2b0bff7a23a7d7fa4f41e8a28bdb", "best_bid": "0.955", "best_ask": "0.976"}, {"asset_id": "41423065300198414333652186196829372672155925109974332571318217095813945849522", "price": "0.708", "size": "250", "side": "SELL", "hash": "7dab006c3e2d59d5579cd7985f03b3b71ee136f2", "best_bid": "0.024", "best_ask": "0.045"}], "timestamp": "1769384565616", "event_type": "price_change"}}
{"_local_timestamp": "2026-01-25T23:42:47.265862+00:00", "data": {"market": "0x52a7c03aa0e50655b5defb3d8e48685bd72a4955d82703a8e89a1d5255f4a216", "price_changes": [{"asset_id": "6874555238801747162260849972247799451217246619320854888961551759638898800268", "price": "0.244", "size": "100", "side": "BUY", "hash": "63b6365e6e9dbc3da115eaaf2a9fa6398e29849f", "best_bid": "0.955", "best_ask": "0.976"}, {"asset_id": "41423065300198414333652186196829372672155925109974332571318217095813945849522", "price": "0.756", "size": "100", "side": "SELL", "hash": "88f2dbc57ec5eba23d4b848d5ce64ebdfaccc1a3", "best_bid": "0.024", "best_ask": "0.045"}], "timestamp": "1769384566995", "event_type": "price_change"}}
{"_local_timestamp": "2026-01-25T23:43:38.547113+00:00", "data": {"market": "0x52a7c03aa0e50655b5defb3d8e48685bd72a4955d82703a8e89a1d5255f4a216", "price_changes": [{"asset_id": "6874555238801747162260849972247799451217246619320854888961551759638898800268", "price": "0.244", "size": "0", "side": "BUY", "hash": "e6198f69a3daa36ef51c8b6c83c66131b840a415", "best_bid": "0.955", "best_ask": "0.976"}, {"asset_id": "41423065300198414333652186196829372672155925109974332571318217095813945849522", "price": "0.756", "size": "0", "side": "SELL", "hash": "473b96ecfcfbb3dfcdb99161aaf331b94a02d916", "best_bid": "0.024", "best_ask": "0.045"}], "timestamp": "1769384618456", "event_type": "price_change"}}
{"_local_timestamp": "2026-01-25T23:43:38.847769+00:00", "data": {"market": "0x52a7c03aa0e50655b5defb3d8e48685bd72a4955d82703a8e89a1d5255f4a216", "price_changes": [{"asset_id": "6874555238801747162260849972247799451217246619320854888961551759638898800268", "price": "0.24", "size": "216.66", "side": "BUY", "hash": "5c670915793f84c99ca602776423ff4041d9faff", "best_bid": "0.955", "best_ask": "0.976"}, {"asset_id": "41423065300198414333652186196829372672155925109974332571318217095813945849522", "price": "0.76", "size": "216.66", "side": "SELL", "hash": "c974e9e5d9e530de7687f4fd169cd2a91d0b5a22", "best_bid": "0.024", "best_ask": "0.045"}], "timestamp": "1769384618733", "event_type": "price_change"}}
{"_local_timestamp": "2026-01-25T23:43:59.493688+00:00", "data": {"market": "0x52a7c03aa0e50655b5defb3d8e48685bd72a4955d82703a8e89a1d5255f4a216", "price_changes": [{"asset_id": "6874555238801747162260849972247799451217246619320854888961551759638898800268", "price": "0.293", "size": "1432", "side": "BUY", "hash": "fcb89f51ab6f45b6b4e35ea2a5bd56626beada9d", "best_bid": "0.955", "best_ask": "0.976"}, {"asset_id": "41423065300198414333652186196829372672155925109974332571318217095813945849522", "price": "0.707", "size": "1432", "side": "SELL", "hash": "94b53491b8b6d7e26ca72ba122a07a0ddff69255", "best_bid": "0.024", "best_ask": "0.045"}], "timestamp": "1769384639425", "event_type": "price_change"}}
{"_local_timestamp": "2026-01-25T23:44:08.642462+00:00", "data": {"market": "0x52a7c03aa0e50655b5defb3d8e48685bd72a4955d82703a8e89a1d5255f4a216", "price_changes": [{"asset_id": "6874555238801747162260849972247799451217246619320854888961551759638898800268", "price": "0.292", "size": "200", "side": "BUY", "hash": "f6403e61c54135361af7f95f1719b0ba11d07492", "best_bid": "0.955", "best_ask": "0.976"}, {"asset_id": "41423065300198414333652186196829372672155925109974332571318217095813945849522", "price": "0.708", "size": "200", "side": "SELL", "hash": "aefe66e7a2e56f01b7a86302fa4c0c4526e4da15", "best_bid": "0.024", "best_ask": "0.045"}], "timestamp": "1769384648435", "event_type": "price_change"}}
{"_local_timestamp": "2026-01-25T23:44:08.962854+00:00", "data": {"market": "0x52a7c03aa0e50655b5defb3d8e48685bd72a4955d82703a8e89a1d5255f4a216", "price_changes": [{"asset_id": "6874555238801747162260849972247799451217246619320854888961551759638898800268", "price": "0.244", "size": "50", "side": "BUY", "hash": "16889a2c6dd4710b5474c5fe3a96c226060aaee3", "best_bid": "0.955", "best_ask": "0.976"}, {"asset_id": "41423065300198414333652186196829372672155925109974332571318217095813945849522", "price": "0.756", "size": "50", "side": "SELL", "hash": "a0de9d4657c927100ecadcadd0c8a013f9ad9ab4", "best_bid": "0.024", "best_ask": "0.045"}], "timestamp": "1769384648739", "event_type": "price_change"}}
{"_local_timestamp": "2026-01-25T23:44:20.890968+00:00", "data": {"market": "0x52a7c03aa0e50655b5defb3d8e48685bd72a4955d82703a8e89a1d5255f4a216", "price_changes": [{"asset_id": "6874555238801747162260849972247799451217246619320854888961551759638898800268", "price": "0.292", "size": "100", "side": "BUY", "hash": "7f37142565730077088ececd78123c8c490e0e56", "best_bid": "0.955", "best_ask": "0.976"}, {"asset_id": "41423065300198414333652186196829372672155925109974332571318217095813945849522", "price": "0.708", "size": "100", "side": "SELL", "hash": "2ccccd532c4038b1e5d065a2a20dae0822af8a32", "best_bid": "0.024", "best_ask": "0.045"}], "timestamp": "1769384660475", "event_type": "price_change"}}
{"_local_timestamp": "2026-01-25T23:44:21.301369+00:00", "data": {"market": "0x52a7c03aa0e50655b5defb3d8e48685bd72a4955d82703a8e89a1d5255f4a216", "price_changes": [{"asset_id": "6874555238801747162260849972247799451217246619320854888961551759638898800268", "price": "0.244", "size": "150", "side": "BUY", "hash": "12b571ca7053393bf19bb6bb2ab80b63f762a2b7", "best_bid": "0.955", "best_ask": "0.976"}, {"asset_id": "41423065300198414333652186196829372672155925109974332571318217095813945849522", "price": "0.756", "size": "150", "side": "SELL", "hash": "8353e2642d747d8fb107760354cbf0c920eed37a", "best_bid": "0.024", "best_ask": "0.045"}], "timestamp": "1769384660856", "event_type": "price_change"}}
{"_local_timestamp": "2026-01-25T23:44:24.498446+00:00", "data": {"market": "0x52a7c03aa0e50655b5defb3d8e48685bd72a4955d82703a8e89a1d5255f4a216", "price_changes": [{"asset_id": "6874555238801747162260849972247799451217246619320854888961551759638898800268", "price": "0.946", "size": "50", "side": "BUY", "hash": "d4aaa6a42a7d0729df2ceb54908b94a594cebce1", "best_bid": "0.955", "best_ask": "0.976"}, {"asset_id": "41423065300198414333652186196829372672155925109974332571318217095813945849522", "price": "0.054", "size": "50", "side": "SELL", "hash": "6384bd6fac18983f06f050a843512fb42636ba9a", "best_bid": "0.024", "best_ask": "0.045"}], "timestamp": "1769384664429", "event_type": "price_change"}}
{"_local_timestamp": "2026-01-25T23:44:24.499044+00:00", "data": {"market": "0x52a7c03aa0e50655b5defb3d8e48685bd72a4955d82703a8e89a1d5255f4a216", "price_changes": [{"asset_id": "41423065300198414333652186196829372672155925109974332571318217095813945849522", "price": "0.015", "size": "100", "side": "BUY", "hash": "4c9e5d24989466a77d1fec7b4f847aa27f44bdc9", "best_bid": "0.024", "best_ask": "0.045"}, {"asset_id": "6874555238801747162260849972247799451217246619320854888961551759638898800268", "price": "0.985", "size": "100", "side": "SELL", "hash": "7898fedfd26744b8a6ab27b93f23dbffe461cb48", "best_bid": "0.955", "best_ask": "0.976"}], "timestamp": "1769384664430", "event_type": "price_change"}}
{"_local_timestamp": "2026-01-25T23:44:28.097250+00:00", "data": {"market": "0x52a7c03aa0e50655b5defb3d8e48685bd72a4955d82703a8e89a1d5255f4a216", "price_changes": [{"asset_id": "6874555238801747162260849972247799451217246619320854888961551759638898800268", "price": "0.94", "size": "2061.05", "side": "BUY", "hash": "83d7cbab489f73a9571529cdc7c2613129ff9de5", "best_bid": "0.955", "best_ask": "0.976"}, {"asset_id": "41423065300198414333652186196829372672155925109974332571318217095813945849522", "price": "0.06", "size": "2061.05", "side": "SELL", "hash": "1937000cf1d1acf8c19d2b7414017e26892fa83f", "best_bid": "0.024", "best_ask": "0.045"}], "timestamp": "1769384668023", "event_type": "price_change"}}
{"_local_timestamp": "2026-01-25T23:44:32.135512+00:00", "data": {"market": "0x52a7c03aa0e50655b5defb3d8e48685bd72a4955d82703a8e89a1d5255f4a216", "price_changes": [{"asset_id": "6874555238801747162260849972247799451217246619320854888961551759638898800268", "price": "0.945", "size": "150", "side": "BUY", "hash": "faf5e7a06ac7f2efcbd8254995ca2c7c49ea56fa", "best_bid": "0.955", "best_ask": "0.976"}, {"asset_id": "41423065300198414333652186196829372672155925109974332571318217095813945849522", "price": "0.055", "size": "150", "side": "SELL", "hash": "e1f979f50a5054dc3760543844b7b1d638551c59", "best_bid": "0.024", "best_ask": "0.045"}], "timestamp": "1769384672031", "event_type": "price_change"}}
{"_local_timestamp": "2026-01-25T23:44:57.524042+00:00", "data": {"market": "0x52a7c03aa0e50655b5defb3d8e48685bd72a4955d82703a8e89a1d5255f4a216", "price_changes": [{"asset_id": "6874555238801747162260849972247799451217246619320854888961551759638898800268", "price": "0.292", "size": "50", "side": "BUY", "hash": "1d062c6200eb4af00829bcabd57a6e059ed0f225", "best_bid": "0.955", "best_ask": "0.976"}, {"asset_id": "41423065300198414333652186196829372672155925109974332571318217095813945849522", "price": "0.708", "size": "50", "side": "SELL", "hash": "82b67e3c96719a497a0075d51c2fd21f6f64094f", "best_bid": "0.024", "best_ask": "0.045"}], "timestamp": "1769384697456", "event_type": "price_change"}}
{"_local_timestamp": "2026-01-25T23:44:57.524748+00:00", "data": {"market": "0x52a7c03aa0e50655b5defb3d8e48685bd72a4955d82703a8e89a1d5255f4a216", "price_changes": [{"asset_id": "6874555238801747162260849972247799451217246619320854888961551759638898800268", "price": "0.24", "size": "116.66", "side": "BUY", "hash": "1d062c6200eb4af00829bcabd57a6e059ed0f225", "best_bid": "0.955", "best_ask": "0.976"}, {"asset_id": "41423065300198414333652186196829372672155925109974332571318217095813945849522", "price": "0.76", "size": "116.66", "side": "SELL", "hash": "82b67e3c96719a497a0075d51c2fd21f6f64094f", "best_bid": "0.024", "best_ask": "0.045"}], "timestamp": "1769384697456", "event_type": "price_change"}}
{"_local_timestamp": "2026-01-25T23:44:57.840012+00:00", "data": {"market": "0x52a7c03aa0e50655b5defb3d8e48685bd72a4955d82703a8e89a1d5255f4a216", "price_changes": [{"asset_id": "6874555238801747162260849972247799451217246619320854888961551759638898800268", "price": "0.293", "size": "1482", "side": "BUY", "hash": "dedf7ce17cac7081ed0e2546de0b5d1dbb6f7b50", "best_bid": "0.955", "best_ask": "0.976"}, {"asset_id": "41423065300198414333652186196829372672155925109974332571318217095813945849522", "price": "0.707", "size": "1482", "side": "SELL", "hash": "1aced2a4d95cd6a19db4ce5acca5352e7e3ef9ba", "best_bid": "0.024", "best_ask": "0.045"}], "timestamp": "1769384697729", "event_type": "price_change"}}
{"_local_timestamp": "2026-01-25T23:44:57.856060+00:00", "data": {"market": "0x52a7c03aa0e50655b5defb3d8e48685bd72a4955d82703a8e89a1d5255f4a216", "price_changes": [{"asset_id": "6874555238801747162260849972247799451217246619320854888961551759638898800268", "price": "0.244", "size": "250", "side": "BUY", "hash": "8ed8da7965608e9e6e0139c3632380b263180ec1", "best_bid": "0.955", "best_ask": "0.976"}, {"asset_id": "41423065300198414333652186196829372672155925109974332571318217095813945849522", "price": "0.756", "size": "250", "side": "SELL", "hash": "5eeb55befc9a1184a522221e2dbe4d567e2f758f", "best_bid": "0.024", "best_ask": "0.045"}], "timestamp": "1769384697745", "event_type": "price_change"}}
{"_local_timestamp": "2026-01-25T23:45:53.248881+00:00", "data": {"market": "0x52a7c03aa0e50655b5defb3d8e48685bd72a4955d82703a8e89a1d5255f4a216", "price_changes": [{"asset_id": "6874555238801747162260849972247799451217246619320854888961551759638898800268", "price": "0.244", "size": "200", "side": "BUY", "hash": "946930a61ed7eff4a99007bdf17042c88ef9b41d", "best_bid": "0.955", "best_ask": "0.976"}, {"asset_id": "41423065300198414333652186196829372672155925109974332571318217095813945849522", "price": "0.756", "size": "200", "side": "SELL", "hash": "9e023d092f7ec8b4038c4975d0d2637875db8669", "best_bid": "0.024", "best_ask": "0.045"}], "timestamp": "1769384753022", "event_type": "price_change"}}
{"_local_timestamp": "2026-01-25T23:45:53.568906+00:00", "data": {"market": "0x52a7c03aa0e50655b5defb3d8e48685bd72a4955d82703a8e89a1d5255f4a216", "price_changes": [{"asset_id": "6874555238801747162260849972247799451217246619320854888961551759638898800268", "price": "0.293", "size": "1532", "side": "BUY", "hash": "c0f29e9e916289a5303e935cb205769859629719", "best_bid": "0.955", "best_ask": "0.976"}, {"asset_id": "41423065300198414333652186196829372672155925109974332571318217095813945849522", "price": "0.707", "size": "1532", "side": "SELL", "hash": "0222f685e351ddbb0334e11cfcf792aa45324380", "best_bid": "0.024", "best_ask": "0.045"}], "timestamp": "1769384753504", "event_type": "price_change"}}
{"_local_timestamp": "2026-01-25T23:46:10.632080+00:00", "data": {"market": "0x52a7c03aa0e50655b5defb3d8e48685bd72a4955d82703a8e89a1d5255f4a216", "price_changes": [{"asset_id": "6874555238801747162260849972247799451217246619320854888961551759638898800268", "price": "0.293", "size": "100", "side": "BUY", "hash": "5ef7b2ed3f378389368aff3977e11323ba7be990", "best_bid": "0.955", "best_ask": "0.976"}, {"asset_id": "41423065300198414333652186196829372672155925109974332571318217095813945849522", "price": "0.707", "size": "100", "side": "SELL", "hash": "faf03e07024a0253de6247833d189802bf8c8186", "best_bid": "0.024", "best_ask": "0.045"}], "timestamp": "1769384770462", "event_type": "price_change"}}
{"_local_timestamp": "2026-01-25T23:46:29.418231+00:00", "data": {"market": "0x52a7c03aa0e50655b5defb3d8e48685bd72a4955d82703a8e89a1d5255f4a216", "price_changes": [{"asset_id": "6874555238801747162260849972247799451217246619320854888961551759638898800268", "price": "0.245", "size": "1714", "side": "BUY", "hash": "f4c94baac054a704b587f84cf0f025f587656991", "best_bid": "0.955", "best_ask": "0.976"}, {"asset_id": "41423065300198414333652186196829372672155925109974332571318217095813945849522", "price": "0.755", "size": "1714", "side": "SELL", "hash": "e7adbd87b69fe82aeb787d6bde577adb47cd05c6", "best_bid": "0.024", "best_ask": "0.045"}], "timestamp": "1769384789340", "event_type": "price_change"}}
{"_local_timestamp": "2026-01-25T23:46:42.049530+00:00", "data": {"market": "0x52a7c03aa0e50655b5defb3d8e48685bd72a4955d82703a8e89a1d5255f4a216", "price_changes": [{"asset_id": "6874555238801747162260849972247799451217246619320854888961551759638898800268", "price": "0.945", "size": "100", "side": "BUY", "hash": "3bdb2c4a61407b36c009b23213fb6eaff84d1294", "best_bid": "0.955", "best_ask": "0.976"}, {"asset_id": "41423065300198414333652186196829372672155925109974332571318217095813945849522", "price": "0.055", "size": "100", "side": "SELL", "hash": "71258b4e2c39abb6f3e23dd4b03ac60872ebcb3b", "best_bid": "0.024", "best_ask": "0.045"}], "timestamp": "1769384801762", "event_type": "price_change"}}
{"_local_timestamp": "2026-01-25T23:46:42.072009+00:00", "data": {"market": "0x52a7c03aa0e50655b5defb3d8e48685bd72a4955d82703a8e89a1d5255f4a216", "price_changes": [{"asset_id": "41423065300198414333652186196829372672155925109974332571318217095813945849522", "price": "0.015", "size": "50", "side": "BUY", "hash": "bce4112496233520ebd6b0ac368ea7d8b708c74d", "best_bid": "0.024", "best_ask": "0.045"}, {"asset_id": "6874555238801747162260849972247799451217246619320854888961551759638898800268", "price": "0.985", "size": "50", "side": "SELL", "hash": "cf3721af83b86803aa21466cba74d6bad4adad93", "best_bid": "0.955", "best_ask": "0.976"}], "timestamp": "1769384801764", "event_type": "price_change"}}
{"_local_timestamp": "2026-01-25T23:46:44.129251+00:00", "data": {"market": "0x52a7c03aa0e50655b5defb3d8e48685bd72a4955d82703a8e89a1d5255f4a216", "price_changes": [{"asset_id": "41423065300198414333652186196829372672155925109974332571318217095813945849522", "price": "0.001", "size": "60307.99", "side": "BUY", "hash": "047a30063da9da4aefce42403c7eb635b61c2708", "best_bid": "0.024", "best_ask": "0.045"}, {"asset_id": "6874555238801747162260849972247799451217246619320854888961551759638898800268", "price": "0.999", "size": "60307.99", "side": "SELL", "hash": "1ad9e6e7947b8689f1af7769b4b4a92f791fadad", "best_bid": "0.955", "best_ask": "0.976"}], "timestamp": "1769384804004", "event_type": "price_change"}}
{"_local_timestamp": "2026-01-25T23:46:50.886482+00:00", "data": {"market": "0x52a7c03aa0e50655b5defb3d8e48685bd72a4955d82703a8e89a1d5255f4a216", "price_changes": [{"asset_id": "6874555238801747162260849972247799451217246619320854888961551759638898800268", "price": "0.244", "size": "100", "side": "BUY", "hash": "2689e9a0f34b791ded7ee251106d657b3235b93c", "best_bid": "0.955", "best_ask": "0.976"}, {"asset_id": "41423065300198414333652186196829372672155925109974332571318217095813945849522", "price": "0.756", "size": "100", "side": "SELL", "hash": "e0e72acb97efa3e808cea7c60f3c9e03b12aced2", "best_bid": "0.024", "best_ask": "0.045"}], "timestamp": "1769384810652", "event_type": "price_change"}}
{"_local_timestamp": "2026-01-25T23:46:51.153906+00:00", "data": {"market": "0x52a7c03aa0e50655b5defb3d8e48685bd72a4955d82703a8e89a1d5255f4a216", "price_changes": [{"asset_id": "41423065300198414333652186196829372672155925109974332571318217095813945849522", "price": "0.015", "size": "100", "side": "BUY", "hash": "a931097cb5d2948232db95290b66d25c2a9ebe28", "best_bid": "0.024", "best_ask": "0.045"}, {"asset_id": "6874555238801747162260849972247799451217246619320854888961551759638898800268", "price": "0.985", "size": "100", "side": "SELL", "hash": "8bd5aa48bc0d5446e713828f380d86f4f0084378", "best_bid": "0.955", "best_ask": "0.976"}], "timestamp": "1769384810793", "event_type": "price_change"}}
{"_local_timestamp": "2026-01-25T23:46:51.548014+00:00", "data": {"market": "0x52a7c03aa0e50655b5defb3d8e48685bd72a4955d82703a8e89a1d5255f4a216", "price_changes": [{"asset_id": "6874555238801747162260849972247799451217246619320854888961551759638898800268", "price": "0.293", "size": "200", "side": "BUY", "hash": "745313f4d29a95165782b22d1d7858cbbb258203", "best_bid": "0.955", "best_ask": "0.976"}, {"asset_id": "41423065300198414333652186196829372672155925109974332571318217095813945849522", "price": "0.707", "size": "200", "side": "SELL", "hash": "36234fa8e827580be885c81c2fdc51efe47b077b", "best_bid": "0.024", "best_ask": "0.045"}], "timestamp": "1769384811195", "event_type": "price_change"}}
{"_local_timestamp": "2026-01-25T23:46:59.031794+00:00", "data": {"market": "0x52a7c03aa0e50655b5defb3d8e48685bd72a4955d82703a8e89a1d5255f4a216", "price_changes": [{"asset_id": "6874555238801747162260849972247799451217246619320854888961551759638898800268", "price": "0.293", "size": "150", "side": "BUY", "hash": "ea4d5ece0c826c33b029f5c14bf7c49304dccca8", "best_bid": "0.955", "best_ask": "0.976"}, {"asset_id": "41423065300198414333652186196829372672155925109974332571318217095813945849522", "price": "0.707", "size": "150", "side": "SELL", "hash": "449585a6ab365f42b981cf5f8fdf4598b60b3c88", "best_bid": "0.024", "best_ask": "0.045"}], "timestamp": "1769384818861", "event_type": "price_change"}}
{"_local_timestamp": "2026-01-25T23:46:59.032403+00:00", "data": {"market": "0x52a7c03aa0e50655b5defb3d8e48685bd72a4955d82703a8e89a1d5255f4a216", "price_changes": [{"asset_id": "6874555238801747162260849972247799451217246619320854888961551759638898800268", "price": "0.244", "size": "0", "side": "BUY", "hash": "ea4d5ece0c826c33b029f5c14bf7c49304dccca8", "best_bid": "0.955", "best_ask": "0.976"}, {"asset_id": "41423065300198414333652186196829372672155925109974332571318217095813945849522", "price": "0.756", "size": "0", "side": "SELL", "hash": "449585a6ab365f42b981cf5f8fdf4598b60b3c88", "best_bid": "0.024", "best_ask": "0.045"}], "timestamp": "1769384818861", "event_type": "price_change"}}
{"_local_timestamp": "2026-01-25T23:46:59.354147+00:00", "data": {"market": "0x52a7c03aa0e50655b5defb3d8e48685bd72a4955d82703a8e89a1d5255f4a216", "price_changes": [{"asset_id": "6874555238801747162260849972247799451217246619320854888961551759638898800268", "price": "0.24", "size": "216.66", "side": "BUY", "hash": "33c81e0b7343fc57ece72e965fb1f0a0a599461f", "best_bid": "0.955", "best_ask": "0.976"}, {"asset_id": "41423065300198414333652186196829372672155925109974332571318217095813945849522", "price": "0.76", "size": "216.66", "side": "SELL", "hash": "67e42805df5ced1af442ef6974fc09d22bd832ef", "best_bid": "0.024", "best_ask": "0.045"}], "timestamp": "1769384819170", "event_type": "price_change"}}
{"_local_timestamp": "2026-01-25T23:46:59.411640+00:00", "data": {"market": "0x52a7c03aa0e50655b5defb3d8e48685bd72a4955d82703a8e89a1d5255f4a216", "price_changes": [{"asset_id": "6874555238801747162260849972247799451217246619320854888961551759638898800268", "price": "0.29", "size": "139.65", "side": "BUY", "hash": "02365fdce0539498166a0671dd9b5b67dc793c38", "best_bid": "0.955", "best_ask": "0.976"}, {"asset_id": "41423065300198414333652186196829372672155925109974332571318217095813945849522", "price": "0.71", "size": "139.65", "side": "SELL", "hash": "5b8d9d48bfef75de03c6fd584adb0a5bedf5f956", "best_bid": "0.024", "best_ask": "0.045"}], "timestamp": "1769384819211", "event_type": "price_change"}}
{"_local_timestamp": "2026-01-25T23:47:04.648721+00:00", "data": {"market": "0x52a7c03aa0e50655b5defb3d8e48685bd72a4955d82703a8e89a1d5255f4a216", "price_changes": [{"asset_id": "6874555238801747162260849972247799451217246619320854888961551759638898800268", "price": "0.945", "size": "150", "side": "BUY", "hash": "fa12172b167e9e700f2c09241b874f891facc6db", "best_bid": "0.955", "best_ask": "0.976"}, {"asset_id": "41423065300198414333652186196829372672155925109974332571318217095813945849522", "price": "0.055", "size": "150", "side": "SELL", "hash": "a05d1eefde169e646835bf3517281e7f2b8b9973", "best_bid": "0.024", "best_ask": "0.045"}], "timestamp": "1769384824504", "event_type": "price_change"}}
{"_local_timestamp": "2026-01-25T23:47:23.810141+00:00", "data": {"market": "0x52a7c03aa0e50655b5defb3d8e48685bd72a4955d82703a8e89a1d5255f4a216", "price_changes": [{"asset_id": "6874555238801747162260849972247799451217246619320854888961551759638898800268", "price": "0.292", "size": "0", "side": "BUY", "hash": "10c6b623878094347396a3f52bbd9a0d8ad76087", "best_bid": "0.955", "best_ask": "0.976"}, {"asset_id": "41423065300198414333652186196829372672155925109974332571318217095813945849522", "price": "0.708", "size": "0", "side": "SELL", "hash": "754d2ba3a230c708f0d12db0111f70215826c3ec", "best_bid": "0.024", "best_ask": "0.045"}], "timestamp": "1769384843410", "event_type": "price_change"}}
{"_local_timestamp": "2026-01-25T23:47:24.102256+00:00", "data": {"market": "0x52a7c03aa0e50655b5defb3d8e48685bd72a4955d82703a8e89a1d5255f4a216", "price_changes": [{"asset_id": "6874555238801747162260849972247799451217246619320854888961551759638898800268", "price": "0.293", "size": "200", "side": "BUY", "hash": "dacca70712e75b2e0df1c265bf6ea31d35ee7415", "best_bid": "0.955", "best_ask": "0.976"}, {"asset_id": "41423065300198414333652186196829372672155925109974332571318217095813945849522", "price": "0.707", "size": "200", "side": "SELL", "hash": "6c6e34fcd855f639edb2df436dd665761bc06dcb", "best_bid": "0.024", "best_ask": "0.045"}], "timestamp": "1769384843836", "event_type": "price_change"}}
{"_local_timestamp": "2026-01-25T23:47:37.599043+00:00", "data": {"market": "0x52a7c03aa0e50655b5defb3d8e48685bd72a4955d82703a8e89a1d5255f4a216", "price_changes": [{"asset_id": "6874555238801747162260849972247799451217246619320854888961551759638898800268", "price": "0.24", "size": "116.66", "side": "BUY", "hash": "38041e4641a3efeaf435831b5ed230f13ed5e6fe", "best_bid": "0.955", "best_ask": "0.976"}, {"asset_id": "41423065300198414333652186196829372672155925109974332571318217095813945849522", "price": "0.76", "size": "116.66", "side": "SELL", "hash": "b2812410572ff2a4fecf7216f8c1d3ceff3884db", "best_bid": "0.024", "best_ask": "0.045"}], "timestamp": "1769384857303", "event_type": "price_change"}}
{"_local_timestamp": "2026-01-25T23:47:37.599622+00:00", "data": {"market": "0x52a7c03aa0e50655b5defb3d8e48685bd72a4955d82703a8e89a1d5255f4a216", "price_changes": [{"asset_id": "6874555238801747162260849972247799451217246619320854888961551759638898800268", "price": "0.29", "size": "89.65", "side": "BUY", "hash": "38041e4641a3efeaf435831b5ed230f13ed5e6fe", "best_bid": "0.955", "best_ask": "0.976"}, {"asset_id": "41423065300198414333652186196829372672155925109974332571318217095813945849522", "price": "0.71", "size": "89.65", "side": "SELL", "hash": "b2812410572ff2a4fecf7216f8c1d3ceff3884db", "best_bid": "0.024", "best_ask": "0.045"}], "timestamp": "1769384857303", "event_type": "price_change"}}
{"_local_timestamp": "2026-01-25T23:47:38.079179+00:00", "data": {"market": "0x52a7c03aa0e50655b5defb3d8e48685bd72a4955d82703a8e89a1d5255f4a216", "price_changes": [{"asset_id": "6874555238801747162260849972247799451217246619320854888961551759638898800268", "price": "0.245", "size": "1814", "side": "BUY", "hash": "f875a6ab46ca913693990c341f91322644420033", "best_bid": "0.955", "best_ask": "0.976"}, {"asset_id": "41423065300198414333652186196829372672155925109974332571318217095813945849522", "price": "0.755", "size": "1814", "side": "SELL", "hash": "313ab2b344bc902642c2f9f9a449c85b1dd7cc77", "best_bid": "0.024", "best_ask": "0.045"}], "timestamp": "1769384857601", "event_type": "price_change"}}
{"_local_timestamp": "2026-01-25T23:47:38.118965+00:00", "data": {"market": "0x52a7c03aa0e50655b5defb3d8e48685bd72a4955d82703a8e89a1d5255f4a216", "price_changes": [{"asset_id": "6874555238801747162260849972247799451217246619320854888961551759638898800268", "price": "0.293", "size": "250", "side": "BUY", "hash": "860a629c5b644554c6fb6e23332243e1be28fab7", "best_bid": "0.955", "best_ask": "0.976"}, {"asset_id": "41423065300198414333652186196829372672155925109974332571318217095813945849522", "price": "0.707", "size": "250", "side": "SELL", "hash": "247ecc0c99e5cf93f52164ebdb7544bb41651bf9", "best_bid": "0.024", "best_ask": "0.045"}], "timestamp": "1769384857664", "event_type": "price_change"}}
{"_local_timestamp": "2026-01-25T23:47:55.609402+00:00", "data": {"market": "0x52a7c03aa0e50655b5defb3d8e48685bd72a4955d82703a8e89a1d5255f4a216", "price_changes": [{"asset_id": "6874555238801747162260849972247799451217246619320854888961551759638898800268", "price": "0.245", "size": "100", "side": "BUY", "hash": "47c5a031316fcbbe6da78befbb8a141e91f7b3f8", "best_bid": "0.955", "best_ask": "0.976"}, {"asset_id": "41423065300198414333652186196829372672155925109974332571318217095813945849522", "price": "0.755", "size": "100", "side": "SELL", "hash": "0929d3df50fe513ee64ac6303f35f1c0a346c07e", "best_bid": "0.024", "best_ask": "0.045"}], "timestamp": "1769384875418", "event_type": "price_change"}}
{"_local_timestamp": "2026-01-25T23:48:18.946143+00:00", "data": {"market": "0x52a7c03aa0e50655b5defb3d8e48685bd72a4955d82703a8e89a1d5255f4a216", "price_changes": [{"asset_id": "41423065300198414333652186196829372672155925109974332571318217095813945849522", "price": "0.001", "size": "60747.16", "side": "BUY", "hash": "8ca829a45eb1c202009635a59969799779a725da", "best_bid": "0.024", "best_ask": "0.045"}, {"asset_id": "6874555238801747162260849972247799451217246619320854888961551759638898800268", "price": "0.999", "size": "60747.16", "side": "SELL", "hash": "610422faff2d090732a2a38bb02cd11afbe3625d", "best_bid": "0.955", "best_ask": "0.976"}], "timestamp": "1769384898784", "event_type": "price_change"}}
{"_local_timestamp": "2026-01-25T23:48:48.702763+00:00", "data": {"market": "0x52a7c03aa0e50655b5defb3d8e48685bd72a4955d82703a8e89a1d5255f4a216", "price_changes": [{"asset_id": "6874555238801747162260849972247799451217246619320854888961551759638898800268", "price": "0.245", "size": "0", "side": "BUY", "hash": "91782927372a457028423b188d1cba3318e120ed", "best_bid": "0.955", "best_ask": "0.976"}, {"asset_id": "41423065300198414333652186196829372672155925109974332571318217095813945849522", "price": "0.755", "size": "0", "side": "SELL", "hash": "a296633c121efff0b4c23120feb72be52a1c4fe1", "best_bid": "0.024", "best_ask": "0.045"}], "timestamp": "1769384928593", "event_type": "price_change"}}
{"_local_timestamp": "2026-01-25T23:48:48.917736+00:00", "data": {"market": "0x52a7c03aa0e50655b5defb3d8e48685bd72a4955d82703a8e89a1d5255f4a216", "price_changes": [{"asset_id": "6874555238801747162260849972247799451217246619320854888961551759638898800268", "price": "0.24", "size": "216.66", "side": "BUY", "hash": "d968620cb6482e5494d4c47ac9370511ead6baa8", "best_bid": "0.955", "best_ask": "0.976"}, {"asset_id": "41423065300198414333652186196829372672155925109974332571318217095813945849522", "price": "0.76", "size": "216.66", "side": "SELL", "hash": "7fe65d9922a418ed08bebc018a6c6811fa9dcef8", "best_bid": "0.024", "best_ask": "0.045"}], "timestamp": "1769384928840", "event_type": "price_change"}}
