{"_local_timestamp": "2026-01-25T23:41:30.130752+00:00", "data": [{"market": "0x3bfb8184f56f40870370173eeed9cef1b6717599afe7a3d259ef8240a6d76c50", "asset_id": "6462348285939674242321858848764840442089287635377429267623448493962172929504", "timestamp": "1769381899954", "hash": "5528558f79e7efede18e2f0649c5fb6b54c4549a", "bids": [{"price": "0.01", "size": "1355.36"}, {"price": "0.02", "size": "709.48"}, {"price": "0.05", "size": "500"}, {"price": "0.06", "size": "12.61"}, {"price": "0.14", "size": "218"}, {"price": "0.44", "size": "100"}, {"price": "0.47", "size": "16.95"}], "asks": [{"price": "0.99", "size": "1155.39"}, {"price": "0.98", "size": "709.53"}, {"price": "0.95", "size": "500"}, {"price": "0.94", "size": "12.59"}, {"price": "0.87", "size": "238"}, {"price": "0.54", "size": "100"}], "event_type": "book", "last_trade_price": ""}, {"market": "0x3bfb8184f56f40870370173eeed9cef1b6717599afe7a3d259ef8240a6d76c50", "asset_id": "45945911367016347351080383146861791615124306868537449838156737008203558653541", "timestamp": "1769381899954", "hash": "34c4fb603e43f3c04b80dcac46c82e1f7840a5a4", "bids": [{"price": "0.01", "size": "1155.39"}, {"price": "0.02", "size": "709.53"}, {"price": "0.05", "size": "500"}, {"price": "0.06", "size": "12.59"}, {"price": "0.13", "size": "238"}, {"price": "0.46", "size": "100"}], "asks": [{"price": "0.99", "size": "1355.36"}, {"price": "0.98", "size": "709.48"}, {"price": "0.95", "size": "500"}, {"price": "0.94", "size": "12.61"}, {"price": "0.86", "size": "218"}, {"price": "0.56", "size": "100"}, {"price": "0.53", "size": "16.95"}], "event_type": "book", "last_trade_price": ""}, {"market": "0x633104a04b2bfea04c543c1ba9d0a72d575bc15c5a4a339142a2d08465d75981", "asset_id": "3815002487018039911199407148535523704166432200582982600128545890381739498562", "timestamp": "1769384424949", "hash": "b2613321b3e9190219d5e43f31211131a64ccea8", "bids": [{"price": "0.01", "size": "559.47"}, {"price": "0.02", "size": "700"}, {"price": "0.03", "size": "6.15"}, {"price": "0.06", "size": "812.01"}, {"price": "0.24", "size": "100"}], "asks": [{"price": "0.99", "size": "1155.05"}, {"price": "0.98", "size": "708.93"}, {"price": "0.95", "size": "500"}, {"price": "0.94", "size": "12.84"}, {"price": "0.86", "size": "219"}, {"price": "0.34", "size": "100"}], "event_type": "book", "last_trade_price": ""}, {"market": "0xc14bb7d18e3f4ccbcc0dbc4d289bc36a060ddfd3166cd38e982d1aff1f0b186c", "asset_id": "39234949091033674554049763681568623368380072145093069764331944805888916017793", "timestamp": "1769384424950", "hash": "474833a619649380ca046c10b3b6773b1daf2a46", "bids": [{"price": "0.01", "size": "1355.03"}, {"price": "0.02", "size": "708.9"}, {"price": "0.05", "size": "500"}, {"price": "0.06", "size": "12.85"}, {"price": "0.14", "size": "219"}, {"price": "0.68", "size": "100"}], "asks": [{"price": "0.99", "size": "359.38"}, {"price": "0.98", "size": "700"}, {"price": "0.97", "size": "6.47"}, {"price": "0.94", "size": "811.86"}, {"price": "0.78", "size": "100"}], "event_type": "book", "last_trade_price": ""}, {"market": "0xc14bb7d18e3f4ccbcc0dbc4d289bc36a060ddfd3166cd38e982d1aff1f0b186c", "asset_id": "62452665350769576052586714125645298898591877266754504132291545832309212477005", "timestamp": "1769384424950", "hash": "2ce304361a3cca56a0ad718c0f57876ab917602c", "bids": [{"price": "0.01", "size": "359.38"}, {"price": "0.02", "size": "700"}, {"price": "0.03", "size": "6.47"}, {"price": "0.06", "size": "811.86"}, {"price": "0.22", "size": "100"}], "asks": [{"price": "0.99", "size": "1355.03"}, {"price": "0.98", "size": "708.9"}, {"price": "0.95", "size": "500"}, {"price": "0.94", "size": "12.85"}, {"price": "0.86", "size": "219"}, {"price": "0.32", "size": "100"}], "event_type": "book", "last_trade_price": ""}, {"market": "0x2ac8975df8fff63a8dfd71e87bf3fd4c723a160817fa074a354f20d10fdc07e1", "asset_id": "68565115051503935930832723271059178047039219677096571135358248531997605748453", "timestamp": "1769382484884", "hash": "2435d468483ab7af4d3cb18ad69aed16b39426a8", "bids": [{"price": "0.01", "size": "570.76"}, {"price": "0.02", "size": "150.79"}, {"price": "0.03", "size": "17.88"}, {"price": "0.04", "size": "5.47"}], "asks": [{"price": "0.99", "size": "385.01"}, {"price": "0.98", "size": "32.49"}], "event_type": "book", "last_trade_price": ""}, {"market": "0x4e8051037bb8b5fbd6ea99d319a91826f161a39a5b0819b7caf24ae92fbfc473", "asset_id": "95318626250719387784185557457229799768814597295730783296306677262784155321146", "timestamp": "1769383022692", "hash": "dfc9ce60ca5e63c1f5ca153c5e705579346e6198", "bids": [{"price": "0.01", "size": "718.81"}, {"price": "0.02", "size": "58.94"}, {"price": "0.03", "size": "109.4"}, {"price": "0.04", "size": "11.77"}, {"price": "0.05", "size": "110"}], "asks": [{"price": "0.99", "size": "714.79"}, {"price": "0.98", "size": "26.16"}, {"price": "0.96", "size": "25"}, {"price": "0.95", "size": "117"}, {"price": "0.94", "size": "43.95"}], "event_type": "book", "last_trade_price": ""}, {"market": "0x633104a04b2bfea04c543c1ba9d0a72d575bc15c5a4a339142a2d08465d75981", "asset_id": "42228017935773038069790534461141319445842412090088318866179929278197029456578", "timestamp": "1769384424949", "hash": "6cb286d775c676f27346a9e3a13eddee86ed0b0f", "bids": [{"price": "0.01", "size": "1155.05"}, {"price": "0.02", "size": "708.93"}, {"price": "0.05", "size": "500"}, {"price": "0.06", "size": "12.84"}, {"price": "0.14", "size": "219"}, {"price": "0.66", "size": "100"}], "asks": [{"price": "0.99", "size": "559.47"}, {"price": "0.98", "size": "700"}, {"price": "0.97", "size": "6.15"}, {"price": "0.94", "size": "812.01"}, {"price": "0.76", "size": "100"}], "event_type": "book", "last_trade_price": ""}, {"market": "0x4e8051037bb8b5fbd6ea99d319a91826f161a39a5b0819b7caf24ae92fbfc473", "asset_id": "111406040029344228509548799414759709413942068226397157797011831640212562141253", "timestamp": "1769383022692", "hash": "117556f08f54c19192baa33fa987955f496fcb95", "bids": [{"price": "0.01", "size": "714.79"}, {"price": "0.02", "size": "26.16"}, {"price": "0.04", "size": "25"}, {"price": "0.05", "size": "117"}, {"price": "0.06", "size": "43.95"}], "asks": [{"price": "0.99", "size": "718.81"}, {"price": "0.98", "size": "58.94"}, {"price": "0.97", "size": "109.4"}, {"price": "0.96", "size": "11.77"}, {"price": "0.95", "size": "110"}], "event_type": "book", "last_trade_price": ""}, {"market": "0x2ac8975df8fff63a8dfd71e87bf3fd4c723a160817fa074a354f20d10fdc07e1", "asset_id": "99762738253101442860928730040195836378878774251956041221375103555178295038785", "timestamp": "1769382484884", "hash": "02d9fa8c833cc73154890926fb08dbd4edd737ac", "bids": [{"price": "0.01", "size": "385.01"}, {"price": "0.02", "size": "32.49"}], "asks": [{"price": "0.99", "size": "570.76"}, {"price": "0.98", "size": "150.79"}, {"price": "0.97", "size": "17.88"}, {"price": "0.96", "size": "5.47"}], "event_type": "book", "last_trade_price": ""}]}
