{"_local_timestamp": "2026-01-25T23:34:25.338754+00:00", "data": [{"market": "0x1d71b2b3c00b1ab28cd7b612012c19ee075a46df0289c1102b28c5d32b35162c", "asset_id": "78920688562702378472492797192810503707391201045602410229705569471163621300501", "timestamp": "1769383021246", "hash": "91c1d7d8c3c86d8795247224aab24dc7a6a4607f", "bids": [{"price": "0.01", "size": "718.81"}, {"price": "0.02", "size": "58.94"}, {"price": "0.03", "size": "109.4"}, {"price": "0.04", "size": "11.77"}, {"price": "0.05", "size": "110"}], "asks": [{"price": "0.99", "size": "714.79"}, {"price": "0.98", "size": "26.16"}, {"price": "0.96", "size": "25"}, {"price": "0.95", "size": "117"}, {"price": "0.94", "size": "43.95"}], "event_type": "book", "last_trade_price": ""}, {"market": "0x64d2d5f3cd3b73969be60077c9cb4c5fc8539cafc537cbfae7d425723f796d6f", "asset_id": "85741642010883776809960856651316316937029498123939320565385973910692175034670", "timestamp": "1769382483696", "hash": "a9799bc4f2c5c54744b746d121a569ffc3cf29c8", "bids": [{"price": "0.01", "size": "570.76"}, {"price": "0.02", "size": "150.79"}, {"price": "0.03", "size": "17.88"}, {"price": "0.04", "size": "5.47"}], "asks": [{"price": "0.99", "size": "385.01"}, {"price": "0.98", "size": "32.49"}], "event_type": "book", "last_trade_price": ""}, {"market": "0x5702056f2bad7f9ecf64f6f1e0d8b3e2c52bf1471ca54c4056bb14bc4a5dd5c1", "asset_id": "65130553948454649126618814410562664089320034484263051337408469902272907316684", "timestamp": "1769382483690", "hash": "ba7f3b29e2793e5b2c605d733a7b345be66577d6", "bids": [{"price": "0.01", "size": "570.76"}, {"price": "0.02", "size": "150.79"}, {"price": "0.03", "size": "17.88"}, {"price": "0.04", "size": "5.47"}], "asks": [{"price": "0.99", "size": "385.01"}, {"price": "0.98", "size": "32.49"}], "event_type": "book", "last_trade_price": ""}, {"market": "0xaea115ab00fe5094d7796eb692fca8a2b44b10bca09e38f87d151dd97bd31f1d", "asset_id": "6092136179287234338897450841021836390112899896185253544820490672737347480994", "timestamp": "1769382484883", "hash": "abb6b3fcf4008795b33318188191921d752d5d21", "bids": [{"price": "0.01", "size": "570.76"}, {"price": "0.02", "size": "150.79"}, {"price": "0.03", "size": "17.88"}, {"price": "0.04", "size": "5.47"}], "asks": [{"price": "0.99", "size": "385.01"}, {"price": "0.98", "size": "32.49"}], "event_type": "book", "last_trade_price": ""}, {"market": "0x43833cc8e66a136e40aede748d3f8c7376ed572ffbd1195c374c461712946407", "asset_id": "112576348537824166825730359645775708522357937000653057272908122342672079060459", "timestamp": "1769382483687", "hash": "42923f47dcadf174e3ea7fb35a3cb1ea9777755b", "bids": [{"price": "0.01", "size": "570.76"}, {"price": "0.02", "size": "150.79"}, {"price": "0.03", "size": "17.88"}, {"price": "0.04", "size": "5.47"}], "asks": [{"price": "0.99", "size": "385.01"}, {"price": "0.98", "size": "32.49"}], "event_type": "book", "last_trade_price": ""}, {"market": "0x64d2d5f3cd3b73969be60077c9cb4c5fc8539cafc537cbfae7d425723f796d6f", "asset_id": "108063877984363815695285279347741832815405672594932718475074455486648712124863", "timestamp": "1769382483696", "hash": "ec02e2d25c7fd5facb3dc647d200bd3aff62ddc5", "bids": [{"price": "0.01", "size": "385.01"}, {"price": "0.02", "size": "32.49"}], "asks": [{"price": "0.99", "size": "570.76"}, {"price": "0.98", "size": "150.79"}, {"price": "0.97", "size": "17.88"}, {"price": "0.96", "size": "5.47"}], "event_type": "book", "last_trade_price": ""}, {"market": "0x1d71b2b3c00b1ab28cd7b612012c19ee075a46df0289c1102b28c5d32b35162c", "asset_id": "19480974402740987688370103556605433549137431563034474409048089818482047171414", "timestamp": "1769383021246", "hash": "622185a7734d56e3859a896d6b1c2893ec3225d2", "bids": [{"price": "0.01", "size": "714.79"}, {"price": "0.02", "size": "26.16"}, {"price": "0.04", "size": "25"}, {"price": "0.05", "size": "117"}, {"price": "0.06", "size": "43.95"}], "asks": [{"price": "0.99", "size": "718.81"}, {"price": "0.98", "size": "58.94"}, {"price": "0.97", "size": "109.4"}, {"price": "0.96", "size": "11.77"}, {"price": "0.95", "size": "110"}], "event_type": "book", "last_trade_price": ""}, {"market": "0xaea115ab00fe5094d7796eb692fca8a2b44b10bca09e38f87d151dd97bd31f1d", "asset_id": "30970661870044984261062710272307627036651275486588906552355083833386010336276", "timestamp": "1769382484883", "hash": "4e2f237852669bea77d019802c3a1e4a1ae2ef24", "bids": [{"price": "0.01", "size": "385.01"}, {"price": "0.02", "size": "32.49"}], "asks": [{"price": "0.99", "size": "570.76"}, {"price": "0.98", "size": "150.79"}, {"price": "0.97", "size": "17.88"}, {"price": "0.96", "size": "5.47"}], "event_type": "book", "last_trade_price": ""}, {"market": "0x43833cc8e66a136e40aede748d3f8c7376ed572ffbd1195c374c461712946407", "asset_id": "110406672205501987014588614423355147486593496110605798722083842201076394152866", "timestamp": "1769382483687", "hash": "673aa0f11b4905617811195e635ca6eb1c4b0686", "bids": [{"price": "0.01", "size": "385.01"}, {"price": "0.02", "size": "32.49"}], "asks": [{"price": "0.99", "size": "570.76"}, {"price": "0.98", "size": "150.79"}, {"price": "0.97", "size": "17.88"}, {"price": "0.96", "size": "5.47"}], "event_type": "book", "last_trade_price": ""}, {"market": "0x5702056f2bad7f9ecf64f6f1e0d8b3e2c52bf1471ca54c4056bb14bc4a5dd5c1", "asset_id": "43008125607231710782115367931981985930092582799580931395359550477219543404640", "timestamp": "1769382483690", "hash": "51935773a1255f29954373bf1ad9359c579ce0f0", "bids": [{"price": "0.01", "size": "385.01"}, {"price": "0.02", "size": "32.49"}], "asks": [{"price": "0.99", "size": "570.76"}, {"price": "0.98", "size": "150.79"}, {"price": "0.97", "size": "17.88"}, {"price": "0.96", "size": "5.47"}], "event_type": "book", "last_trade_price": ""}]}
