{"_local_timestamp": "2026-01-25T23:34:18.620353+00:00", "data": [{"market": "0x4bbe72c6467f5f90466b08b11aa8d0ea1a4923d2b230a31df142979c7d86bbc7", "asset_id": "114505071294226748442202827726190582149346337805594876623098963542848742208457", "timestamp": "1769382484880", "hash": "84c1a618064fa87f7d78f42419decc6c6c3c4fed", "bids": [{"price": "0.01", "size": "559.53"}, {"price": "0.02", "size": "856.22"}, {"price": "0.03", "size": "6.01"}, {"price": "0.04", "size": "15"}, {"price": "0.05", "size": "11.99"}, {"price": "0.25", "size": "100"}], "asks": [{"price": "0.99", "size": "555.06"}, {"price": "0.98", "size": "858.95"}, {"price": "0.95", "size": "500"}, {"price": "0.94", "size": "12.83"}, {"price": "0.86", "size": "219"}, {"price": "0.35", "size": "100"}], "event_type": "book", "last_trade_price": ""}, {"market": "0x7b21114a1a00b281a1259bd89b96b85af08bdb890950684fcd7f297c5a02bc51", "asset_id": "54700687598021377552520420575627730662130975092708562093063679622147317524521", "timestamp": "1769382484883", "hash": "8bc2c97e62b2c911fc78cfd72d9e7cc2797047dc", "bids": [{"price": "0.01", "size": "550"}, {"price": "0.02", "size": "240"}], "asks": [{"price": "0.99", "size": "572.04"}, {"price": "0.98", "size": "200.48"}, {"price": "0.97", "size": "19"}, {"price": "0.96", "size": "5.47"}], "event_type": "book", "last_trade_price": ""}, {"market": "0x26f5def67d50760839b29ce948c714159777c4cb6de579c201d81d004ccea7e9", "asset_id": "84000838512424725728131515604182367793363797059073475790486033110392051049615", "timestamp": "1769382804681", "hash": "2306096be92d02e30d2ecd88404bd87f70a2f556", "bids": [{"price": "0.01", "size": "714.79"}, {"price": "0.02", "size": "257.03"}, {"price": "0.03", "size": "12.74"}, {"price": "0.04", "size": "82"}, {"price": "0.05", "size": "40"}, {"price": "0.06", "size": "43.95"}], "asks": [{"price": "0.99", "size": "718.81"}, {"price": "0.98", "size": "258.94"}, {"price": "0.97", "size": "44.07"}, {"price": "0.96", "size": "126"}, {"price": "0.95", "size": "102.01"}], "event_type": "book", "last_trade_price": ""}, {"market": "0x749cff2c63f353f288e441bd0a0d15ec030370fa9cc5eed1bd05e9841f7ec7d0", "asset_id": "88740519220543743477353156313635489855473420604365889818568307380329459573127", "timestamp": "1769382483686", "hash": "aedec30d84d6cb43de85b2108ea43970db25ac69", "bids": [{"price": "0.01", "size": "572.04"}, {"price": "0.02", "size": "200.48"}, {"price": "0.03", "size": "19"}, {"price": "0.04", "size": "5.47"}], "asks": [{"price": "0.99", "size": "550"}, {"price": "0.98", "size": "240"}], "event_type": "book", "last_trade_price": ""}, {"market": "0x4bbe72c6467f5f90466b08b11aa8d0ea1a4923d2b230a31df142979c7d86bbc7", "asset_id": "31285445125984507421457999587170802524714775224135729485774155309369355256137", "timestamp": "1769382484880", "hash": "fbbf960bf3a36b4142d1879a8c0c67fbd0b9bfc8", "bids": [{"price": "0.01", "size": "555.06"}, {"price": "0.02", "size": "858.95"}, {"price": "0.05", "size": "500"}, {"price": "0.06", "size": "12.83"}, {"price": "0.14", "size": "219"}, {"price": "0.65", "size": "100"}], "asks": [{"price": "0.99", "size": "559.53"}, {"price": "0.98", "size": "856.22"}, {"price": "0.97", "size": "6.01"}, {"price": "0.96", "size": "15"}, {"price": "0.95", "size": "11.99"}, {"price": "0.75", "size": "100"}], "event_type": "book", "last_trade_price": ""}, {"market": "0x26f5def67d50760839b29ce948c714159777c4cb6de579c201d81d004ccea7e9", "asset_id": "56152528567264453727773158073698457152921620883849469275794518266980591861775", "timestamp": "1769382804681", "hash": "5f54a31c280f253d84e006266285e5d8658d655a", "bids": [{"price": "0.01", "size": "718.81"}, {"price": "0.02", "size": "258.94"}, {"price": "0.03", "size": "44.07"}, {"price": "0.04", "size": "126"}, {"price": "0.05", "size": "102.01"}], "asks": [{"price": "0.99", "size": "714.79"}, {"price": "0.98", "size": "257.03"}, {"price": "0.97", "size": "12.74"}, {"price": "0.96", "size": "82"}, {"price": "0.95", "size": "40"}, {"price": "0.94", "size": "43.95"}], "event_type": "book", "last_trade_price": ""}, {"market": "0x7b21114a1a00b281a1259bd89b96b85af08bdb890950684fcd7f297c5a02bc51", "asset_id": "30454830816741402596352348822825863282213800554631401950714917920305462533662", "timestamp": "1769382484883", "hash": "900fcc8b0c3a8936babe6c92b5769aa3692620ab", "bids": [{"price": "0.01", "size": "572.04"}, {"price": "0.02", "size": "200.48"}, {"price": "0.03", "size": "19"}, {"price": "0.04", "size": "5.47"}], "asks": [{"price": "0.99", "size": "550"}, {"price": "0.98", "size": "240"}], "event_type": "book", "last_trade_price": ""}, {"market": "0x749cff2c63f353f288e441bd0a0d15ec030370fa9cc5eed1bd05e9841f7ec7d0", "asset_id": "25172772520075498326708002477220821012727128858992643492713050654018251058906", "timestamp": "1769382483686", "hash": "7f55618f5037eb168fee8d963a06cc99e43c825d", "bids": [{"price": "0.01", "size": "550"}, {"price": "0.02", "size": "240"}], "asks": [{"price": "0.99", "size": "572.04"}, {"price": "0.98", "size": "200.48"}, {"price": "0.97", "size": "19"}, {"price": "0.96", "size": "5.47"}], "event_type": "book", "last_trade_price": ""}, {"market": "0x223ed8f5feee0e5c755efd202792a415d4d7f3d4e79e13a2ffc4986537d399c2", "asset_id": "20118450480902667142708088938922169196205110816349312481135305953319396925649", "timestamp": "1769382582210", "hash": "ce4a54458bd813d73c99a47f97face8fe924ac6c", "bids": [{"price": "0.01", "size": "555.29"}, {"price": "0.02", "size": "859.35"}, {"price": "0.05", "size": "500"}, {"price": "0.06", "size": "12.66"}, {"price": "0.13", "size": "238"}, {"price": "0.5", "size": "100"}], "asks": [{"price": "0.99", "size": "555.59"}, {"price": "0.98", "size": "855.19"}, {"price": "0.95", "size": "500"}, {"price": "0.94", "size": "14"}, {"price": "0.87", "size": "237"}, {"price": "0.6", "size": "100"}], "event_type": "book", "last_trade_price": ""}, {"market": "0x223ed8f5feee0e5c755efd202792a415d4d7f3d4e79e13a2ffc4986537d399c2", "asset_id": "18361918015985566867496959697281071604531137409968162637033744513122284773972", "timestamp": "1769382582210", "hash": "7baa38043fe95a954434fc6fbbf7d6a50facd48c", "bids": [{"price": "0.01", "size": "555.59"}, {"price": "0.02", "size": "855.19"}, {"price": "0.05", "size": "500"}, {"price": "0.06", "size": "14"}, {"price": "0.13", "size": "237"}, {"price": "0.4", "size": "100"}], "asks": [{"price": "0.99", "size": "555.29"}, {"price": "0.98", "size": "859.35"}, {"price": "0.95", "size": "500"}, {"price": "0.94", "size": "12.66"}, {"price": "0.87", "size": "238"}, {"price": "0.5", "size": "100"}], "event_type": "book", "last_trade_price": ""}]}
