{"_local_timestamp": "2026-01-25T23:33:46.916190+00:00", "data": [{"market": "0x75d96e6c1487bfc8385f85ca3ca64de71be5fe67367e8bafc21f665d4028e156", "asset_id": "90866576720503974313042527027862418056998128017586105463387804885309371609033", "timestamp": "1769383799772", "hash": "bd224d349994ce786460d7c9c54a3260290faa6f", "bids": [{"price": "0.01", "size": "260"}, {"price": "0.02", "size": "130"}], "asks": [{"price": "0.99", "size": "110"}, {"price": "0.95", "size": "30"}, {"price": "0.94", "size": "33"}, {"price": "0.86", "size": "59"}, {"price": "0.85", "size": "118.75"}, {"price": "0.84", "size": "118.75"}, {"price": "0.83", "size": "25"}], "event_type": "book", "last_trade_price": ""}, {"market": "0xc3c8523362e64bc6156646f310dc197717ecb92c936a9336621f5eb38d931400", "asset_id": "87424122463384040555837258918025371174438991735328088349060417144285917896879", "timestamp": "1769383799849", "hash": "16d4fccc386504f5452986b0fb29d67d394e934b", "bids": [{"price": "0.01", "size": "110"}, {"price": "0.05", "size": "30"}, {"price": "0.06", "size": "33"}, {"price": "0.07", "size": "16"}, {"price": "0.21", "size": "9"}, {"price": "0.22", "size": "20"}, {"price": "0.81", "size": "7"}], "asks": [{"price": "0.99", "size": "260"}, {"price": "0.97", "size": "40"}, {"price": "0.96", "size": "272.5"}, {"price": "0.95", "size": "20"}], "event_type": "book", "last_trade_price": ""}, {"market": "0xc3c8523362e64bc6156646f310dc197717ecb92c936a9336621f5eb38d931400", "asset_id": "22388675105144036611781927704383874055479645450397398072597050091927484407597", "timestamp": "1769383799849", "hash": "f7df10b80f72a90e6c34be66f023f4e7f42a68cf", "bids": [{"price": "0.01", "size": "260"}, {"price": "0.03", "size": "40"}, {"price": "0.04", "size": "272.5"}, {"price": "0.05", "size": "20"}], "asks": [{"price": "0.99", "size": "110"}, {"price": "0.95", "size": "30"}, {"price": "0.94", "size": "33"}, {"price": "0.93", "size": "16"}, {"price": "0.79", "size": "9"}, {"price": "0.78", "size": "20"}, {"price": "0.19", "size": "7"}], "event_type": "book", "last_trade_price": ""}, {"market": "0x6f63680ffde92cb9cd9a29171af8502c0f5261f7322e4075a7d3364ab0ff7423", "asset_id": "46194836044352169660438016908749683085392391888380756626505972462172953905874", "timestamp": "1769383916968", "hash": "4120a8763717623ec09899a7bade7a99ba614f5c", "bids": [{"price": "0.01", "size": "260"}, {"price": "0.02", "size": "130"}, {"price": "0.05", "size": "20"}], "asks": [{"price": "0.99", "size": "110"}, {"price": "0.95", "size": "30"}, {"price": "0.94", "size": "33"}, {"price": "0.93", "size": "16"}, {"price": "0.76", "size": "8"}, {"price": "0.75", "size": "20"}, {"price": "0.14", "size": "7"}], "event_type": "book", "last_trade_price": ""}, {"market": "0x218fc5dc597ceeadf386d1d8680bea062b7b781a8e00591de75eef082901d24f", "asset_id": "111972691897261159092673407985906447889976504907103100486040875836119516638718", "timestamp": "1769383836270", "hash": "9b0469a7d3eaabc91cd0b19205413d9ac777f9da", "bids": [{"price": "0.01", "size": "110"}, {"price": "0.05", "size": "30"}, {"price": "0.06", "size": "33"}, {"price": "0.07", "size": "28"}, {"price": "0.11", "size": "59"}, {"price": "0.13", "size": "118.75"}, {"price": "0.14", "size": "20"}, {"price": "0.66", "size": "7"}], "asks": [{"price": "0.99", "size": "160"}, {"price": "0.98", "size": "80"}, {"price": "0.97", "size": "33"}, {"price": "0.95", "size": "20"}, {"price": "0.9", "size": "10"}], "event_type": "book", "last_trade_price": ""}, {"market": "0x7140b7fefa643baeb940e4b16cc66ef4a5c101c8603f9c2c427d3d3409cf3907", "asset_id": "47504241601696572077461329094154034110913471672228980291895541681703840136279", "timestamp": "1769383836272", "hash": "f508d1908c065fa7fb085fdab3a0f62e474c6ff2", "bids": [{"price": "0.01", "size": "110"}, {"price": "0.05", "size": "30"}, {"price": "0.06", "size": "33"}, {"price": "0.07", "size": "16"}, {"price": "0.08", "size": "25"}, {"price": "0.1", "size": "118.75"}, {"price": "0.11", "size": "20"}, {"price": "0.71", "size": "7"}], "asks": [{"price": "0.99", "size": "260"}, {"price": "0.96", "size": "250"}, {"price": "0.85", "size": "10"}], "event_type": "book", "last_trade_price": ""}, {"market": "0x6f63680ffde92cb9cd9a29171af8502c0f5261f7322e4075a7d3364ab0ff7423", "asset_id": "95117396699507156575641044496485441543510086339261089182761748993208858464836", "timestamp": "1769383916968", "hash": "d5c55f04f16dfb44159b83bda705e0e92aae7851", "bids": [{"price": "0.01", "size": "110"}, {"price": "0.05", "size": "30"}, {"price": "0.06", "size": "33"}, {"price": "0.07", "size": "16"}, {"price": "0.24", "size": "8"}, {"price": "0.25", "size": "20"}, {"price": "0.86", "size": "7"}], "asks": [{"price": "0.99", "size": "260"}, {"price": "0.98", "size": "130"}, {"price": "0.95", "size": "20"}], "event_type": "book", "last_trade_price": ""}, {"market": "0x98c71fbdf5b4d4c2be5b1788efcc29bd11f6b3074a141a4adf22654ca48ae417", "asset_id": "76824976912500224728001252463375973600339480683277010343983675718054355152778", "timestamp": "1769383799849", "hash": "d0a28b53ec99edd770cd576f1e2a24e1fd6e120d", "bids": [{"price": "0.01", "size": "260"}, {"price": "0.02", "size": "130"}, {"price": "0.1", "size": "20"}], "asks": [{"price": "0.99", "size": "110"}, {"price": "0.95", "size": "30"}, {"price": "0.94", "size": "33"}, {"price": "0.93", "size": "16"}, {"price": "0.74", "size": "7"}, {"price": "0.73", "size": "20"}, {"price": "0.24", "size": "7"}], "event_type": "book", "last_trade_price": ""}, {"market": "0x75d96e6c1487bfc8385f85ca3ca64de71be5fe67367e8bafc21f665d4028e156", "asset_id": "8316858420411433671232876516248293302197940840343139319813722715942710843275", "timestamp": "1769383799772", "hash": "404095bd375af84e42564d4d4f5061e5816b044f", "bids": [{"price": "0.01", "size": "110"}, {"price": "0.05", "size": "30"}, {"price": "0.06", "size": "33"}, {"price": "0.14", "size": "59"}, {"price": "0.15", "size": "118.75"}, {"price": "0.16", "size": "118.75"}, {"price": "0.17", "size": "25"}], "asks": [{"price": "0.99", "size": "260"}, {"price": "0.98", "size": "130"}], "event_type": "book", "last_trade_price": ""}, {"market": "0x7140b7fefa643baeb940e4b16cc66ef4a5c101c8603f9c2c427d3d3409cf3907", "asset_id": "69580764372594634773920871884076824335263596926946692150707966155312338889169", "timestamp": "1769383836272", "hash": "66d387ec4f975611e94919680f6b26d508a5f65e", "bids": [{"price": "0.01", "size": "260"}, {"price": "0.04", "size": "250"}, {"price": "0.15", "size": "10"}], "asks": [{"price": "0.99", "size": "110"}, {"price": "0.95", "size": "30"}, {"price": "0.94", "size": "33"}, {"price": "0.93", "size": "16"}, {"price": "0.92", "size": "25"}, {"price": "0.9", "size": "118.75"}, {"price": "0.89", "size": "20"}, {"price": "0.29", "size": "7"}], "event_type": "book", "last_trade_price": ""}, {"market": "0x3ffc467b5a9abe1c9c591c07c08b1c9a8c4f92fd639bfbaf618ea1fc87cae686", "asset_id": "68853206645368364294755440430765564006923644407743833865486684666661127552139", "timestamp": "1769383836270", "hash": "9f625324856a5cfd5d080b20588137f746d0602f", "bids": [{"price": "0.01", "size": "260"}, {"price": "0.02", "size": "130"}, {"price": "0.03", "size": "40"}, {"price": "0.04", "size": "29.99"}], "asks": [{"price": "0.99", "size": "110"}, {"price": "0.95", "size": "30"}, {"price": "0.94", "size": "33"}, {"price": "0.93", "size": "16"}, {"price": "0.92", "size": "25"}, {"price": "0.86", "size": "118.75"}, {"price": "0.85", "size": "20"}, {"price": "0.19", "size": "7"}], "event_type": "book", "last_trade_price": ""}, {"market": "0x218fc5dc597ceeadf386d1d8680bea062b7b781a8e00591de75eef082901d24f", "asset_id": "60954371864373667659126718536093966712941825792994578417048417666285147855344", "timestamp": "1769383836270", "hash": "cc5901e282044297bcd8939b3176d60c0d8d81f9", "bids": [{"price": "0.01", "size": "160"}, {"price": "0.02", "size": "80"}, {"price": "0.03", "size": "33"}, {"price": "0.05", "size": "20"}, {"price": "0.1", "size": "10"}], "asks": [{"price": "0.99", "size": "110"}, {"price": "0.95", "size": "30"}, {"price": "0.94", "size": "33"}, {"price": "0.93", "size": "28"}, {"price": "0.89", "size": "59"}, {"price": "0.87", "size": "118.75"}, {"price": "0.86", "size": "20"}, {"price": "0.34", "size": "7"}], "event_type": "book", "last_trade_price": ""}, {"market": "0x3ffc467b5a9abe1c9c591c07c08b1c9a8c4f92fd639bfbaf618ea1fc87cae686", "asset_id": "19401306700184941983094459737191918937667646305965291344863426783925313325091", "timestamp": "1769383836270", "hash": "aaccf3f1f894ab97c86b9435a8f5edc18dad007c", "bids": [{"price": "0.01", "size": "110"}, {"price": "0.05", "size": "30"}, {"price": "0.06", "size": "33"}, {"price": "0.07", "size": "16"}, {"price": "0.08", "size": "25"}, {"price": "0.14", "size": "118.75"}, {"price": "0.15", "size": "20"}, {"price": "0.81", "size": "7"}], "asks": [{"price": "0.99", "size": "260"}, {"price": "0.98", "size": "130"}, {"price": "0.97", "size": "40"}, {"price": "0.96", "size": "29.99"}], "event_type": "book", "last_trade_price": ""}, {"market": "0x98c71fbdf5b4d4c2be5b1788efcc29bd11f6b3074a141a4adf22654ca48ae417", "asset_id": "80856195843535396749338960387280915403183029114393568796967717261345106350125", "timestamp": "1769383799849", "hash": "6fbcd03522fe760cc476fbc112566858bf146306", "bids": [{"price": "0.01", "size": "110"}, {"price": "0.05", "size": "30"}, {"price": "0.06", "size": "33"}, {"price": "0.07", "size": "16"}, {"price": "0.26", "size": "7"}, {"price": "0.27", "size": "20"}, {"price": "0.76", "size": "7"}], "asks": [{"price": "0.99", "size": "260"}, {"price": "0.98", "size": "130"}, {"price": "0.9", "size": "20"}], "event_type": "book", "last_trade_price": ""}, {"market": "0x061b02601100ea03ba2023c725faac41f7d4c966c1591f4327f1444d62245db7", "asset_id": "51077790697250306517033180870148760087343227632238206759882171362361241801393", "timestamp": "1769383790257", "hash": "305167d8afcdb2085f5d72d8634d1ec190f96470", "bids": [{"price": "0.01", "size": "110"}, {"price": "0.02", "size": "55"}, {"price": "0.05", "size": "30"}, {"price": "0.06", "size": "33"}, {"price": "0.08", "size": "118.75"}, {"price": "0.09", "size": "118.75"}, {"price": "0.1", "size": "25"}], "asks": [{"price": "0.99", "size": "160"}, {"price": "0.97", "size": "133"}, {"price": "0.95", "size": "20"}, {"price": "0.93", "size": "242.4"}, {"price": "0.9", "size": "15"}], "event_type": "book", "last_trade_price": ""}, {"market": "0x061b02601100ea03ba2023c725faac41f7d4c966c1591f4327f1444d62245db7", "asset_id": "78027262318052267859477753310497849457611572471074508804171752954342490978718", "timestamp": "1769383790257", "hash": "5b5c629cd1cd59b059328fb5a47fe3157d0e715c", "bids": [{"price": "0.01", "size": "160"}, {"price": "0.03", "size": "133"}, {"price": "0.05", "size": "20"}, {"price": "0.07", "size": "242.4"}, {"price": "0.1", "size": "15"}], "asks": [{"price": "0.99", "size": "110"}, {"price": "0.98", "size": "55"}, {"price": "0.95", "size": "30"}, {"price": "0.94", "size": "33"}, {"price": "0.92", "size": "118.75"}, {"price": "0.91", "size": "118.75"}, {"price": "0.9", "size": "25"}], "event_type": "book", "last_trade_price": ""}]}
{"_local_timestamp": "2026-01-25T23:33:53.376840+00:00", "data": {"market": "0xc3c8523362e64bc6156646f310dc197717ecb92c936a9336621f5eb38d931400", "price_changes": [{"asset_id": "87424122463384040555837258918025371174438991735328088349060417144285917896879", "price": "0.21", "size": "0", "side": "BUY", "hash": "13c29a35b3ee913d904a0df75f59970f0bfdcfd9", "best_bid": "0.81", "best_ask": "0.95"}, {"asset_id": "22388675105144036611781927704383874055479645450397398072597050091927484407597", "price": "0.79", "size": "0", "side": "SELL", "hash": "f21502f9628d58ba40ec6d4f40bbf4d0a19ce28f", "best_bid": "0.05", "best_ask": "0.19"}], "timestamp": "1769384033305", "event_type": "price_change"}}
{"_local_timestamp": "2026-01-25T23:33:53.422462+00:00", "data": {"market": "0xc3c8523362e64bc6156646f310dc197717ecb92c936a9336621f5eb38d931400", "price_changes": [{"asset_id": "87424122463384040555837258918025371174438991735328088349060417144285917896879", "price": "0.08", "size": "25", "side": "BUY", "hash": "d8a4f5d16d302785dd752aa6e051a3d882a80aa9", "best_bid": "0.81", "best_ask": "0.95"}, {"asset_id": "22388675105144036611781927704383874055479645450397398072597050091927484407597", "price": "0.92", "size": "25", "side": "SELL", "hash": "2970acff2c0d3bbb0726431d593698aa66e02986", "best_bid": "0.05", "best_ask": "0.19"}], "timestamp": "1769384033355", "event_type": "price_change"}}
{"_local_timestamp": "2026-01-25T23:33:53.803511+00:00", "data": {"market": "0xc3c8523362e64bc6156646f310dc197717ecb92c936a9336621f5eb38d931400", "price_changes": [{"asset_id": "87424122463384040555837258918025371174438991735328088349060417144285917896879", "price": "0.22", "size": "0", "side": "BUY", "hash": "6e61c7150c32c098640650e4b346668975b67bf6", "best_bid": "0.81", "best_ask": "0.95"}, {"asset_id": "22388675105144036611781927704383874055479645450397398072597050091927484407597", "price": "0.78", "size": "0", "side": "SELL", "hash": "e5b916f603881e3fe33043de64672725ffb5682b", "best_bid": "0.05", "best_ask": "0.19"}], "timestamp": "1769384033735", "event_type": "price_change"}}
{"_local_timestamp": "2026-01-25T23:33:53.834642+00:00", "data": {"market": "0xc3c8523362e64bc6156646f310dc197717ecb92c936a9336621f5eb38d931400", "price_changes": [{"asset_id": "87424122463384040555837258918025371174438991735328088349060417144285917896879", "price": "0.09", "size": "20", "side": "BUY", "hash": "7214fab9831bd4c93985e9aec780513d08fa9f82", "best_bid": "0.81", "best_ask": "0.95"}, {"asset_id": "22388675105144036611781927704383874055479645450397398072597050091927484407597", "price": "0.91", "size": "20", "side": "SELL", "hash": "91bfcc37be2e510bf6a81cf48012af3d7d87f872", "best_bid": "0.05", "best_ask": "0.19"}], "timestamp": "1769384033768", "event_type": "price_change"}}
{"_local_timestamp": "2026-01-25T23:34:09.913090+00:00", "data": {"market": "0x3ffc467b5a9abe1c9c591c07c08b1c9a8c4f92fd639bfbaf618ea1fc87cae686", "price_changes": [{"asset_id": "19401306700184941983094459737191918937667646305965291344863426783925313325091", "price": "0.15", "size": "138.75", "side": "BUY", "hash": "1e75cf292716ec6faf01e902bfdd493bf7ecc75e", "best_bid": "0.81", "best_ask": "0.96"}, {"asset_id": "68853206645368364294755440430765564006923644407743833865486684666661127552139", "price": "0.85", "size": "138.75", "side": "SELL", "hash": "ebfc6a4e6a070b9041d067e9c7d2b9b90d7f57ed", "best_bid": "0.04", "best_ask": "0.19"}], "timestamp": "1769384049830", "event_type": "price_change"}}
{"_local_timestamp": "2026-01-25T23:34:09.916917+00:00", "data": {"market": "0xc3c8523362e64bc6156646f310dc197717ecb92c936a9336621f5eb38d931400", "price_changes": [{"asset_id": "87424122463384040555837258918025371174438991735328088349060417144285917896879", "price": "0.09", "size": "138.75", "side": "BUY", "hash": "a8efc5ba68ad7d4ff4559b8b03e21c18e1bc807a", "best_bid": "0.81", "best_ask": "0.95"}, {"asset_id": "22388675105144036611781927704383874055479645450397398072597050091927484407597", "price": "0.91", "size": "138.75", "side": "SELL", "hash": "bb092270455e1f9fa3c6f3b06fe60c54c4eb870e", "best_bid": "0.05", "best_ask": "0.19"}], "timestamp": "1769384049831", "event_type": "price_change"}}
{"_local_timestamp": "2026-01-25T23:34:09.917325+00:00", "data": {"market": "0x061b02601100ea03ba2023c725faac41f7d4c966c1591f4327f1444d62245db7", "price_changes": [{"asset_id": "51077790697250306517033180870148760087343227632238206759882171362361241801393", "price": "0.11", "size": "118.75", "side": "BUY", "hash": "24a05669ba08db7f035e3b02eb0e154679f31965", "best_bid": "0.11", "best_ask": "0.9"}, {"asset_id": "78027262318052267859477753310497849457611572471074508804171752954342490978718", "price": "0.89", "size": "118.75", "side": "SELL", "hash": "3a4a27e61905ca076fa36a21363cdabe17253cef", "best_bid": "0.1", "best_ask": "0.89"}], "timestamp": "1769384049831", "event_type": "price_change"}}
{"_local_timestamp": "2026-01-25T23:34:09.917645+00:00", "data": {"market": "0x7140b7fefa643baeb940e4b16cc66ef4a5c101c8603f9c2c427d3d3409cf3907", "price_changes": [{"asset_id": "47504241601696572077461329094154034110913471672228980291895541681703840136279", "price": "0.11", "size": "138.75", "side": "BUY", "hash": "9e5ce487b11888cc492166c18079087d5f3cc86e", "best_bid": "0.71", "best_ask": "0.85"}, {"asset_id": "69580764372594634773920871884076824335263596926946692150707966155312338889169", "price": "0.89", "size": "138.75", "side": "SELL", "hash": "d79f090fe08af6d177e7a8658605d20441b3cad4", "best_bid": "0.15", "best_ask": "0.29"}], "timestamp": "1769384049831", "event_type": "price_change"}}
{"_local_timestamp": "2026-01-25T23:34:09.918557+00:00", "data": {"market": "0x75d96e6c1487bfc8385f85ca3ca64de71be5fe67367e8bafc21f665d4028e156", "price_changes": [{"asset_id": "8316858420411433671232876516248293302197940840343139319813722715942710843275", "price": "0.18", "size": "118.75", "side": "BUY", "hash": "9a30fd13193e89db0d4ed6cda716e126993501de", "best_bid": "0.18", "best_ask": "0.98"}, {"asset_id": "90866576720503974313042527027862418056998128017586105463387804885309371609033", "price": "0.82", "size": "118.75", "side": "SELL", "hash": "b4858ed2a5d1f37169ae866e568a3d47cba897db", "best_bid": "0.02", "best_ask": "0.82"}], "timestamp": "1769384049831", "event_type": "price_change"}}
{"_local_timestamp": "2026-01-25T23:34:09.918932+00:00", "data": {"market": "0x218fc5dc597ceeadf386d1d8680bea062b7b781a8e00591de75eef082901d24f", "price_changes": [{"asset_id": "111972691897261159092673407985906447889976504907103100486040875836119516638718", "price": "0.15", "size": "118.75", "side": "BUY", "hash": "da87589f53bb8b77d4e6909db75ce35f737c9a41", "best_bid": "0.66", "best_ask": "0.9"}, {"asset_id": "60954371864373667659126718536093966712941825792994578417048417666285147855344", "price": "0.85", "size": "118.75", "side": "SELL", "hash": "efa5176078089ca182a542cfa04f96f09c039063", "best_bid": "0.1", "best_ask": "0.34"}], "timestamp": "1769384049831", "event_type": "price_change"}}
{"_local_timestamp": "2026-01-25T23:34:09.919300+00:00", "data": {"market": "0x6f63680ffde92cb9cd9a29171af8502c0f5261f7322e4075a7d3364ab0ff7423", "price_changes": [{"asset_id": "95117396699507156575641044496485441543510086339261089182761748993208858464836", "price": "0.26", "size": "59", "side": "BUY", "hash": "4c0e0d6f042375cfc6a79fad935435148f13f250", "best_bid": "0.86", "best_ask": "0.95"}, {"asset_id": "46194836044352169660438016908749683085392391888380756626505972462172953905874", "price": "0.74", "size": "59", "side": "SELL", "hash": "088a5689414f84622c3bdf74740aa430c6fd21a2", "best_bid": "0.05", "best_ask": "0.14"}], "timestamp": "1769384049831", "event_type": "price_change"}}
{"_local_timestamp": "2026-01-25T23:34:09.919598+00:00", "data": {"market": "0x98c71fbdf5b4d4c2be5b1788efcc29bd11f6b3074a141a4adf22654ca48ae417", "price_changes": [{"asset_id": "80856195843535396749338960387280915403183029114393568796967717261345106350125", "price": "0.28", "size": "29", "side": "BUY", "hash": "a1fb65be3b47f45547a25d85c7dc6fcbe78fe508", "best_bid": "0.76", "best_ask": "0.9"}, {"asset_id": "76824976912500224728001252463375973600339480683277010343983675718054355152778", "price": "0.72", "size": "29", "side": "SELL", "hash": "594da3cbed40dd6e05b062fe5d324af0aa09b433", "best_bid": "0.1", "best_ask": "0.24"}], "timestamp": "1769384049831", "event_type": "price_change"}}
{"_local_timestamp": "2026-01-25T23:34:09.920265+00:00", "data": {"market": "0x3ffc467b5a9abe1c9c591c07c08b1c9a8c4f92fd639bfbaf618ea1fc87cae686", "price_changes": [{"asset_id": "19401306700184941983094459737191918937667646305965291344863426783925313325091", "price": "0.16", "size": "118.75", "side": "BUY", "hash": "1fea760ef7a681fbaae17caab6c790447c53c92a", "best_bid": "0.81", "best_ask": "0.96"}, {"asset_id": "68853206645368364294755440430765564006923644407743833865486684666661127552139", "price": "0.84", "size": "118.75", "side": "SELL", "hash": "4aca09735a16d2b6435218c0cd0eede4a6084fa2", "best_bid": "0.04", "best_ask": "0.19"}], "timestamp": "1769384049831", "event_type": "price_change"}}
{"_local_timestamp": "2026-01-25T23:34:09.920652+00:00", "data": {"market": "0x061b02601100ea03ba2023c725faac41f7d4c966c1591f4327f1444d62245db7", "price_changes": [{"asset_id": "51077790697250306517033180870148760087343227632238206759882171362361241801393", "price": "0.1", "size": "143.75", "side": "BUY", "hash": "4cc4288a5ec7713af121cdad330b80ba059ee9fa", "best_bid": "0.11", "best_ask": "0.9"}, {"asset_id": "78027262318052267859477753310497849457611572471074508804171752954342490978718", "price": "0.9", "size": "143.75", "side": "SELL", "hash": "3482ae20f53e5e4745f2c2525367ef79e821cb3d", "best_bid": "0.1", "best_ask": "0.89"}], "timestamp": "1769384049831", "event_type": "price_change"}}
{"_local_timestamp": "2026-01-25T23:34:10.044857+00:00", "data": {"market": "0x75d96e6c1487bfc8385f85ca3ca64de71be5fe67367e8bafc21f665d4028e156", "price_changes": [{"asset_id": "8316858420411433671232876516248293302197940840343139319813722715942710843275", "price": "0.17", "size": "143.75", "side": "BUY", "hash": "d128bd9c66bdffc780cdf4baa362a749eab54e95", "best_bid": "0.18", "best_ask": "0.98"}, {"asset_id": "90866576720503974313042527027862418056998128017586105463387804885309371609033", "price": "0.83", "size": "143.75", "side": "SELL", "hash": "f9c20c5a9eb5213fe0c8ea31f419a4f94a46e031", "best_bid": "0.02", "best_ask": "0.82"}], "timestamp": "1769384049831", "event_type": "price_change"}}
{"_local_timestamp": "2026-01-25T23:34:10.045642+00:00", "data": {"market": "0xc3c8523362e64bc6156646f310dc197717ecb92c936a9336621f5eb38d931400", "price_changes": [{"asset_id": "87424122463384040555837258918025371174438991735328088349060417144285917896879", "price": "0.1", "size": "118.75", "side": "BUY", "hash": "7226ccc30e030e5cf791174d35a97c3efd344a8a", "best_bid": "0.81", "best_ask": "0.95"}, {"asset_id": "22388675105144036611781927704383874055479645450397398072597050091927484407597", "price": "0.9", "size": "118.75", "side": "SELL", "hash": "f64483219bef12525ef89d3e02adbb5081dbb015", "best_bid": "0.05", "best_ask": "0.19"}], "timestamp": "1769384049831", "event_type": "price_change"}}
{"_local_timestamp": "2026-01-25T23:34:10.046016+00:00", "data": {"market": "0x218fc5dc597ceeadf386d1d8680bea062b7b781a8e00591de75eef082901d24f", "price_changes": [{"asset_id": "111972691897261159092673407985906447889976504907103100486040875836119516638718", "price": "0.14", "size": "138.75", "side": "BUY", "hash": "82d45822ca7c6d61ef54081420fbe3878e2a589f", "best_bid": "0.66", "best_ask": "0.9"}, {"asset_id": "60954371864373667659126718536093966712941825792994578417048417666285147855344", "price": "0.86", "size": "138.75", "side": "SELL", "hash": "44441e87252da1bdac89855da4f88a1f991a8f22", "best_bid": "0.1", "best_ask": "0.34"}], "timestamp": "1769384049831", "event_type": "price_change"}}
{"_local_timestamp": "2026-01-25T23:34:10.048242+00:00", "data": {"market": "0x7140b7fefa643baeb940e4b16cc66ef4a5c101c8603f9c2c427d3d3409cf3907", "price_changes": [{"asset_id": "47504241601696572077461329094154034110913471672228980291895541681703840136279", "price": "0.12", "size": "118.75", "side": "BUY", "hash": "d0188b4f02260116b0635ab16d0482520854a376", "best_bid": "0.71", "best_ask": "0.85"}, {"asset_id": "69580764372594634773920871884076824335263596926946692150707966155312338889169", "price": "0.88", "size": "118.75", "side": "SELL", "hash": "3521fbb0c389cc37222ee9f133016084abac90eb", "best_bid": "0.15", "best_ask": "0.29"}], "timestamp": "1769384049831", "event_type": "price_change"}}
{"_local_timestamp": "2026-01-25T23:34:10.974348+00:00", "data": {"market": "0x061b02601100ea03ba2023c725faac41f7d4c966c1591f4327f1444d62245db7", "price_changes": [{"asset_id": "51077790697250306517033180870148760087343227632238206759882171362361241801393", "price": "0.1", "size": "138.75", "side": "BUY", "hash": "2d18619d7c82e377607a42390de8123a2b99d67f", "best_bid": "0.11", "best_ask": "0.9"}, {"asset_id": "78027262318052267859477753310497849457611572471074508804171752954342490978718", "price": "0.9", "size": "138.75", "side": "SELL", "hash": "343472e974fc5576783bd063450a84ede402d1de", "best_bid": "0.1", "best_ask": "0.89"}], "timestamp": "1769384050908", "event_type": "price_change"}}
{"_local_timestamp": "2026-01-25T23:34:10.978572+00:00", "data": {"market": "0x75d96e6c1487bfc8385f85ca3ca64de71be5fe67367e8bafc21f665d4028e156", "price_changes": [{"asset_id": "8316858420411433671232876516248293302197940840343139319813722715942710843275", "price": "0.17", "size": "138.75", "side": "BUY", "hash": "955f85fee86591afe539692b3505c6efbabc5f0b", "best_bid": "0.18", "best_ask": "0.98"}, {"asset_id": "90866576720503974313042527027862418056998128017586105463387804885309371609033", "price": "0.83", "size": "138.75", "side": "SELL", "hash": "ad517c214668ed01deb36dd7d9510bca23a07397", "best_bid": "0.02", "best_ask": "0.82"}], "timestamp": "1769384050908", "event_type": "price_change"}}
{"_local_timestamp": "2026-01-25T23:34:11.306580+00:00", "data": {"market": "0x6f63680ffde92cb9cd9a29171af8502c0f5261f7322e4075a7d3364ab0ff7423", "price_changes": [{"asset_id": "95117396699507156575641044496485441543510086339261089182761748993208858464836", "price": "0.25", "size": "0", "side": "BUY", "hash": "7f0a620466a7697ab1c563c5f582d84d83d0e3da", "best_bid": "0.86", "best_ask": "0.95"}, {"asset_id": "46194836044352169660438016908749683085392391888380756626505972462172953905874", "price": "0.75", "size": "0", "side": "SELL", "hash": "66b09f3030f9f998f9a8b3515b3ff24680c00ae6", "best_bid": "0.05", "best_ask": "0.14"}], "timestamp": "1769384051238", "event_type": "price_change"}}
{"_local_timestamp": "2026-01-25T23:34:11.307124+00:00", "data": {"market": "0x98c71fbdf5b4d4c2be5b1788efcc29bd11f6b3074a141a4adf22654ca48ae417", "price_changes": [{"asset_id": "80856195843535396749338960387280915403183029114393568796967717261345106350125", "price": "0.27", "size": "0", "side": "BUY", "hash": "b3ebd042a3b05d1a1a4e8270699314d4917c57c5", "best_bid": "0.76", "best_ask": "0.9"}, {"asset_id": "76824976912500224728001252463375973600339480683277010343983675718054355152778", "price": "0.73", "size": "0", "side": "SELL", "hash": "1f033000499e2919167ab045970f95a2a0198a16", "best_bid": "0.1", "best_ask": "0.24"}], "timestamp": "1769384051238", "event_type": "price_change"}}
{"_local_timestamp": "2026-01-25T23:34:11.307447+00:00", "data": {"market": "0x75d96e6c1487bfc8385f85ca3ca64de71be5fe67367e8bafc21f665d4028e156", "price_changes": [{"asset_id": "8316858420411433671232876516248293302197940840343139319813722715942710843275", "price": "0.17", "size": "118.75", "side": "BUY", "hash": "b7e3f2cfb0d54f20d51b0630ce82d9e81facc14b", "best_bid": "0.18", "best_ask": "0.98"}, {"asset_id": "90866576720503974313042527027862418056998128017586105463387804885309371609033", "price": "0.83", "size": "118.75", "side": "SELL", "hash": "443c8ef7c3db480fb05800c69156a4fd4d71b7cc", "best_bid": "0.02", "best_ask": "0.82"}], "timestamp": "1769384051238", "event_type": "price_change"}}
{"_local_timestamp": "2026-01-25T23:34:11.307762+00:00", "data": {"market": "0x061b02601100ea03ba2023c725faac41f7d4c966c1591f4327f1444d62245db7", "price_changes": [{"asset_id": "51077790697250306517033180870148760087343227632238206759882171362361241801393", "price": "0.1", "size": "118.75", "side": "BUY", "hash": "55fb871f8a422f0fed4cee85e2f98e41353362e2", "best_bid": "0.11", "best_ask": "0.9"}, {"asset_id": "78027262318052267859477753310497849457611572471074508804171752954342490978718", "price": "0.9", "size": "118.75", "side": "SELL", "hash": "963e6aadf0ab57f01cb35fa5cfc67fb93a368acc", "best_bid": "0.1", "best_ask": "0.89"}], "timestamp": "1769384051238", "event_type": "price_change"}}
{"_local_timestamp": "2026-01-25T23:34:11.308070+00:00", "data": {"market": "0x218fc5dc597ceeadf386d1d8680bea062b7b781a8e00591de75eef082901d24f", "price_changes": [{"asset_id": "111972691897261159092673407985906447889976504907103100486040875836119516638718", "price": "0.14", "size": "118.75", "side": "BUY", "hash": "e4ad57d69362120cf60dbea4a79dcb2f98b3a219", "best_bid": "0.66", "best_ask": "0.9"}, {"asset_id": "60954371864373667659126718536093966712941825792994578417048417666285147855344", "price": "0.86", "size": "118.75", "side": "SELL", "hash": "bd189b222510eb4924d583ce693006feed91ffcf", "best_bid": "0.1", "best_ask": "0.34"}], "timestamp": "1769384051238", "event_type": "price_change"}}
{"_local_timestamp": "2026-01-25T23:34:11.308362+00:00", "data": {"market": "0x7140b7fefa643baeb940e4b16cc66ef4a5c101c8603f9c2c427d3d3409cf3907", "price_changes": [{"asset_id": "47504241601696572077461329094154034110913471672228980291895541681703840136279", "price": "0.11", "size": "118.75", "side": "BUY", "hash": "bdf6ec92ecc7042de7cf32499b9d151cc54d2ffd", "best_bid": "0.71", "best_ask": "0.85"}, {"asset_id": "69580764372594634773920871884076824335263596926946692150707966155312338889169", "price": "0.89", "size": "118.75", "side": "SELL", "hash": "6c37f8d8374aaf20dadf7ba02ede685ef3735794", "best_bid": "0.15", "best_ask": "0.29"}], "timestamp": "1769384051238", "event_type": "price_change"}}
{"_local_timestamp": "2026-01-25T23:34:11.308689+00:00", "data": {"market": "0x3ffc467b5a9abe1c9c591c07c08b1c9a8c4f92fd639bfbaf618ea1fc87cae686", "price_changes": [{"asset_id": "19401306700184941983094459737191918937667646305965291344863426783925313325091", "price": "0.15", "size": "118.75", "side": "BUY", "hash": "2a2657c09a6057ba90e1437a1f799c35ccd71cfb", "best_bid": "0.81", "best_ask": "0.96"}, {"asset_id": "68853206645368364294755440430765564006923644407743833865486684666661127552139", "price": "0.85", "size": "118.75", "side": "SELL", "hash": "082ec9fb37acf836469f46de52485c4a3b058940", "best_bid": "0.04", "best_ask": "0.19"}], "timestamp": "1769384051238", "event_type": "price_change"}}
{"_local_timestamp": "2026-01-25T23:34:11.309031+00:00", "data": {"market": "0xc3c8523362e64bc6156646f310dc197717ecb92c936a9336621f5eb38d931400", "price_changes": [{"asset_id": "87424122463384040555837258918025371174438991735328088349060417144285917896879", "price": "0.09", "size": "118.75", "side": "BUY", "hash": "fd9af9a0eb56c190b3f6eb60c2454500af7a9523", "best_bid": "0.81", "best_ask": "0.95"}, {"asset_id": "22388675105144036611781927704383874055479645450397398072597050091927484407597", "price": "0.91", "size": "118.75", "side": "SELL", "hash": "42518db2a149422195e88ce6f93e2a766b485026", "best_bid": "0.05", "best_ask": "0.19"}], "timestamp": "1769384051238", "event_type": "price_change"}}
{"_local_timestamp": "2026-01-25T23:34:11.342720+00:00", "data": {"market": "0x75d96e6c1487bfc8385f85ca3ca64de71be5fe67367e8bafc21f665d4028e156", "price_changes": [{"asset_id": "8316858420411433671232876516248293302197940840343139319813722715942710843275", "price": "0.19", "size": "20", "side": "BUY", "hash": "a11da1092d938a29b3fc4a22c579d98b92c59356", "best_bid": "0.19", "best_ask": "0.98"}, {"asset_id": "90866576720503974313042527027862418056998128017586105463387804885309371609033", "price": "0.81", "size": "20", "side": "SELL", "hash": "4b5f72b4e4d1386dd6377908fba206a1c97e6296", "best_bid": "0.02", "best_ask": "0.81"}], "timestamp": "1769384051272", "event_type": "price_change"}}
{"_local_timestamp": "2026-01-25T23:34:11.343272+00:00", "data": {"market": "0x7140b7fefa643baeb940e4b16cc66ef4a5c101c8603f9c2c427d3d3409cf3907", "price_changes": [{"asset_id": "47504241601696572077461329094154034110913471672228980291895541681703840136279", "price": "0.13", "size": "20", "side": "BUY", "hash": "632a384a21dd28bd8ae7ccd52f78f28c3b80969a", "best_bid": "0.71", "best_ask": "0.85"}, {"asset_id": "69580764372594634773920871884076824335263596926946692150707966155312338889169", "price": "0.87", "size": "20", "side": "SELL", "hash": "0788404464d65bd5e8e32da3281b401064dec284", "best_bid": "0.15", "best_ask": "0.29"}], "timestamp": "1769384051272", "event_type": "price_change"}}
{"_local_timestamp": "2026-01-25T23:34:11.445266+00:00", "data": {"market": "0x6f63680ffde92cb9cd9a29171af8502c0f5261f7322e4075a7d3364ab0ff7423", "price_changes": [{"asset_id": "95117396699507156575641044496485441543510086339261089182761748993208858464836", "price": "0.27", "size": "20", "side": "BUY", "hash": "5416a4e10da3cd5d7129ddf340d33d17fbe4a49e", "best_bid": "0.86", "best_ask": "0.95"}, {"asset_id": "46194836044352169660438016908749683085392391888380756626505972462172953905874", "price": "0.73", "size": "20", "side": "SELL", "hash": "0befc93c4932076063dcf54edd159e0351e0a0af", "best_bid": "0.05", "best_ask": "0.14"}], "timestamp": "1769384051272", "event_type": "price_change"}}
{"_local_timestamp": "2026-01-25T23:34:11.449849+00:00", "data": {"market": "0x061b02601100ea03ba2023c725faac41f7d4c966c1591f4327f1444d62245db7", "price_changes": [{"asset_id": "51077790697250306517033180870148760087343227632238206759882171362361241801393", "price": "0.12", "size": "20", "side": "BUY", "hash": "05f742e5bcc73b7028602477357bea879bb90ce0", "best_bid": "0.12", "best_ask": "0.9"}, {"asset_id": "78027262318052267859477753310497849457611572471074508804171752954342490978718", "price": "0.88", "size": "20", "side": "SELL", "hash": "9a6e48ab6218031337fb274c2f8d18cbc6ecf4a6", "best_bid": "0.1", "best_ask": "0.88"}], "timestamp": "1769384051272", "event_type": "price_change"}}
{"_local_timestamp": "2026-01-25T23:34:11.450597+00:00", "data": {"market": "0xc3c8523362e64bc6156646f310dc197717ecb92c936a9336621f5eb38d931400", "price_changes": [{"asset_id": "87424122463384040555837258918025371174438991735328088349060417144285917896879", "price": "0.11", "size": "20", "side": "BUY", "hash": "c382e206c70b4bcdaca7e5879a77a5f4db6c8f55", "best_bid": "0.81", "best_ask": "0.95"}, {"asset_id": "22388675105144036611781927704383874055479645450397398072597050091927484407597", "price": "0.89", "size": "20", "side": "SELL", "hash": "86fe49cc1c316677d3105e91a59068759bf4bc43", "best_bid": "0.05", "best_ask": "0.19"}], "timestamp": "1769384051272", "event_type": "price_change"}}
{"_local_timestamp": "2026-01-25T23:34:11.451046+00:00", "data": {"market": "0x218fc5dc597ceeadf386d1d8680bea062b7b781a8e00591de75eef082901d24f", "price_changes": [{"asset_id": "111972691897261159092673407985906447889976504907103100486040875836119516638718", "price": "0.16", "size": "20", "side": "BUY", "hash": "7bb1e01fbd110cba8c38f0ed999689c74800d345", "best_bid": "0.66", "best_ask": "0.9"}, {"asset_id": "60954371864373667659126718536093966712941825792994578417048417666285147855344", "price": "0.84", "size": "20", "side": "SELL", "hash": "5e0f8eafd776d3236db53a7916fc6b96905e9d14", "best_bid": "0.1", "best_ask": "0.34"}], "timestamp": "1769384051272", "event_type": "price_change"}}
{"_local_timestamp": "2026-01-25T23:34:11.451414+00:00", "data": {"market": "0x3ffc467b5a9abe1c9c591c07c08b1c9a8c4f92fd639bfbaf618ea1fc87cae686", "price_changes": [{"asset_id": "19401306700184941983094459737191918937667646305965291344863426783925313325091", "price": "0.17", "size": "20", "side": "BUY", "hash": "78fe72488534a4410eee375a6285876eaf8fac3e", "best_bid": "0.81", "best_ask": "0.96"}, {"asset_id": "68853206645368364294755440430765564006923644407743833865486684666661127552139", "price": "0.83", "size": "20", "side": "SELL", "hash": "e52d5f75a846ba70bba9d1b5ece3bb38a93f44d5", "best_bid": "0.04", "best_ask": "0.19"}], "timestamp": "1769384051272", "event_type": "price_change"}}
{"_local_timestamp": "2026-01-25T23:34:11.451940+00:00", "data": {"market": "0x98c71fbdf5b4d4c2be5b1788efcc29bd11f6b3074a141a4adf22654ca48ae417", "price_changes": [{"asset_id": "80856195843535396749338960387280915403183029114393568796967717261345106350125", "price": "0.29", "size": "20", "side": "BUY", "hash": "40dbad2cc6e2e5872566f514c1bf0b7b672e95ab", "best_bid": "0.76", "best_ask": "0.9"}, {"asset_id": "76824976912500224728001252463375973600339480683277010343983675718054355152778", "price": "0.71", "size": "20", "side": "SELL", "hash": "fe3731278e4a794bab8f0f1b0423ae4752daa956", "best_bid": "0.1", "best_ask": "0.24"}], "timestamp": "1769384051272", "event_type": "price_change"}}
{"_local_timestamp": "2026-01-25T23:34:13.794230+00:00", "data": {"market": "0x75d96e6c1487bfc8385f85ca3ca64de71be5fe67367e8bafc21f665d4028e156", "price_changes": [{"asset_id": "8316858420411433671232876516248293302197940840343139319813722715942710843275", "price": "0.19", "size": "25", "side": "BUY", "hash": "1c45d2303c08e85d8e55d9a36d7459320bc2d0fe", "best_bid": "0.19", "best_ask": "0.98"}, {"asset_id": "90866576720503974313042527027862418056998128017586105463387804885309371609033", "price": "0.81", "size": "25", "side": "SELL", "hash": "61ea4167246073a44633e3e4fc3ae4630af1dd6d", "best_bid": "0.02", "best_ask": "0.81"}], "timestamp": "1769384053723", "event_type": "price_change"}}
{"_local_timestamp": "2026-01-25T23:34:13.801687+00:00", "data": {"market": "0x061b02601100ea03ba2023c725faac41f7d4c966c1591f4327f1444d62245db7", "price_changes": [{"asset_id": "51077790697250306517033180870148760087343227632238206759882171362361241801393", "price": "0.12", "size": "25", "side": "BUY", "hash": "84379933665d76bae6c54c87746485146e8d3024", "best_bid": "0.12", "best_ask": "0.9"}, {"asset_id": "78027262318052267859477753310497849457611572471074508804171752954342490978718", "price": "0.88", "size": "25", "side": "SELL", "hash": "3e49a708efbc09f521f6acbde9802cf52f494491", "best_bid": "0.1", "best_ask": "0.88"}], "timestamp": "1769384053727", "event_type": "price_change"}}
{"_local_timestamp": "2026-01-25T23:34:25.516851+00:00", "data": {"market": "0x98c71fbdf5b4d4c2be5b1788efcc29bd11f6b3074a141a4adf22654ca48ae417", "price_changes": [{"asset_id": "80856195843535396749338960387280915403183029114393568796967717261345106350125", "price": "0.28", "size": "0", "side": "BUY", "hash": "89e2a29cab6649c4c3d3b8474e06d19d1a332223", "best_bid": "0.76", "best_ask": "0.9"}, {"asset_id": "76824976912500224728001252463375973600339480683277010343983675718054355152778", "price": "0.72", "size": "0", "side": "SELL", "hash": "42418df9d7612a35277cddc8076b28a71c4af864", "best_bid": "0.1", "best_ask": "0.24"}], "timestamp": "1769384065368", "event_type": "price_change"}}
{"_local_timestamp": "2026-01-25T23:34:25.538454+00:00", "data": {"market": "0x3ffc467b5a9abe1c9c591c07c08b1c9a8c4f92fd639bfbaf618ea1fc87cae686", "price_changes": [{"asset_id": "19401306700184941983094459737191918937667646305965291344863426783925313325091", "price": "0.14", "size": "0", "side": "BUY", "hash": "24783b464625410b53c8231252a7a27a03cdc97c", "best_bid": "0.81", "best_ask": "0.96"}, {"asset_id": "68853206645368364294755440430765564006923644407743833865486684666661127552139", "price": "0.86", "size": "0", "side": "SELL", "hash": "cb180614195846a3bf766caf0ce63e90fffeecef", "best_bid": "0.04", "best_ask": "0.19"}], "timestamp": "1769384065368", "event_type": "price_change"}}
{"_local_timestamp": "2026-01-25T23:34:25.544523+00:00", "data": {"market": "0x061b02601100ea03ba2023c725faac41f7d4c966c1591f4327f1444d62245db7", "price_changes": [{"asset_id": "51077790697250306517033180870148760087343227632238206759882171362361241801393", "price": "0.09", "size": "0", "side": "BUY", "hash": "ff207dd73ef8aff6e83a4243fae7c4312fceef48", "best_bid": "0.12", "best_ask": "0.9"}, {"asset_id": "78027262318052267859477753310497849457611572471074508804171752954342490978718", "price": "0.91", "size": "0", "side": "SELL", "hash": "5c59a358f902c3c64cc5f7e6cb76d551c4c86aa2", "best_bid": "0.1", "best_ask": "0.88"}], "timestamp": "1769384065368", "event_type": "price_change"}}
{"_local_timestamp": "2026-01-25T23:34:25.544962+00:00", "data": {"market": "0x061b02601100ea03ba2023c725faac41f7d4c966c1591f4327f1444d62245db7", "price_changes": [{"asset_id": "51077790697250306517033180870148760087343227632238206759882171362361241801393", "price": "0.08", "size": "0", "side": "BUY", "hash": "ff207dd73ef8aff6e83a4243fae7c4312fceef48", "best_bid": "0.12", "best_ask": "0.9"}, {"asset_id": "78027262318052267859477753310497849457611572471074508804171752954342490978718", "price": "0.92", "size": "0", "side": "SELL", "hash": "5c59a358f902c3c64cc5f7e6cb76d551c4c86aa2", "best_bid": "0.1", "best_ask": "0.88"}], "timestamp": "1769384065368", "event_type": "price_change"}}
{"_local_timestamp": "2026-01-25T23:34:25.545412+00:00", "data": {"market": "0x6f63680ffde92cb9cd9a29171af8502c0f5261f7322e4075a7d3364ab0ff7423", "price_changes": [{"asset_id": "95117396699507156575641044496485441543510086339261089182761748993208858464836", "price": "0.26", "size": "0", "side": "BUY", "hash": "6a4f2142b478ee552d47eb33e87c553b48423d90", "best_bid": "0.86", "best_ask": "0.95"}, {"asset_id": "46194836044352169660438016908749683085392391888380756626505972462172953905874", "price": "0.74", "size": "0", "side": "SELL", "hash": "bc3e4ac51fd7a192a367971d4802ca1c9ea605e2", "best_bid": "0.05", "best_ask": "0.14"}], "timestamp": "1769384065368", "event_type": "price_change"}}
{"_local_timestamp": "2026-01-25T23:34:25.545820+00:00", "data": {"market": "0x218fc5dc597ceeadf386d1d8680bea062b7b781a8e00591de75eef082901d24f", "price_changes": [{"asset_id": "111972691897261159092673407985906447889976504907103100486040875836119516638718", "price": "0.13", "size": "0", "side": "BUY", "hash": "63b7b14565cbed355195c50fe1242dd1907e6067", "best_bid": "0.66", "best_ask": "0.9"}, {"asset_id": "60954371864373667659126718536093966712941825792994578417048417666285147855344", "price": "0.87", "size": "0", "side": "SELL", "hash": "8c5d42eff93a6982ade77898567977a06d50539d", "best_bid": "0.1", "best_ask": "0.34"}], "timestamp": "1769384065368", "event_type": "price_change"}}
{"_local_timestamp": "2026-01-25T23:34:25.546188+00:00", "data": {"market": "0x75d96e6c1487bfc8385f85ca3ca64de71be5fe67367e8bafc21f665d4028e156", "price_changes": [{"asset_id": "8316858420411433671232876516248293302197940840343139319813722715942710843275", "price": "0.16", "size": "0", "side": "BUY", "hash": "5d3596cd7f3c0a988bf3b57e4b9cc790ad7bcc24", "best_bid": "0.19", "best_ask": "0.98"}, {"asset_id": "90866576720503974313042527027862418056998128017586105463387804885309371609033", "price": "0.84", "size": "0", "side": "SELL", "hash": "ad81cdb3ff56ca01aaab3ffb63b57a8c0da7bffd", "best_bid": "0.02", "best_ask": "0.81"}], "timestamp": "1769384065368", "event_type": "price_change"}}
{"_local_timestamp": "2026-01-25T23:34:25.546635+00:00", "data": {"market": "0x75d96e6c1487bfc8385f85ca3ca64de71be5fe67367e8bafc21f665d4028e156", "price_changes": [{"asset_id": "8316858420411433671232876516248293302197940840343139319813722715942710843275", "price": "0.15", "size": "0", "side": "BUY", "hash": "5d3596cd7f3c0a988bf3b57e4b9cc790ad7bcc24", "best_bid": "0.19", "best_ask": "0.98"}, {"asset_id": "90866576720503974313042527027862418056998128017586105463387804885309371609033", "price": "0.85", "size": "0", "side": "SELL", "hash": "ad81cdb3ff56ca01aaab3ffb63b57a8c0da7bffd", "best_bid": "0.02", "best_ask": "0.81"}], "timestamp": "1769384065368", "event_type": "price_change"}}
{"_local_timestamp": "2026-01-25T23:34:26.168144+00:00", "data": {"market": "0x6f63680ffde92cb9cd9a29171af8502c0f5261f7322e4075a7d3364ab0ff7423", "price_changes": [{"asset_id": "95117396699507156575641044496485441543510086339261089182761748993208858464836", "price": "0.27", "size": "0", "side": "BUY", "hash": "a038c916090994c478ee216941d35160cf579419", "best_bid": "0.86", "best_ask": "0.95"}, {"asset_id": "46194836044352169660438016908749683085392391888380756626505972462172953905874", "price": "0.73", "size": "0", "side": "SELL", "hash": "93fd7d5f1ed26064e3e5174251f697665eba8ec8", "best_bid": "0.05", "best_ask": "0.14"}], "timestamp": "1769384066101", "event_type": "price_change"}}
{"_local_timestamp": "2026-01-25T23:34:26.169011+00:00", "data": {"market": "0x98c71fbdf5b4d4c2be5b1788efcc29bd11f6b3074a141a4adf22654ca48ae417", "price_changes": [{"asset_id": "80856195843535396749338960387280915403183029114393568796967717261345106350125", "price": "0.29", "size": "0", "side": "BUY", "hash": "382f4fbdf0affdb80d8175aa2dc960be77e51b92", "best_bid": "0.76", "best_ask": "0.9"}, {"asset_id": "76824976912500224728001252463375973600339480683277010343983675718054355152778", "price": "0.71", "size": "0", "side": "SELL", "hash": "39cd163dab8272a0b513fbbb0d7be31eb77e2c5e", "best_bid": "0.1", "best_ask": "0.24"}], "timestamp": "1769384066101", "event_type": "price_change"}}
{"_local_timestamp": "2026-01-25T23:34:26.208829+00:00", "data": {"market": "0x98c71fbdf5b4d4c2be5b1788efcc29bd11f6b3074a141a4adf22654ca48ae417", "price_changes": [{"asset_id": "80856195843535396749338960387280915403183029114393568796967717261345106350125", "price": "0.27", "size": "20", "side": "BUY", "hash": "6e33ef0d2f53f6d6a3a2260009c579c001e17372", "best_bid": "0.76", "best_ask": "0.9"}, {"asset_id": "76824976912500224728001252463375973600339480683277010343983675718054355152778", "price": "0.73", "size": "20", "side": "SELL", "hash": "0cb7dce53e286d4fe2d02304be7720aaa49a60cb", "best_bid": "0.1", "best_ask": "0.24"}], "timestamp": "1769384066139", "event_type": "price_change"}}
{"_local_timestamp": "2026-01-25T23:34:26.210068+00:00", "data": {"market": "0x6f63680ffde92cb9cd9a29171af8502c0f5261f7322e4075a7d3364ab0ff7423", "price_changes": [{"asset_id": "95117396699507156575641044496485441543510086339261089182761748993208858464836", "price": "0.25", "size": "20", "side": "BUY", "hash": "2eebf0ba850a054d338aaec97db82659151ae4ee", "best_bid": "0.86", "best_ask": "0.95"}, {"asset_id": "46194836044352169660438016908749683085392391888380756626505972462172953905874", "price": "0.75", "size": "20", "side": "SELL", "hash": "47a9264be585626789ce01944292e2d525dd2415", "best_bid": "0.05", "best_ask": "0.14"}], "timestamp": "1769384066140", "event_type": "price_change"}}
{"_local_timestamp": "2026-01-25T23:34:55.842685+00:00", "data": {"market": "0xc3c8523362e64bc6156646f310dc197717ecb92c936a9336621f5eb38d931400", "price_changes": [{"asset_id": "87424122463384040555837258918025371174438991735328088349060417144285917896879", "price": "0.09", "size": "0", "side": "BUY", "hash": "97b0d239839b6ff07b1f8c8212d2443e3ca46bcb", "best_bid": "0.81", "best_ask": "0.95"}, {"asset_id": "22388675105144036611781927704383874055479645450397398072597050091927484407597", "price": "0.91", "size": "0", "side": "SELL", "hash": "744134c442dfb4673fb14c34bccfbacabb810fb2", "best_bid": "0.05", "best_ask": "0.19"}], "timestamp": "1769384095767", "event_type": "price_change"}}
{"_local_timestamp": "2026-01-25T23:34:55.849398+00:00", "data": {"market": "0x3ffc467b5a9abe1c9c591c07c08b1c9a8c4f92fd639bfbaf618ea1fc87cae686", "price_changes": [{"asset_id": "19401306700184941983094459737191918937667646305965291344863426783925313325091", "price": "0.15", "size": "0", "side": "BUY", "hash": "fc115b24f7984cd24c866c03f55b5a62fccc324c", "best_bid": "0.81", "best_ask": "0.96"}, {"asset_id": "68853206645368364294755440430765564006923644407743833865486684666661127552139", "price": "0.85", "size": "0", "side": "SELL", "hash": "5df95aabd97b355ef3742740b6e5571f99abd59f", "best_bid": "0.04", "best_ask": "0.19"}], "timestamp": "1769384095767", "event_type": "price_change"}}
{"_local_timestamp": "2026-01-25T23:34:55.867442+00:00", "data": {"market": "0x218fc5dc597ceeadf386d1d8680bea062b7b781a8e00591de75eef082901d24f", "price_changes": [{"asset_id": "111972691897261159092673407985906447889976504907103100486040875836119516638718", "price": "0.14", "size": "0", "side": "BUY", "hash": "9f733521d98dd78bc74e209b0fb20b39a5441d6a", "best_bid": "0.66", "best_ask": "0.9"}, {"asset_id": "60954371864373667659126718536093966712941825792994578417048417666285147855344", "price": "0.86", "size": "0", "side": "SELL", "hash": "00dedd70908308167445a2561c87ae2d62e2e567", "best_bid": "0.1", "best_ask": "0.34"}], "timestamp": "1769384095768", "event_type": "price_change"}}
{"_local_timestamp": "2026-01-25T23:34:55.868029+00:00", "data": {"market": "0x7140b7fefa643baeb940e4b16cc66ef4a5c101c8603f9c2c427d3d3409cf3907", "price_changes": [{"asset_id": "47504241601696572077461329094154034110913471672228980291895541681703840136279", "price": "0.1", "size": "0", "side": "BUY", "hash": "e87e25aac9af73699bb4425443437e3d59730f34", "best_bid": "0.71", "best_ask": "0.85"}, {"asset_id": "69580764372594634773920871884076824335263596926946692150707966155312338889169", "price": "0.9", "size": "0", "side": "SELL", "hash": "19e50194773d530df1cfbfb4ad8e360f1fee8b73", "best_bid": "0.15", "best_ask": "0.29"}], "timestamp": "1769384095767", "event_type": "price_change"}}
{"_local_timestamp": "2026-01-25T23:34:55.868447+00:00", "data": {"market": "0x7140b7fefa643baeb940e4b16cc66ef4a5c101c8603f9c2c427d3d3409cf3907", "price_changes": [{"asset_id": "47504241601696572077461329094154034110913471672228980291895541681703840136279", "price": "0.11", "size": "0", "side": "BUY", "hash": "e87e25aac9af73699bb4425443437e3d59730f34", "best_bid": "0.71", "best_ask": "0.85"}, {"asset_id": "69580764372594634773920871884076824335263596926946692150707966155312338889169", "price": "0.89", "size": "0", "side": "SELL", "hash": "19e50194773d530df1cfbfb4ad8e360f1fee8b73", "best_bid": "0.15", "best_ask": "0.29"}], "timestamp": "1769384095767", "event_type": "price_change"}}
{"_local_timestamp": "2026-01-25T23:36:57.623105+00:00", "data": {"market": "0x061b02601100ea03ba2023c725faac41f7d4c966c1591f4327f1444d62245db7", "price_changes": [{"asset_id": "51077790697250306517033180870148760087343227632238206759882171362361241801393", "price": "0.02", "size": "0", "side": "BUY", "hash": "fb62c7f95fca72807274ab07fccaf7b660ebf747", "best_bid": "0.12", "best_ask": "0.9"}, {"asset_id": "78027262318052267859477753310497849457611572471074508804171752954342490978718", "price": "0.98", "size": "0", "side": "SELL", "hash": "3b6b6556fe43ad56cb8938f98553f23fc521f302", "best_bid": "0.1", "best_ask": "0.88"}], "timestamp": "1769384217235", "event_type": "price_change"}}
{"_local_timestamp": "2026-01-25T23:36:57.623975+00:00", "data": {"market": "0x75d96e6c1487bfc8385f85ca3ca64de71be5fe67367e8bafc21f665d4028e156", "price_changes": [{"asset_id": "8316858420411433671232876516248293302197940840343139319813722715942710843275", "price": "0.14", "size": "0", "side": "BUY", "hash": "46ddb2da241fb81d0ad27a86487dbdb15224304c", "best_bid": "0.19", "best_ask": "0.98"}, {"asset_id": "90866576720503974313042527027862418056998128017586105463387804885309371609033", "price": "0.86", "size": "0", "side": "SELL", "hash": "90bfd2e5a0db09e98bfb2ea5606941e1adf971a9", "best_bid": "0.02", "best_ask": "0.81"}], "timestamp": "1769384217236", "event_type": "price_change"}}
{"_local_timestamp": "2026-01-25T23:37:34.121333+00:00", "data": {"market": "0x75d96e6c1487bfc8385f85ca3ca64de71be5fe67367e8bafc21f665d4028e156", "price_changes": [{"asset_id": "8316858420411433671232876516248293302197940840343139319813722715942710843275", "price": "0.07", "size": "16", "side": "BUY", "hash": "3ae83458fec627ba9047e35e653b37ac5ba46048", "best_bid": "0.19", "best_ask": "0.98"}, {"asset_id": "90866576720503974313042527027862418056998128017586105463387804885309371609033", "price": "0.93", "size": "16", "side": "SELL", "hash": "86f61ae65c9493f351db5a16a268713d0008763e", "best_bid": "0.02", "best_ask": "0.81"}], "timestamp": "1769384254020", "event_type": "price_change"}}
{"_local_timestamp": "2026-01-25T23:37:34.128628+00:00", "data": {"market": "0x061b02601100ea03ba2023c725faac41f7d4c966c1591f4327f1444d62245db7", "price_changes": [{"asset_id": "51077790697250306517033180870148760087343227632238206759882171362361241801393", "price": "0.11", "size": "177.75", "side": "BUY", "hash": "394d280e9b1da66af3b9ab3b1f3ac9bc645e579d", "best_bid": "0.12", "best_ask": "0.9"}, {"asset_id": "78027262318052267859477753310497849457611572471074508804171752954342490978718", "price": "0.89", "size": "177.75", "side": "SELL", "hash": "46de79b6b8300b9f88bd944c08ac6c3c57e8e1b4", "best_bid": "0.1", "best_ask": "0.88"}], "timestamp": "1769384254020", "event_type": "price_change"}}
