{"_local_timestamp": "2026-01-25T23:33:46.916190+00:00", "data": [{"market": "0x75d96e6c1487bfc8385f85ca3ca64de71be5fe67367e8bafc21f665d4028e156", "asset_id": "90866576720503974313042527027862418056998128017586105463387804885309371609033", "timestamp": "1769383799772", "hash": "bd224d349994ce786460d7c9c54a3260290faa6f", "bids": [{"price": "0.01", "size": "260"}, {"price": "0.02", "size": "130"}], "asks": [{"price": "0.99", "size": "110"}, {"price": "0.95", "size": "30"}, {"price": "0.94", "size": "33"}, {"price": "0.86", "size": "59"}, {"price": "0.85", "size": "118.75"}, {"price": "0.84", "size": "118.75"}, {"price": "0.83", "size": "25"}], "event_type": "book", "last_trade_price": ""}, {"market": "0xc3c8523362e64bc6156646f310dc197717ecb92c936a9336621f5eb38d931400", "asset_id": "87424122463384040555837258918025371174438991735328088349060417144285917896879", "timestamp": "1769383799849", "hash": "16d4fccc386504f5452986b0fb29d67d394e934b", "bids": [{"price": "0.01", "size": "110"}, {"price": "0.05", "size": "30"}, {"price": "0.06", "size": "33"}, {"price": "0.07", "size": "16"}, {"price": "0.21", "size": "9"}, {"price": "0.22", "size": "20"}, {"price": "0.81", "size": "7"}], "asks": [{"price": "0.99", "size": "260"}, {"price": "0.97", "size": "40"}, {"price": "0.96", "size": "272.5"}, {"price": "0.95", "size": "20"}], "event_type": "book", "last_trade_price": ""}, {"market": "0xc3c8523362e64bc6156646f310dc197717ecb92c936a9336621f5eb38d931400", "asset_id": "22388675105144036611781927704383874055479645450397398072597050091927484407597", "timestamp": "1769383799849", "hash": "f7df10b80f72a90e6c34be66f023f4e7f42a68cf", "bids": [{"price": "0.01", "size": "260"}, {"price": "0.03", "size": "40"}, {"price": "0.04", "size": "272.5"}, {"price": "0.05", "size": "20"}], "asks": [{"price": "0.99", "size": "110"}, {"price": "0.95", "size": "30"}, {"price": "0.94", "size": "33"}, {"price": "0.93", "size": "16"}, {"price": "0.79", "size": "9"}, {"price": "0.78", "size": "20"}, {"price": "0.19", "size": "7"}], "event_type": "book", "last_trade_price": ""}, {"market": "0x6f63680ffde92cb9cd9a29171af8502c0f5261f7322e4075a7d3364ab0ff7423", "asset_id": "46194836044352169660438016908749683085392391888380756626505972462172953905874", "timestamp": "1769383916968", "hash": "4120a8763717623ec09899a7bade7a99ba614f5c", "bids": [{"price": "0.01", "size": "260"}, {"price": "0.02", "size": "130"}, {"price": "0.05", "size": "20"}], "asks": [{"price": "0.99", "size": "110"}, {"price": "0.95", "size": "30"}, {"price": "0.94", "size": "33"}, {"price": "0.93", "size": "16"}, {"price": "0.76", "size": "8"}, {"price": "0.75", "size": "20"}, {"price": "0.14", "size": "7"}], "event_type": "book", "last_trade_price": ""}, {"market": "0x218fc5dc597ceeadf386d1d8680bea062b7b781a8e00591de75eef082901d24f", "asset_id": "111972691897261159092673407985906447889976504907103100486040875836119516638718", "timestamp": "1769383836270", "hash": "9b0469a7d3eaabc91cd0b19205413d9ac777f9da", "bids": [{"price": "0.01", "size": "110"}, {"price": "0.05", "size": "30"}, {"price": "0.06", "size": "33"}, {"price": "0.07", "size": "28"}, {"price": "0.11", "size": "59"}, {"price": "0.13", "size": "118.75"}, {"price": "0.14", "size": "20"}, {"price": "0.66", "size": "7"}], "asks": [{"price": "0.99", "size": "160"}, {"price": "0.98", "size": "80"}, {"price": "0.97", "size": "33"}, {"price": "0.95", "size": "20"}, {"price": "0.9", "size": "10"}], "event_type": "book", "last_trade_price": ""}, {"market": "0x7140b7fefa643baeb940e4b16cc66ef4a5c101c8603f9c2c427d3d3409cf3907", "asset_id": "47504241601696572077461329094154034110913471672228980291895541681703840136279", "timestamp": "1769383836272", "hash": "f508d1908c065fa7fb085fdab3a0f62e474c6ff2", "bids": [{"price": "0.01", "size": "110"}, {"price": "0.05", "size": "30"}, {"price": "0.06", "size": "33"}, {"price": "0.07", "size": "16"}, {"price": "0.08", "size": "25"}, {"price": "0.1", "size": "118.75"}, {"price": "0.11", "size": "20"}, {"price": "0.71", "size": "7"}], "asks": [{"price": "0.99", "size": "260"}, {"price": "0.96", "size": "250"}, {"price": "0.85", "size": "10"}], "event_type": "book", "last_trade_price": ""}, {"market": "0x6f63680ffde92cb9cd9a29171af8502c0f5261f7322e4075a7d3364ab0ff7423", "asset_id": "95117396699507156575641044496485441543510086339261089182761748993208858464836", "timestamp": "1769383916968", "hash": "d5c55f04f16dfb44159b83bda705e0e92aae7851", "bids": [{"price": "0.01", "size": "110"}, {"price": "0.05", "size": "30"}, {"price": "0.06", "size": "33"}, {"price": "0.07", "size": "16"}, {"price": "0.24", "size": "8"}, {"price": "0.25", "size": "20"}, {"price": "0.86", "size": "7"}], "asks": [{"price": "0.99", "size": "260"}, {"price": "0.98", "size": "130"}, {"price": "0.95", "size": "20"}], "event_type": "book", "last_trade_price": ""}, {"market": "0x98c71fbdf5b4d4c2be5b1788efcc29bd11f6b3074a141a4adf22654ca48ae417", "asset_id": "76824976912500224728001252463375973600339480683277010343983675718054355152778", "timestamp": "1769383799849", "hash": "d0a28b53ec99edd770cd576f1e2a24e1fd6e120d", "bids": [{"price": "0.01", "size": "260"}, {"price": "0.02", "size": "130"}, {"price": "0.1", "size": "20"}], "asks": [{"price": "0.99", "size": "110"}, {"price": "0.95", "size": "30"}, {"price": "0.94", "size": "33"}, {"price": "0.93", "size": "16"}, {"price": "0.74", "size": "7"}, {"price": "0.73", "size": "20"}, {"price": "0.24", "size": "7"}], "event_type": "book", "last_trade_price": ""}, {"market": "0x75d96e6c1487bfc8385f85ca3ca64de71be5fe67367e8bafc21f665d4028e156", "asset_id": "8316858420411433671232876516248293302197940840343139319813722715942710843275", "timestamp": "1769383799772", "hash": "404095bd375af84e42564d4d4f5061e5816b044f", "bids": [{"price": "0.01", "size": "110"}, {"price": "0.05", "size": "30"}, {"price": "0.06", "size": "33"}, {"price": "0.14", "size": "59"}, {"price": "0.15", "size": "118.75"}, {"price": "0.16", "size": "118.75"}, {"price": "0.17", "size": "25"}], "asks": [{"price": "0.99", "size": "260"}, {"price": "0.98", "size": "130"}], "event_type": "book", "last_trade_price": ""}, {"market": "0x7140b7fefa643baeb940e4b16cc66ef4a5c101c8603f9c2c427d3d3409cf3907", "asset_id": "69580764372594634773920871884076824335263596926946692150707966155312338889169", "timestamp": "1769383836272", "hash": "66d387ec4f975611e94919680f6b26d508a5f65e", "bids": [{"price": "0.01", "size": "260"}, {"price": "0.04", "size": "250"}, {"price": "0.15", "size": "10"}], "asks": [{"price": "0.99", "size": "110"}, {"price": "0.95", "size": "30"}, {"price": "0.94", "size": "33"}, {"price": "0.93", "size": "16"}, {"price": "0.92", "size": "25"}, {"price": "0.9", "size": "118.75"}, {"price": "0.89", "size": "20"}, {"price": "0.29", "size": "7"}], "event_type": "book", "last_trade_price": ""}, {"market": "0x3ffc467b5a9abe1c9c591c07c08b1c9a8c4f92fd639bfbaf618ea1fc87cae686", "asset_id": "68853206645368364294755440430765564006923644407743833865486684666661127552139", "timestamp": "1769383836270", "hash": "9f625324856a5cfd5d080b20588137f746d0602f", "bids": [{"price": "0.01", "size": "260"}, {"price": "0.02", "size": "130"}, {"price": "0.03", "size": "40"}, {"price": "0.04", "size": "29.99"}], "asks": [{"price": "0.99", "size": "110"}, {"price": "0.95", "size": "30"}, {"price": "0.94", "size": "33"}, {"price": "0.93", "size": "16"}, {"price": "0.92", "size": "25"}, {"price": "0.86", "size": "118.75"}, {"price": "0.85", "size": "20"}, {"price": "0.19", "size": "7"}], "event_type": "book", "last_trade_price": ""}, {"market": "0x218fc5dc597ceeadf386d1d8680bea062b7b781a8e00591de75eef082901d24f", "asset_id": "60954371864373667659126718536093966712941825792994578417048417666285147855344", "timestamp": "1769383836270", "hash": "cc5901e282044297bcd8939b3176d60c0d8d81f9", "bids": [{"price": "0.01", "size": "160"}, {"price": "0.02", "size": "80"}, {"price": "0.03", "size": "33"}, {"price": "0.05", "size": "20"}, {"price": "0.1", "size": "10"}], "asks": [{"price": "0.99", "size": "110"}, {"price": "0.95", "size": "30"}, {"price": "0.94", "size": "33"}, {"price": "0.93", "size": "28"}, {"price": "0.89", "size": "59"}, {"price": "0.87", "size": "118.75"}, {"price": "0.86", "size": "20"}, {"price": "0.34", "size": "7"}], "event_type": "book", "last_trade_price": ""}, {"market": "0x3ffc467b5a9abe1c9c591c07c08b1c9a8c4f92fd639bfbaf618ea1fc87cae686", "asset_id": "19401306700184941983094459737191918937667646305965291344863426783925313325091", "timestamp": "1769383836270", "hash": "aaccf3f1f894ab97c86b9435a8f5edc18dad007c", "bids": [{"price": "0.01", "size": "110"}, {"price": "0.05", "size": "30"}, {"price": "0.06", "size": "33"}, {"price": "0.07", "size": "16"}, {"price": "0.08", "size": "25"}, {"price": "0.14", "size": "118.75"}, {"price": "0.15", "size": "20"}, {"price": "0.81", "size": "7"}], "asks": [{"price": "0.99", "size": "260"}, {"price": "0.98", "size": "130"}, {"price": "0.97", "size": "40"}, {"price": "0.96", "size": "29.99"}], "event_type": "book", "last_trade_price": ""}, {"market": "0x98c71fbdf5b4d4c2be5b1788efcc29bd11f6b3074a141a4adf22654ca48ae417", "asset_id": "80856195843535396749338960387280915403183029114393568796967717261345106350125", "timestamp": "1769383799849", "hash": "6fbcd03522fe760cc476fbc112566858bf146306", "bids": [{"price": "0.01", "size": "110"}, {"price": "0.05", "size": "30"}, {"price": "0.06", "size": "33"}, {"price": "0.07", "size": "16"}, {"price": "0.26", "size": "7"}, {"price": "0.27", "size": "20"}, {"price": "0.76", "size": "7"}], "asks": [{"price": "0.99", "size": "260"}, {"price": "0.98", "size": "130"}, {"price": "0.9", "size": "20"}], "event_type": "book", "last_trade_price": ""}, {"market": "0x061b02601100ea03ba2023c725faac41f7d4c966c1591f4327f1444d62245db7", "asset_id": "51077790697250306517033180870148760087343227632238206759882171362361241801393", "timestamp": "1769383790257", "hash": "305167d8afcdb2085f5d72d8634d1ec190f96470", "bids": [{"price": "0.01", "size": "110"}, {"price": "0.02", "size": "55"}, {"price": "0.05", "size": "30"}, {"price": "0.06", "size": "33"}, {"price": "0.08", "size": "118.75"}, {"price": "0.09", "size": "118.75"}, {"price": "0.1", "size": "25"}], "asks": [{"price": "0.99", "size": "160"}, {"price": "0.97", "size": "133"}, {"price": "0.95", "size": "20"}, {"price": "0.93", "size": "242.4"}, {"price": "0.9", "size": "15"}], "event_type": "book", "last_trade_price": ""}, {"market": "0x061b02601100ea03ba2023c725faac41f7d4c966c1591f4327f1444d62245db7", "asset_id": "78027262318052267859477753310497849457611572471074508804171752954342490978718", "timestamp": "1769383790257", "hash": "5b5c629cd1cd59b059328fb5a47fe3157d0e715c", "bids": [{"price": "0.01", "size": "160"}, {"price": "0.03", "size": "133"}, {"price": "0.05", "size": "20"}, {"price": "0.07", "size": "242.4"}, {"price": "0.1", "size": "15"}], "asks": [{"price": "0.99", "size": "110"}, {"price": "0.98", "size": "55"}, {"price": "0.95", "size": "30"}, {"price": "0.94", "size": "33"}, {"price": "0.92", "size": "118.75"}, {"price": "0.91", "size": "118.75"}, {"price": "0.9", "size": "25"}], "event_type": "book", "last_trade_price": ""}]}
{"_local_timestamp": "2026-01-25T23:33:53.376840+00:00", "data": {"market": "0xc3c8523362e64bc6156646f310dc197717ecb92c936a9336621f5eb38d931400", "price_changes": [{"asset_id": "87424122463384040555837258918025371174438991735328088349060417144285917896879", "price": "0.21", "size": "0", "side": "BUY", "hash": "13c29a35b3ee913d904a0df75f59970f0bfdcfd9", "best_bid": "0.81", "best_ask": "0.95"}, {"asset_id": "22388675105144036611781927704383874055479645450397398072597050091927484407597", "price": "0.79", "size": "0", "side": "SELL", "hash": "f21502f9628d58ba40ec6d4f40bbf4d0a19ce28f", "best_bid": "0.05", "best_ask": "0.19"}], "timestamp": "1769384033305", "event_type": "price_change"}}
{"_local_timestamp": "2026-01-25T23:33:53.422462+00:00", "data": {"market": "0xc3c8523362e64bc6156646f310dc197717ecb92c936a9336621f5eb38d931400", "price_changes": [{"asset_id": "87424122463384040555837258918025371174438991735328088349060417144285917896879", "price": "0.08", "size": "25", "side": "BUY", "hash": "d8a4f5d16d302785dd752aa6e051a3d882a80aa9", "best_bid": "0.81", "best_ask": "0.95"}, {"asset_id": "22388675105144036611781927704383874055479645450397398072597050091927484407597", "price": "0.92", "size": "25", "side": "SELL", "hash": "2970acff2c0d3bbb0726431d593698aa66e02986", "best_bid": "0.05", "best_ask": "0.19"}], "timestamp": "1769384033355", "event_type": "price_change"}}
