{"_local_timestamp": "2026-01-25T23:40:56.441617+00:00", "data": [{"market": "0x5e70cac99a50fa9b296adc260f928a9865d333a731a883c6d2c74dfa7f9e9d62", "asset_id": "58876568330079689223568339870227275320605197658070309720406320100685459484859", "timestamp": "1769384094881", "hash": "4715e895feaa8621e3b19fb81d1f4fef937dab3b", "bids": [{"price": "0.01", "size": "124.28"}, {"price": "0.02", "size": "156.89"}, {"price": "0.03", "size": "12.18"}, {"price": "0.04", "size": "300"}, {"price": "0.05", "size": "355"}, {"price": "0.06", "size": "108"}, {"price": "0.07", "size": "6.65"}, {"price": "0.08", "size": "162.5"}, {"price": "0.09", "size": "61.11"}, {"price": "0.11", "size": "101"}, {"price": "0.12", "size": "7.4"}, {"price": "0.21", "size": "10"}], "asks": [{"price": "0.99", "size": "527.55"}, {"price": "0.98", "size": "855.96"}, {"price": "0.97", "size": "14.05"}, {"price": "0.96", "size": "37"}, {"price": "0.95", "size": "18"}, {"price": "0.94", "size": "54.47"}], "event_type": "book", "last_trade_price": ""}, {"market": "0xb6b36739bde071b7168a41585a6dffbcdc0fe2ec5a47cf8062f4af6095ad13a0", "asset_id": "47250827273157920769288095689636117014005004448360750057999842421730341371481", "timestamp": "1769383349799", "hash": "b1db7f523c46050d64c236e431788dfae2dc4868", "bids": [{"price": "0.01", "size": "527.55"}, {"price": "0.02", "size": "855.96"}, {"price": "0.03", "size": "14.05"}, {"price": "0.04", "size": "37"}, {"price": "0.06", "size": "196"}, {"price": "0.07", "size": "19.67"}], "asks": [{"price": "0.99", "size": "124.3"}, {"price": "0.98", "size": "156.89"}, {"price": "0.97", "size": "16.81"}, {"price": "0.96", "size": "300"}, {"price": "0.95", "size": "355"}, {"price": "0.94", "size": "108"}, {"price": "0.93", "size": "7.65"}, {"price": "0.92", "size": "162.5"}, {"price": "0.91", "size": "61.11"}, {"price": "0.89", "size": "106"}, {"price": "0.88", "size": "5.65"}, {"price": "0.79", "size": "10"}], "event_type": "book", "last_trade_price": ""}, {"market": "0xb6b36739bde071b7168a41585a6dffbcdc0fe2ec5a47cf8062f4af6095ad13a0", "asset_id": "3648876750004468366498132485478706334191795488475304790937254119373427880814", "timestamp": "1769383349799", "hash": "e2cc18df0525400fefb5c1752e008da73fb16696", "bids": [{"price": "0.01", "size": "124.3"}, {"price": "0.02", "size": "156.89"}, {"price": "0.03", "size": "16.81"}, {"price": "0.04", "size": "300"}, {"price": "0.05", "size": "355"}, {"price": "0.06", "size": "108"}, {"price": "0.07", "size": "7.65"}, {"price": "0.08", "size": "162.5"}, {"price": "0.09", "size": "61.11"}, {"price": "0.11", "size": "106"}, {"price": "0.12", "size": "5.65"}, {"price": "0.21", "size": "10"}], "asks": [{"price": "0.99", "size": "527.55"}, {"price": "0.98", "size": "855.96"}, {"price": "0.97", "size": "14.05"}, {"price": "0.96", "size": "37"}, {"price": "0.94", "size": "196"}, {"price": "0.93", "size": "19.67"}], "event_type": "book", "last_trade_price": ""}, {"market": "0x5e70cac99a50fa9b296adc260f928a9865d333a731a883c6d2c74dfa7f9e9d62", "asset_id": "104975174597790055351892917504183078557766477112282854479633302723635479993514", "timestamp": "1769384094881", "hash": "9f40452dc2b58df9380da2b0681bfb39a4274f6c", "bids": [{"price": "0.01", "size": "527.55"}, {"price": "0.02", "size": "855.96"}, {"price": "0.03", "size": "14.05"}, {"price": "0.04", "size": "37"}, {"price": "0.05", "size": "18"}, {"price": "0.06", "size": "54.47"}], "asks": [{"price": "0.99", "size": "124.28"}, {"price": "0.98", "size": "156.89"}, {"price": "0.97", "size": "12.18"}, {"price": "0.96", "size": "300"}, {"price": "0.95", "size": "355"}, {"price": "0.94", "size": "108"}, {"price": "0.93", "size": "6.65"}, {"price": "0.92", "size": "162.5"}, {"price": "0.91", "size": "61.11"}, {"price": "0.89", "size": "101"}, {"price": "0.88", "size": "7.4"}, {"price": "0.79", "size": "10"}], "event_type": "book", "last_trade_price": ""}, {"market": "0x0a53fd44e8859cb128ff9bf6a57fb0b7325c6f201a03046092e924fa21fbddf0", "asset_id": "84753310862518295458752866513289594053269302699362136587539914076607417686420", "timestamp": "1769382483674", "hash": "de7c52001c5ed5d3e36f5b57bc405b567c3e2ee3", "bids": [{"price": "0.01", "size": "827.55"}, {"price": "0.02", "size": "561.64"}, {"price": "0.03", "size": "49"}, {"price": "0.04", "size": "24"}, {"price": "0.05", "size": "5.47"}], "asks": [{"price": "0.99", "size": "123.8"}, {"price": "0.98", "size": "156.65"}, {"price": "0.97", "size": "16.23"}, {"price": "0.96", "size": "300"}, {"price": "0.95", "size": "355"}, {"price": "0.94", "size": "108"}, {"price": "0.93", "size": "7.38"}, {"price": "0.92", "size": "162.5"}, {"price": "0.89", "size": "161"}, {"price": "0.88", "size": "91.66"}, {"price": "0.87", "size": "5.58"}, {"price": "0.78", "size": "10"}], "event_type": "book", "last_trade_price": ""}, {"market": "0x0a53fd44e8859cb128ff9bf6a57fb0b7325c6f201a03046092e924fa21fbddf0", "asset_id": "29907891277188304424440289573553491559537253874643593066008950399409289010891", "timestamp": "1769382483674", "hash": "99509a7ad9f047bf61e9c3f2bf7fe87205594c95", "bids": [{"price": "0.01", "size": "123.8"}, {"price": "0.02", "size": "156.65"}, {"price": "0.03", "size": "16.23"}, {"price": "0.04", "size": "300"}, {"price": "0.05", "size": "355"}, {"price": "0.06", "size": "108"}, {"price": "0.07", "size": "7.38"}, {"price": "0.08", "size": "162.5"}, {"price": "0.11", "size": "161"}, {"price": "0.12", "size": "91.66"}, {"price": "0.13", "size": "5.58"}, {"price": "0.22", "size": "10"}], "asks": [{"price": "0.99", "size": "827.55"}, {"price": "0.98", "size": "561.64"}, {"price": "0.97", "size": "49"}, {"price": "0.96", "size": "24"}, {"price": "0.95", "size": "5.47"}], "event_type": "book", "last_trade_price": ""}]}
{"_local_timestamp": "2026-01-25T23:41:22.697978+00:00", "data": {"market": "0x0a53fd44e8859cb128ff9bf6a57fb0b7325c6f201a03046092e924fa21fbddf0", "price_changes": [{"asset_id": "29907891277188304424440289573553491559537253874643593066008950399409289010891", "price": "0.04", "size": "0", "side": "BUY", "hash": "51bc83a9196d7f941f5539b7bbb7d2c1c05fee97", "best_bid": "0.22", "best_ask": "0.95"}, {"asset_id": "84753310862518295458752866513289594053269302699362136587539914076607417686420", "price": "0.96", "size": "0", "side": "SELL", "hash": "3052e3e4a7824be7a25c01373862dd21aa8e8e31", "best_bid": "0.05", "best_ask": "0.78"}], "timestamp": "1769384482615", "event_type": "price_change"}}
{"_local_timestamp": "2026-01-25T23:41:22.698893+00:00", "data": {"market": "0x0a53fd44e8859cb128ff9bf6a57fb0b7325c6f201a03046092e924fa21fbddf0", "price_changes": [{"asset_id": "29907891277188304424440289573553491559537253874643593066008950399409289010891", "price": "0.05", "size": "30", "side": "BUY", "hash": "51bc83a9196d7f941f5539b7bbb7d2c1c05fee97", "best_bid": "0.22", "best_ask": "0.95"}, {"asset_id": "84753310862518295458752866513289594053269302699362136587539914076607417686420", "price": "0.95", "size": "30", "side": "SELL", "hash": "3052e3e4a7824be7a25c01373862dd21aa8e8e31", "best_bid": "0.05", "best_ask": "0.78"}], "timestamp": "1769384482615", "event_type": "price_change"}}
{"_local_timestamp": "2026-01-25T23:41:22.699212+00:00", "data": {"market": "0x0a53fd44e8859cb128ff9bf6a57fb0b7325c6f201a03046092e924fa21fbddf0", "price_changes": [{"asset_id": "29907891277188304424440289573553491559537253874643593066008950399409289010891", "price": "0.06", "size": "33", "side": "BUY", "hash": "51bc83a9196d7f941f5539b7bbb7d2c1c05fee97", "best_bid": "0.22", "best_ask": "0.95"}, {"asset_id": "84753310862518295458752866513289594053269302699362136587539914076607417686420", "price": "0.94", "size": "33", "side": "SELL", "hash": "3052e3e4a7824be7a25c01373862dd21aa8e8e31", "best_bid": "0.05", "best_ask": "0.78"}], "timestamp": "1769384482615", "event_type": "price_change"}}
{"_local_timestamp": "2026-01-25T23:41:22.699484+00:00", "data": {"market": "0x0a53fd44e8859cb128ff9bf6a57fb0b7325c6f201a03046092e924fa21fbddf0", "price_changes": [{"asset_id": "84753310862518295458752866513289594053269302699362136587539914076607417686420", "price": "0.02", "size": "161.64", "side": "BUY", "hash": "324e28bdd55f644d427fc4a430a278f9ec6e3644", "best_bid": "0.05", "best_ask": "0.78"}, {"asset_id": "29907891277188304424440289573553491559537253874643593066008950399409289010891", "price": "0.98", "size": "161.64", "side": "SELL", "hash": "0b67c25e3457cc4d0aa868cb699dc8aebad013ff", "best_bid": "0.22", "best_ask": "0.95"}], "timestamp": "1769384482615", "event_type": "price_change"}}
{"_local_timestamp": "2026-01-25T23:41:22.699770+00:00", "data": {"market": "0x0a53fd44e8859cb128ff9bf6a57fb0b7325c6f201a03046092e924fa21fbddf0", "price_changes": [{"asset_id": "84753310862518295458752866513289594053269302699362136587539914076607417686420", "price": "0.01", "size": "527.55", "side": "BUY", "hash": "324e28bdd55f644d427fc4a430a278f9ec6e3644", "best_bid": "0.05", "best_ask": "0.78"}, {"asset_id": "29907891277188304424440289573553491559537253874643593066008950399409289010891", "price": "0.99", "size": "527.55", "side": "SELL", "hash": "0b67c25e3457cc4d0aa868cb699dc8aebad013ff", "best_bid": "0.22", "best_ask": "0.95"}], "timestamp": "1769384482615", "event_type": "price_change"}}
{"_local_timestamp": "2026-01-25T23:41:25.675010+00:00", "data": {"market": "0x0a53fd44e8859cb128ff9bf6a57fb0b7325c6f201a03046092e924fa21fbddf0", "price_changes": [{"asset_id": "29907891277188304424440289573553491559537253874643593066008950399409289010891", "price": "0.05", "size": "330", "side": "BUY", "hash": "a1df9ae5357e54e3f1a59bab1744827f40dcde68", "best_bid": "0.22", "best_ask": "0.95"}, {"asset_id": "84753310862518295458752866513289594053269302699362136587539914076607417686420", "price": "0.95", "size": "330", "side": "SELL", "hash": "f7b5e7f38040fd43d69c7af1872706c05155a8c2", "best_bid": "0.05", "best_ask": "0.78"}], "timestamp": "1769384485604", "event_type": "price_change"}}
{"_local_timestamp": "2026-01-25T23:41:25.686420+00:00", "data": {"market": "0x0a53fd44e8859cb128ff9bf6a57fb0b7325c6f201a03046092e924fa21fbddf0", "price_changes": [{"asset_id": "29907891277188304424440289573553491559537253874643593066008950399409289010891", "price": "0.07", "size": "82.38", "side": "BUY", "hash": "3af95527a2bb5a246af50ab10151162a04d17bba", "best_bid": "0.22", "best_ask": "0.95"}, {"asset_id": "84753310862518295458752866513289594053269302699362136587539914076607417686420", "price": "0.93", "size": "82.38", "side": "SELL", "hash": "d2f6d9a5308a950aedf37325e2cb1eadf4b28561", "best_bid": "0.05", "best_ask": "0.78"}], "timestamp": "1769384485606", "event_type": "price_change"}}
{"_local_timestamp": "2026-01-25T23:41:25.686915+00:00", "data": {"market": "0x0a53fd44e8859cb128ff9bf6a57fb0b7325c6f201a03046092e924fa21fbddf0", "price_changes": [{"asset_id": "84753310862518295458752866513289594053269302699362136587539914076607417686420", "price": "0.01", "size": "652.55", "side": "BUY", "hash": "6f477dfade234615679dc7f4eeabf4fa21c0271c", "best_bid": "0.05", "best_ask": "0.78"}, {"asset_id": "29907891277188304424440289573553491559537253874643593066008950399409289010891", "price": "0.99", "size": "652.55", "side": "SELL", "hash": "cf94d91f4fbecfbfbda37a1a950fa13ca3959519", "best_bid": "0.22", "best_ask": "0.95"}], "timestamp": "1769384485607", "event_type": "price_change"}}
{"_local_timestamp": "2026-01-25T23:41:25.687377+00:00", "data": {"market": "0x0a53fd44e8859cb128ff9bf6a57fb0b7325c6f201a03046092e924fa21fbddf0", "price_changes": [{"asset_id": "84753310862518295458752866513289594053269302699362136587539914076607417686420", "price": "0.02", "size": "236.64", "side": "BUY", "hash": "32e7d60a2ea85548bcdcb72ee3f02b6aa91f6731", "best_bid": "0.05", "best_ask": "0.78"}, {"asset_id": "29907891277188304424440289573553491559537253874643593066008950399409289010891", "price": "0.98", "size": "236.64", "side": "SELL", "hash": "33b8101a9ac6ea180d206cc3b3fc46dcc30f53f2", "best_bid": "0.22", "best_ask": "0.95"}], "timestamp": "1769384485609", "event_type": "price_change"}}
{"_local_timestamp": "2026-01-25T23:41:25.687722+00:00", "data": {"market": "0x0a53fd44e8859cb128ff9bf6a57fb0b7325c6f201a03046092e924fa21fbddf0", "price_changes": [{"asset_id": "29907891277188304424440289573553491559537253874643593066008950399409289010891", "price": "0.06", "size": "158", "side": "BUY", "hash": "156790fc0052c32331afebe767ae7d5d03ca87e4", "best_bid": "0.22", "best_ask": "0.95"}, {"asset_id": "84753310862518295458752866513289594053269302699362136587539914076607417686420", "price": "0.94", "size": "158", "side": "SELL", "hash": "a5d0fa4fd7c20e2ec8260aed083d6735e02cb902", "best_bid": "0.05", "best_ask": "0.78"}], "timestamp": "1769384485610", "event_type": "price_change"}}
{"_local_timestamp": "2026-01-25T23:41:25.688079+00:00", "data": {"market": "0x0a53fd44e8859cb128ff9bf6a57fb0b7325c6f201a03046092e924fa21fbddf0", "price_changes": [{"asset_id": "29907891277188304424440289573553491559537253874643593066008950399409289010891", "price": "0.06", "size": "358", "side": "BUY", "hash": "1a57bbaad6a69d7db081d4c86a2c4c0f605c558f", "best_bid": "0.22", "best_ask": "0.95"}, {"asset_id": "84753310862518295458752866513289594053269302699362136587539914076607417686420", "price": "0.94", "size": "358", "side": "SELL", "hash": "6072c80961b39f449505abbe5d2a17a30da20e10", "best_bid": "0.05", "best_ask": "0.78"}], "timestamp": "1769384485612", "event_type": "price_change"}}
{"_local_timestamp": "2026-01-25T23:41:25.688454+00:00", "data": {"market": "0x0a53fd44e8859cb128ff9bf6a57fb0b7325c6f201a03046092e924fa21fbddf0", "price_changes": [{"asset_id": "84753310862518295458752866513289594053269302699362136587539914076607417686420", "price": "0.01", "size": "952.55", "side": "BUY", "hash": "7dcf30fee461e11e7fb875a8e77f3fde31fd64de", "best_bid": "0.05", "best_ask": "0.78"}, {"asset_id": "29907891277188304424440289573553491559537253874643593066008950399409289010891", "price": "0.99", "size": "952.55", "side": "SELL", "hash": "c8ec3c9fb0f2ca73b86ff35e9ac0224def0bc357", "best_bid": "0.22", "best_ask": "0.95"}], "timestamp": "1769384485613", "event_type": "price_change"}}
{"_local_timestamp": "2026-01-25T23:41:25.689691+00:00", "data": {"market": "0x0a53fd44e8859cb128ff9bf6a57fb0b7325c6f201a03046092e924fa21fbddf0", "price_changes": [{"asset_id": "84753310862518295458752866513289594053269302699362136587539914076607417686420", "price": "0.01", "size": "1152.55", "side": "BUY", "hash": "b3a5e22c0c9a1bfc77271f653481040a61a3fdfa", "best_bid": "0.05", "best_ask": "0.78"}, {"asset_id": "29907891277188304424440289573553491559537253874643593066008950399409289010891", "price": "0.99", "size": "1152.55", "side": "SELL", "hash": "76bdac8054a3a2b25f4a3b3741407395df0e16a8", "best_bid": "0.22", "best_ask": "0.95"}], "timestamp": "1769384485615", "event_type": "price_change"}}
{"_local_timestamp": "2026-01-25T23:41:25.867394+00:00", "data": {"market": "0xb6b36739bde071b7168a41585a6dffbcdc0fe2ec5a47cf8062f4af6095ad13a0", "price_changes": [{"asset_id": "3648876750004468366498132485478706334191795488475304790937254119373427880814", "price": "0.06", "size": "33", "side": "BUY", "hash": "51fa637b8a6809555eac1a181513843f6a76642f", "best_bid": "0.21", "best_ask": "0.93"}, {"asset_id": "47250827273157920769288095689636117014005004448360750057999842421730341371481", "price": "0.94", "size": "33", "side": "SELL", "hash": "71d02501737e22aab6873e87c7df7ff087132f1b", "best_bid": "0.07", "best_ask": "0.79"}], "timestamp": "1769384485793", "event_type": "price_change"}}
{"_local_timestamp": "2026-01-25T23:41:25.868482+00:00", "data": {"market": "0xb6b36739bde071b7168a41585a6dffbcdc0fe2ec5a47cf8062f4af6095ad13a0", "price_changes": [{"asset_id": "3648876750004468366498132485478706334191795488475304790937254119373427880814", "price": "0.05", "size": "30", "side": "BUY", "hash": "51fa637b8a6809555eac1a181513843f6a76642f", "best_bid": "0.21", "best_ask": "0.93"}, {"asset_id": "47250827273157920769288095689636117014005004448360750057999842421730341371481", "price": "0.95", "size": "30", "side": "SELL", "hash": "71d02501737e22aab6873e87c7df7ff087132f1b", "best_bid": "0.07", "best_ask": "0.79"}], "timestamp": "1769384485793", "event_type": "price_change"}}
{"_local_timestamp": "2026-01-25T23:41:25.871638+00:00", "data": {"market": "0xb6b36739bde071b7168a41585a6dffbcdc0fe2ec5a47cf8062f4af6095ad13a0", "price_changes": [{"asset_id": "3648876750004468366498132485478706334191795488475304790937254119373427880814", "price": "0.04", "size": "0", "side": "BUY", "hash": "51fa637b8a6809555eac1a181513843f6a76642f", "best_bid": "0.21", "best_ask": "0.93"}, {"asset_id": "47250827273157920769288095689636117014005004448360750057999842421730341371481", "price": "0.96", "size": "0", "side": "SELL", "hash": "71d02501737e22aab6873e87c7df7ff087132f1b", "best_bid": "0.07", "best_ask": "0.79"}], "timestamp": "1769384485793", "event_type": "price_change"}}
{"_local_timestamp": "2026-01-25T23:41:25.874141+00:00", "data": {"market": "0xb6b36739bde071b7168a41585a6dffbcdc0fe2ec5a47cf8062f4af6095ad13a0", "price_changes": [{"asset_id": "47250827273157920769288095689636117014005004448360750057999842421730341371481", "price": "0.02", "size": "155.96", "side": "BUY", "hash": "a6a195a8197cdffbb59708bc9936df781305ead7", "best_bid": "0.07", "best_ask": "0.79"}, {"asset_id": "3648876750004468366498132485478706334191795488475304790937254119373427880814", "price": "0.98", "size": "155.96", "side": "SELL", "hash": "4ffbee1b96b1cb5c6183acbe06cccfa75fb6ff14", "best_bid": "0.21", "best_ask": "0.93"}], "timestamp": "1769384485794", "event_type": "price_change"}}
