{"_local_timestamp": "2026-01-25T23:34:02.050741+00:00", "data": [{"market": "0x7c01740fc58f0fac5c608b87c38585266cf4f8562c76998f8bfaa58ca480aa55", "asset_id": "102038934954657916831924723154417012939495391371082012043989236240292513152449", "timestamp": "1769382484882", "hash": "e72b40c720f9efc67337d89590f8d251d0693f6f", "bids": [{"price": "0.01", "size": "668.81"}, {"price": "0.02", "size": "183.94"}, {"price": "0.03", "size": "131.07"}, {"price": "0.05", "size": "60.01"}], "asks": [{"price": "0.99", "size": "664.79"}, {"price": "0.98", "size": "163.72"}, {"price": "0.97", "size": "75"}, {"price": "0.96", "size": "6.21"}, {"price": "0.95", "size": "30"}, {"price": "0.94", "size": "43.95"}], "event_type": "book", "last_trade_price": ""}, {"market": "0x841ed50510d1e9fdc0f176a6ee9ab99bbb892cd4fdb72778a04bda2beedb9aa1", "asset_id": "6356355559983035844996852742775018861314505649823532905064400998470323799651", "timestamp": "1769382720225", "hash": "2466cd8c30db495f70a23e8a8871d4e2c16115d5", "bids": [{"price": "0.01", "size": "572.04"}, {"price": "0.02", "size": "160.48"}, {"price": "0.03", "size": "225.15"}, {"price": "0.04", "size": "14.31"}], "asks": [{"price": "0.99", "size": "572.79"}, {"price": "0.98", "size": "160.48"}, {"price": "0.97", "size": "198.65"}, {"price": "0.95", "size": "12.73"}], "event_type": "book", "last_trade_price": ""}, {"market": "0x300a6c70ee9b1a46da035374ea362c3f1d7968e967e5720075fcf22f559294cb", "asset_id": "10676397289017592782288455197485761931776583555484881629268593457606105288436", "timestamp": "1769383140453", "hash": "0e66b8e2c08392c4c0b6504cd7985842d1ac8baf", "bids": [{"price": "0.01", "size": "569.87"}, {"price": "0.02", "size": "156.69"}, {"price": "0.03", "size": "203.68"}, {"price": "0.05", "size": "11.81"}], "asks": [{"price": "0.99", "size": "550"}, {"price": "0.98", "size": "375"}], "event_type": "book", "last_trade_price": ""}, {"market": "0xdf213f8a83a9ac78470daf50a6051bb742253ec0694b1944ad7ebb5512282318", "asset_id": "74263849970631525100867279768843764688831365116863652382292678841310909286279", "timestamp": "1769382484887", "hash": "16b37d873292b0cf3b0be556e6a1b8a5e10836d2", "bids": [{"price": "0.01", "size": "569.87"}, {"price": "0.02", "size": "156.69"}, {"price": "0.03", "size": "203.68"}, {"price": "0.05", "size": "11.81"}], "asks": [{"price": "0.99", "size": "550"}, {"price": "0.98", "size": "375"}], "event_type": "book", "last_trade_price": ""}, {"market": "0x7c01740fc58f0fac5c608b87c38585266cf4f8562c76998f8bfaa58ca480aa55", "asset_id": "111710289731910453774330610417354353769688347440396910672730386067103499765303", "timestamp": "1769382484882", "hash": "39f66cbeb40c733da19a875ea523894879d92d14", "bids": [{"price": "0.01", "size": "664.79"}, {"price": "0.02", "size": "163.72"}, {"price": "0.03", "size": "75"}, {"price": "0.04", "size": "6.21"}, {"price": "0.05", "size": "30"}, {"price": "0.06", "size": "43.95"}], "asks": [{"price": "0.99", "size": "668.81"}, {"price": "0.98", "size": "183.94"}, {"price": "0.97", "size": "131.07"}, {"price": "0.95", "size": "60.01"}], "event_type": "book", "last_trade_price": ""}, {"market": "0x300a6c70ee9b1a46da035374ea362c3f1d7968e967e5720075fcf22f559294cb", "asset_id": "15690035867629112048899218125475848772980984673126366251268977535402557625871", "timestamp": "1769383140453", "hash": "361d84e6ccb53c61e645ed43b763bef69f27af11", "bids": [{"price": "0.01", "size": "550"}, {"price": "0.02", "size": "375"}], "asks": [{"price": "0.99", "size": "569.87"}, {"price": "0.98", "size": "156.69"}, {"price": "0.97", "size": "203.68"}, {"price": "0.95", "size": "11.81"}], "event_type": "book", "last_trade_price": ""}, {"market": "0x367d9c18a46137b66bdbba68ae51de844ab459baab7b661e059530c9b22e3373", "asset_id": "107020494954224015787481455524864261549826791936441919092043992705486739175761", "timestamp": "1769383092313", "hash": "e48813cfb1e9e5aa01cc5f94055bbacb3dfd40a8", "bids": [{"price": "0.01", "size": "572.79"}, {"price": "0.02", "size": "160.48"}, {"price": "0.03", "size": "198.65"}, {"price": "0.05", "size": "12.73"}], "asks": [{"price": "0.99", "size": "550"}, {"price": "0.98", "size": "375"}], "event_type": "book", "last_trade_price": ""}, {"market": "0x841ed50510d1e9fdc0f176a6ee9ab99bbb892cd4fdb72778a04bda2beedb9aa1", "asset_id": "77524836165124690397702733669894085336562222148597354095740638994135639010825", "timestamp": "1769382720225", "hash": "e7ac5c9076108441329ac6c1ddff7cf7236ea823", "bids": [{"price": "0.01", "size": "572.79"}, {"price": "0.02", "size": "160.48"}, {"price": "0.03", "size": "198.65"}, {"price": "0.05", "size": "12.73"}], "asks": [{"price": "0.99", "size": "572.04"}, {"price": "0.98", "size": "160.48"}, {"price": "0.97", "size": "225.15"}, {"price": "0.96", "size": "14.31"}], "event_type": "book", "last_trade_price": ""}, {"market": "0xdf213f8a83a9ac78470daf50a6051bb742253ec0694b1944ad7ebb5512282318", "asset_id": "82130946353479963627590979110937227075316879380235457464157162017117694264085", "timestamp": "1769382484887", "hash": "843c46d688db829af553ec9badaf32aa94ed2e47", "bids": [{"price": "0.01", "size": "550"}, {"price": "0.02", "size": "375"}], "asks": [{"price": "0.99", "size": "569.87"}, {"price": "0.98", "size": "156.69"}, {"price": "0.97", "size": "203.68"}, {"price": "0.95", "size": "11.81"}], "event_type": "book", "last_trade_price": ""}, {"market": "0x367d9c18a46137b66bdbba68ae51de844ab459baab7b661e059530c9b22e3373", "asset_id": "56506748812105524513861040803614349860084866513185901537428475069257722199836", "timestamp": "1769383092313", "hash": "76d2617eaaacf3ac626a1bfb9c3f9924e1b12ea0", "bids": [{"price": "0.01", "size": "550"}, {"price": "0.02", "size": "375"}], "asks": [{"price": "0.99", "size": "572.79"}, {"price": "0.98", "size": "160.48"}, {"price": "0.97", "size": "198.65"}, {"price": "0.95", "size": "12.73"}], "event_type": "book", "last_trade_price": ""}]}
