{"_local_timestamp": "2026-01-25T23:41:15.826744+00:00", "data": [{"market": "0x60f58ea3cbe8916e00adf65e258c569946d7b91eb6ba89bcc03deb5da1b78a16", "asset_id": "49000516055968404121604027583183876048801656169058071434445516375861144480595", "timestamp": "1769383110704", "hash": "b5cad71a138f81850ecce58dced0def6852b6a0e", "bids": [{"price": "0.01", "size": "550"}, {"price": "0.02", "size": "240"}], "asks": [{"price": "0.99", "size": "569.87"}, {"price": "0.98", "size": "156.69"}, {"price": "0.97", "size": "159.68"}, {"price": "0.95", "size": "11.81"}], "event_type": "book", "last_trade_price": ""}, {"market": "0x515dfc636a6226d6ae07756bf30b02c9c2e9a83563124bf0e115ae2b0fedfd74", "asset_id": "55475116118791380885782871154022904195141257023370331271389266228445328708443", "timestamp": "1769382483699", "hash": "72f248894dcdc8e9ad50bd3e997a53a550f3d3c6", "bids": [{"price": "0.01", "size": "569.87"}, {"price": "0.02", "size": "156.69"}, {"price": "0.03", "size": "159.68"}, {"price": "0.05", "size": "11.81"}], "asks": [{"price": "0.99", "size": "550"}, {"price": "0.98", "size": "240"}], "event_type": "book", "last_trade_price": ""}, {"market": "0x07aa6ab0cb29c8e1b2d6127666b389e8b8b4751164a00308def24f87e3b2727e", "asset_id": "107926047094439952432810870529878519963929875304677805861229701864903583370874", "timestamp": "1769382483680", "hash": "85fbbb01c16cc87f647632e13bd4d9e755a215cd", "bids": [{"price": "0.01", "size": "714.79"}, {"price": "0.02", "size": "157.03"}, {"price": "0.03", "size": "12.74"}, {"price": "0.05", "size": "100"}, {"price": "0.06", "size": "421.81"}, {"price": "0.07", "size": "14.2"}], "asks": [{"price": "0.99", "size": "512.39"}, {"price": "0.98", "size": "430.89"}, {"price": "0.97", "size": "10.67"}, {"price": "0.95", "size": "100"}, {"price": "0.94", "size": "40.29"}, {"price": "0.93", "size": "5.47"}, {"price": "0.92", "size": "5"}, {"price": "0.91", "size": "222.22"}], "event_type": "book", "last_trade_price": ""}, {"market": "0x85ef840615d197dd29b99ee14e2984966ca0a8f9590abc3f35f3391adebc860c", "asset_id": "54721433654892113380360377852497868226589071552759581108263099538990740262418", "timestamp": "1769382783902", "hash": "882c19f3fa51b4c5bdb71f36334dd483ea4cdb1a", "bids": [{"price": "0.01", "size": "550"}, {"price": "0.02", "size": "240"}], "asks": [{"price": "0.99", "size": "569.87"}, {"price": "0.98", "size": "156.69"}, {"price": "0.97", "size": "159.68"}, {"price": "0.95", "size": "11.81"}], "event_type": "book", "last_trade_price": ""}, {"market": "0x515dfc636a6226d6ae07756bf30b02c9c2e9a83563124bf0e115ae2b0fedfd74", "asset_id": "7078384368367237764490593349544797291940709509217959888680482007267612563275", "timestamp": "1769382483699", "hash": "569b92342ad3a264f1cb53555027013f23566295", "bids": [{"price": "0.01", "size": "550"}, {"price": "0.02", "size": "240"}], "asks": [{"price": "0.99", "size": "569.87"}, {"price": "0.98", "size": "156.69"}, {"price": "0.97", "size": "159.68"}, {"price": "0.95", "size": "11.81"}], "event_type": "book", "last_trade_price": ""}, {"market": "0x07aa6ab0cb29c8e1b2d6127666b389e8b8b4751164a00308def24f87e3b2727e", "asset_id": "17547348914353450711714438578394410066818268682613547759781054383504462652817", "timestamp": "1769382483680", "hash": "34ea2a19aa5b25b9860b90c1c7ed2dc005bde402", "bids": [{"price": "0.01", "size": "512.39"}, {"price": "0.02", "size": "430.89"}, {"price": "0.03", "size": "10.67"}, {"price": "0.05", "size": "100"}, {"price": "0.06", "size": "40.29"}, {"price": "0.07", "size": "5.47"}, {"price": "0.08", "size": "5"}, {"price": "0.09", "size": "222.22"}], "asks": [{"price": "0.99", "size": "714.79"}, {"price": "0.98", "size": "157.03"}, {"price": "0.97", "size": "12.74"}, {"price": "0.95", "size": "100"}, {"price": "0.94", "size": "421.81"}, {"price": "0.93", "size": "14.2"}], "event_type": "book", "last_trade_price": ""}, {"market": "0xb1764181acffd9dbe3775226798b4e5c66830f8da2d826bab7bb511ef8f05669", "asset_id": "26286062146384730033877240468216906912286719433563754138879363920926932704360", "timestamp": "1769383098396", "hash": "3027314cdb252ec7fe2aab09f265643f7c1f6312", "bids": [{"price": "0.01", "size": "564.79"}, {"price": "0.02", "size": "157.03"}, {"price": "0.03", "size": "10.37"}, {"price": "0.04", "size": "10"}, {"price": "0.05", "size": "8"}, {"price": "0.06", "size": "333.33"}], "asks": [{"price": "0.99", "size": "362.39"}, {"price": "0.98", "size": "430.61"}, {"price": "0.97", "size": "7.35"}, {"price": "0.94", "size": "12.6"}, {"price": "0.92", "size": "19"}, {"price": "0.91", "size": "222.22"}], "event_type": "book", "last_trade_price": ""}, {"market": "0xb1764181acffd9dbe3775226798b4e5c66830f8da2d826bab7bb511ef8f05669", "asset_id": "113420488119948571717203397330492409088844715563453211301995038015201833245264", "timestamp": "1769383098396", "hash": "d87a96254cea626884b08c0329f1360bfa04986d", "bids": [{"price": "0.01", "size": "362.39"}, {"price": "0.02", "size": "430.61"}, {"price": "0.03", "size": "7.35"}, {"price": "0.06", "size": "12.6"}, {"price": "0.08", "size": "19"}, {"price": "0.09", "size": "222.22"}], "asks": [{"price": "0.99", "size": "564.79"}, {"price": "0.98", "size": "157.03"}, {"price": "0.97", "size": "10.37"}, {"price": "0.96", "size": "10"}, {"price": "0.95", "size": "8"}, {"price": "0.94", "size": "333.33"}], "event_type": "book", "last_trade_price": ""}, {"market": "0x60f58ea3cbe8916e00adf65e258c569946d7b91eb6ba89bcc03deb5da1b78a16", "asset_id": "20437563246282135733306699155482663912751746369134371602543322958525690631098", "timestamp": "1769383110704", "hash": "ba92956a647d608c2f994a71ea6df026ec5c88cd", "bids": [{"price": "0.01", "size": "569.87"}, {"price": "0.02", "size": "156.69"}, {"price": "0.03", "size": "159.68"}, {"price": "0.05", "size": "11.81"}], "asks": [{"price": "0.99", "size": "550"}, {"price": "0.98", "size": "240"}], "event_type": "book", "last_trade_price": ""}, {"market": "0x85ef840615d197dd29b99ee14e2984966ca0a8f9590abc3f35f3391adebc860c", "asset_id": "97955179592048328500104728424256711295275555410640276154508255630380392944333", "timestamp": "1769382783902", "hash": "bb4bd04f09ba822beff80318b7957e9adb824ab7", "bids": [{"price": "0.01", "size": "569.87"}, {"price": "0.02", "size": "156.69"}, {"price": "0.03", "size": "159.68"}, {"price": "0.05", "size": "11.81"}], "asks": [{"price": "0.99", "size": "550"}, {"price": "0.98", "size": "240"}], "event_type": "book", "last_trade_price": ""}]}
