{"_local_timestamp": "2026-01-25T23:41:13.193289+00:00", "data": [{"market": "0xd0f2fc7af297c2351042beed2ab8bd0c304790da3429318b43c3861868d5426e", "asset_id": "90827877516172623147566211559548182020763011479038088626035156152283207486446", "timestamp": "1769384271194", "hash": "24b15f69f5bf690073ec87db99f8347c8e206c0f", "bids": [{"price": "0.01", "size": "550"}, {"price": "0.02", "size": "392"}], "asks": [{"price": "0.99", "size": "569.87"}, {"price": "0.98", "size": "156.69"}, {"price": "0.97", "size": "192.98"}, {"price": "0.96", "size": "17.66"}], "event_type": "book", "last_trade_price": ""}, {"market": "0x45d2b642cbbe4fa42294c52b9d12d090751f856bc3552f594404f7473387440c", "asset_id": "94583826032076861722474037415296632675720183088126869770778131021442537095950", "timestamp": "1769383218842", "hash": "29e49c82142a3cd4fec04b6568ab86fad47e67c4", "bids": [{"price": "0.01", "size": "564.79"}, {"price": "0.02", "size": "159.39"}, {"price": "0.03", "size": "198.62"}, {"price": "0.05", "size": "11.78"}], "asks": [{"price": "0.99", "size": "550"}, {"price": "0.98", "size": "392"}], "event_type": "book", "last_trade_price": ""}, {"market": "0xe88031b6ee79e535d7041a7ed99888747f1b2c61313a2392dffc192daedd361d", "asset_id": "90417495133376728144939065833652095488500186980186670047804964484931612464174", "timestamp": "1769382588174", "hash": "0ef0f4a5c74cdb69338b36513f2b93199a8bc5d3", "bids": [{"price": "0.01", "size": "266.61"}, {"price": "0.02", "size": "150"}, {"price": "0.03", "size": "9.54"}, {"price": "0.04", "size": "50"}, {"price": "0.05", "size": "40"}, {"price": "0.06", "size": "33"}, {"price": "0.07", "size": "7.81"}, {"price": "0.08", "size": "162.5"}, {"price": "0.09", "size": "61.11"}, {"price": "0.1", "size": "65"}, {"price": "0.15", "size": "133.33"}, {"price": "0.16", "size": "6.25"}], "asks": [{"price": "0.99", "size": "266.61"}, {"price": "0.98", "size": "150"}, {"price": "0.97", "size": "11.65"}, {"price": "0.95", "size": "40"}, {"price": "0.94", "size": "66"}, {"price": "0.93", "size": "12.39"}, {"price": "0.92", "size": "162.5"}, {"price": "0.91", "size": "61.11"}, {"price": "0.89", "size": "60"}, {"price": "0.84", "size": "125"}], "event_type": "book", "last_trade_price": ""}, {"market": "0xb3c5c83cabb82c2e49a7783aeee58f441718ec4da291d744583355c9e0691b93", "asset_id": "52020576211987844115646707939310315143443213590918135717800522059790689328306", "timestamp": "1769384273602", "hash": "78b34e959f97d2ffd92e5167347c8c6836a8add7", "bids": [{"price": "0.01", "size": "569.87"}, {"price": "0.02", "size": "156.69"}, {"price": "0.03", "size": "192.98"}, {"price": "0.04", "size": "17.66"}], "asks": [{"price": "0.99", "size": "550"}, {"price": "0.98", "size": "392"}], "event_type": "book", "last_trade_price": ""}, {"market": "0xd0f2fc7af297c2351042beed2ab8bd0c304790da3429318b43c3861868d5426e", "asset_id": "9014208952450469080873848008444630749510869695114893813135993291047834560956", "timestamp": "1769384271194", "hash": "651dab87494dcde20b83da6e9f2cc0bd9ba1063d", "bids": [{"price": "0.01", "size": "569.87"}, {"price": "0.02", "size": "156.69"}, {"price": "0.03", "size": "192.98"}, {"price": "0.04", "size": "17.66"}], "asks": [{"price": "0.99", "size": "550"}, {"price": "0.98", "size": "392"}], "event_type": "book", "last_trade_price": ""}, {"market": "0x913f8e8ee84bc0d097cc51d238f0691fe48e30f8fbcc368f34a9cf2aa9739e3a", "asset_id": "34753440158810474741314150586842220441011242394133027275348884402115715444887", "timestamp": "1769383073746", "hash": "1527b9a98ab5618aa451dcf0a8d0473a3975fd90", "bids": [{"price": "0.01", "size": "362.39"}, {"price": "0.02", "size": "430.89"}, {"price": "0.03", "size": "10.67"}, {"price": "0.06", "size": "12.77"}, {"price": "0.08", "size": "267"}, {"price": "0.09", "size": "11.1"}], "asks": [{"price": "0.99", "size": "166.61"}, {"price": "0.98", "size": "150"}, {"price": "0.97", "size": "27.79"}, {"price": "0.92", "size": "162.5"}, {"price": "0.91", "size": "128.11"}, {"price": "0.84", "size": "131.25"}], "event_type": "book", "last_trade_price": ""}, {"market": "0xe88031b6ee79e535d7041a7ed99888747f1b2c61313a2392dffc192daedd361d", "asset_id": "86955810966823093685961601687974325929987001871039488489290309301386843253794", "timestamp": "1769382588174", "hash": "a4eda9e71c406dbdb14890594849c9ff5769f2ac", "bids": [{"price": "0.01", "size": "266.61"}, {"price": "0.02", "size": "150"}, {"price": "0.03", "size": "11.65"}, {"price": "0.05", "size": "40"}, {"price": "0.06", "size": "66"}, {"price": "0.07", "size": "12.39"}, {"price": "0.08", "size": "162.5"}, {"price": "0.09", "size": "61.11"}, {"price": "0.11", "size": "60"}, {"price": "0.16", "size": "125"}], "asks": [{"price": "0.99", "size": "266.61"}, {"price": "0.98", "size": "150"}, {"price": "0.97", "size": "9.54"}, {"price": "0.96", "size": "50"}, {"price": "0.95", "size": "40"}, {"price": "0.94", "size": "33"}, {"price": "0.93", "size": "7.81"}, {"price": "0.92", "size": "162.5"}, {"price": "0.91", "size": "61.11"}, {"price": "0.9", "size": "65"}, {"price": "0.85", "size": "133.33"}, {"price": "0.84", "size": "6.25"}], "event_type": "book", "last_trade_price": ""}, {"market": "0x45d2b642cbbe4fa42294c52b9d12d090751f856bc3552f594404f7473387440c", "asset_id": "92536440808170573083166467890295639161527523517384657905189868115873973046727", "timestamp": "1769383218842", "hash": "e8442bb844020d9f8e42ab9403787087d4ccd5ea", "bids": [{"price": "0.01", "size": "550"}, {"price": "0.02", "size": "392"}], "asks": [{"price": "0.99", "size": "564.79"}, {"price": "0.98", "size": "159.39"}, {"price": "0.97", "size": "198.62"}, {"price": "0.95", "size": "11.78"}], "event_type": "book", "last_trade_price": ""}, {"market": "0xb3c5c83cabb82c2e49a7783aeee58f441718ec4da291d744583355c9e0691b93", "asset_id": "25937400053292606948446791240486656822802684642786870845941098418577796001014", "timestamp": "1769384273602", "hash": "29de3cfb17129b50ff7174c7ff5cfa2d21724d6f", "bids": [{"price": "0.01", "size": "550"}, {"price": "0.02", "size": "392"}], "asks": [{"price": "0.99", "size": "569.87"}, {"price": "0.98", "size": "156.69"}, {"price": "0.97", "size": "192.98"}, {"price": "0.96", "size": "17.66"}], "event_type": "book", "last_trade_price": ""}, {"market": "0x913f8e8ee84bc0d097cc51d238f0691fe48e30f8fbcc368f34a9cf2aa9739e3a", "asset_id": "6815081912033428841199493257788212703339225748908229105985496242430838368729", "timestamp": "1769383073746", "hash": "f3c92bf22e996bb923341751d7c291d2dcacd529", "bids": [{"price": "0.01", "size": "166.61"}, {"price": "0.02", "size": "150"}, {"price": "0.03", "size": "27.79"}, {"price": "0.08", "size": "162.5"}, {"price": "0.09", "size": "128.11"}, {"price": "0.16", "size": "131.25"}], "asks": [{"price": "0.99", "size": "362.39"}, {"price": "0.98", "size": "430.89"}, {"price": "0.97", "size": "10.67"}, {"price": "0.94", "size": "12.77"}, {"price": "0.92", "size": "267"}, {"price": "0.91", "size": "11.1"}], "event_type": "book", "last_trade_price": ""}]}
{"_local_timestamp": "2026-01-25T23:41:26.703088+00:00", "data": {"market": "0x45d2b642cbbe4fa42294c52b9d12d090751f856bc3552f594404f7473387440c", "price_changes": [{"asset_id": "94583826032076861722474037415296632675720183088126869770778131021442537095950", "price": "0.03", "size": "187", "side": "BUY", "hash": "93983689285108182d6b265ff41d70d454c46d81", "best_bid": "0.05", "best_ask": "0.98"}, {"asset_id": "92536440808170573083166467890295639161527523517384657905189868115873973046727", "price": "0.97", "size": "187", "side": "SELL", "hash": "ad6d57433251e6e463628cb8182e7dce7abb922a", "best_bid": "0.02", "best_ask": "0.95"}], "timestamp": "1769384486630", "event_type": "price_change"}}
{"_local_timestamp": "2026-01-25T23:41:26.709924+00:00", "data": {"market": "0x45d2b642cbbe4fa42294c52b9d12d090751f856bc3552f594404f7473387440c", "price_changes": [{"asset_id": "94583826032076861722474037415296632675720183088126869770778131021442537095950", "price": "0.05", "size": "5.47", "side": "BUY", "hash": "93983689285108182d6b265ff41d70d454c46d81", "best_bid": "0.05", "best_ask": "0.98"}, {"asset_id": "92536440808170573083166467890295639161527523517384657905189868115873973046727", "price": "0.95", "size": "5.47", "side": "SELL", "hash": "ad6d57433251e6e463628cb8182e7dce7abb922a", "best_bid": "0.02", "best_ask": "0.95"}], "timestamp": "1769384486630", "event_type": "price_change"}}
