{"_local_timestamp": "2026-01-25T23:33:42.642502+00:00", "data": [{"market": "0x7311d180b2f14c6e0ee926089ada8dc24502e7c1dc24caf05ca860044bbcd9f2", "asset_id": "12543068927911667159848864395147076201749856015116773950898506584783767873076", "timestamp": "1769384002574", "hash": "88a806f8fc65526ace646ee5b8ed229418964dfc", "bids": [{"price": "0.01", "size": "125.7"}, {"price": "0.02", "size": "875"}, {"price": "0.03", "size": "9.43"}, {"price": "0.04", "size": "14"}, {"price": "0.05", "size": "531.2"}, {"price": "0.06", "size": "16.66"}, {"price": "0.28", "size": "300"}, {"price": "0.32", "size": "200"}, {"price": "0.35", "size": "125"}, {"price": "0.37", "size": "75"}, {"price": "0.45", "size": "28.88"}, {"price": "0.47", "size": "23.4"}, {"price": "0.66", "size": "10"}], "asks": [{"price": "0.99", "size": "165"}, {"price": "0.98", "size": "150"}, {"price": "0.97", "size": "75"}, {"price": "0.96", "size": "25"}, {"price": "0.91", "size": "300"}, {"price": "0.9", "size": "200"}, {"price": "0.89", "size": "125"}, {"price": "0.88", "size": "75"}, {"price": "0.86", "size": "92.85"}, {"price": "0.85", "size": "73.33"}, {"price": "0.8", "size": "10"}], "event_type": "book", "last_trade_price": ""}, {"market": "0x27ffd766b54ff873927d0a708557cb1b6a54d0988b168b707a67f0770433c025", "asset_id": "82289963974235694319388783479797189086810336433523734941753656450770917151194", "timestamp": "1769383999586", "hash": "cc3e21c21117ee3850eeb29d2bbcd4e6ea328538", "bids": [{"price": "0.01", "size": "125.74"}, {"price": "0.02", "size": "875"}, {"price": "0.03", "size": "28.08"}, {"price": "0.05", "size": "520"}, {"price": "0.06", "size": "16.66"}, {"price": "0.27", "size": "62"}, {"price": "0.3", "size": "300"}, {"price": "0.34", "size": "200"}, {"price": "0.37", "size": "125"}, {"price": "0.4", "size": "75"}, {"price": "0.51", "size": "25.49"}, {"price": "0.52", "size": "21.15"}], "asks": [{"price": "0.99", "size": "165"}, {"price": "0.98", "size": "150"}, {"price": "0.96", "size": "25"}, {"price": "0.94", "size": "33"}, {"price": "0.9", "size": "300"}, {"price": "0.89", "size": "200"}, {"price": "0.88", "size": "125"}, {"price": "0.87", "size": "187"}, {"price": "0.85", "size": "86.66"}, {"price": "0.84", "size": "68.75"}, {"price": "0.72", "size": "10"}], "event_type": "book", "last_trade_price": ""}, {"market": "0x9415d5f91e2e060415add5957b780ab46424bdec843353f206e5b5d717b27e22", "asset_id": "80604988285908142718338820110201156282752374869493511317876873714226170274912", "timestamp": "1769384001972", "hash": "767d12fafd602d28b68bb9d2eab51df10939dfc9", "bids": [{"price": "0.01", "size": "1032.3"}, {"price": "0.02", "size": "875"}, {"price": "0.03", "size": "7.44"}, {"price": "0.05", "size": "20"}, {"price": "0.06", "size": "11.42"}, {"price": "0.18", "size": "5.15"}, {"price": "0.22", "size": "62"}, {"price": "0.24", "size": "300"}, {"price": "0.27", "size": "200"}, {"price": "0.28", "size": "8.5"}, {"price": "0.29", "size": "125"}, {"price": "0.31", "size": "75"}, {"price": "0.39", "size": "33.33"}, {"price": "0.4", "size": "27.5"}, {"price": "0.54", "size": "10"}], "asks": [{"price": "0.99", "size": "1021"}, {"price": "0.98", "size": "875"}, {"price": "0.95", "size": "20"}, {"price": "0.87", "size": "300"}, {"price": "0.86", "size": "200"}, {"price": "0.84", "size": "187"}, {"price": "0.83", "size": "75"}, {"price": "0.82", "size": "72.22"}, {"price": "0.81", "size": "57.89"}, {"price": "0.8", "size": "8.5"}], "event_type": "book", "last_trade_price": ""}, {"market": "0x27ffd766b54ff873927d0a708557cb1b6a54d0988b168b707a67f0770433c025", "asset_id": "17166819733767715811733354259114309533554426554848153363995824832643947855421", "timestamp": "1769383999586", "hash": "858eaf355c2c373ea2881653595d902cdbb617da", "bids": [{"price": "0.01", "size": "165"}, {"price": "0.02", "size": "150"}, {"price": "0.04", "size": "25"}, {"price": "0.06", "size": "33"}, {"price": "0.1", "size": "300"}, {"price": "0.11", "size": "200"}, {"price": "0.12", "size": "125"}, {"price": "0.13", "size": "187"}, {"price": "0.15", "size": "86.66"}, {"price": "0.16", "size": "68.75"}, {"price": "0.28", "size": "10"}], "asks": [{"price": "0.99", "size": "125.74"}, {"price": "0.98", "size": "875"}, {"price": "0.97", "size": "28.08"}, {"price": "0.95", "size": "520"}, {"price": "0.94", "size": "16.66"}, {"price": "0.73", "size": "62"}, {"price": "0.7", "size": "300"}, {"price": "0.66", "size": "200"}, {"price": "0.63", "size": "125"}, {"price": "0.6", "size": "75"}, {"price": "0.49", "size": "25.49"}, {"price": "0.48", "size": "21.15"}], "event_type": "book", "last_trade_price": ""}, {"market": "0x9415d5f91e2e060415add5957b780ab46424bdec843353f206e5b5d717b27e22", "asset_id": "90568856874065198852171425194433835035961062364249569798003838947790831872339", "timestamp": "1769384001972", "hash": "f2efb5a88b816caae8c8fac4a24d02ce0f77f4e0", "bids": [{"price": "0.01", "size": "1021"}, {"price": "0.02", "size": "875"}, {"price": "0.05", "size": "20"}, {"price": "0.13", "size": "300"}, {"price": "0.14", "size": "200"}, {"price": "0.16", "size": "187"}, {"price": "0.17", "size": "75"}, {"price": "0.18", "size": "72.22"}, {"price": "0.19", "size": "57.89"}, {"price": "0.2", "size": "8.5"}], "asks": [{"price": "0.99", "size": "1032.3"}, {"price": "0.98", "size": "875"}, {"price": "0.97", "size": "7.44"}, {"price": "0.95", "size": "20"}, {"price": "0.94", "size": "11.42"}, {"price": "0.82", "size": "5.15"}, {"price": "0.78", "size": "62"}, {"price": "0.76", "size": "300"}, {"price": "0.73", "size": "200"}, {"price": "0.72", "size": "8.5"}, {"price": "0.71", "size": "125"}, {"price": "0.69", "size": "75"}, {"price": "0.61", "size": "33.33"}, {"price": "0.6", "size": "27.5"}, {"price": "0.46", "size": "10"}], "event_type": "book", "last_trade_price": ""}, {"market": "0x7311d180b2f14c6e0ee926089ada8dc24502e7c1dc24caf05ca860044bbcd9f2", "asset_id": "115405389730346040281356559301874794143029852419090996920414304351222556454106", "timestamp": "1769384002574", "hash": "108b47026f7f5c62c3100093c73e5b0d9c5a10a7", "bids": [{"price": "0.01", "size": "165"}, {"price": "0.02", "size": "150"}, {"price": "0.03", "size": "75"}, {"price": "0.04", "size": "25"}, {"price": "0.09", "size": "300"}, {"price": "0.1", "size": "200"}, {"price": "0.11", "size": "125"}, {"price": "0.12", "size": "75"}, {"price": "0.14", "size": "92.85"}, {"price": "0.15", "size": "73.33"}, {"price": "0.2", "size": "10"}], "asks": [{"price": "0.99", "size": "125.7"}, {"price": "0.98", "size": "875"}, {"price": "0.97", "size": "9.43"}, {"price": "0.96", "size": "14"}, {"price": "0.95", "size": "531.2"}, {"price": "0.94", "size": "16.66"}, {"price": "0.72", "size": "300"}, {"price": "0.68", "size": "200"}, {"price": "0.65", "size": "125"}, {"price": "0.63", "size": "75"}, {"price": "0.55", "size": "28.88"}, {"price": "0.53", "size": "23.4"}, {"price": "0.34", "size": "10"}], "event_type": "book", "last_trade_price": ""}]}
{"_local_timestamp": "2026-01-25T23:35:28.586599+00:00", "data": {"market": "0x9415d5f91e2e060415add5957b780ab46424bdec843353f206e5b5d717b27e22", "price_changes": [{"asset_id": "90568856874065198852171425194433835035961062364249569798003838947790831872339", "price": "0.35", "size": "50", "side": "BUY", "hash": "14dee393d6c8243dfb90321f301622975d2ba8f6", "best_bid": "0.35", "best_ask": "0.46"}, {"asset_id": "80604988285908142718338820110201156282752374869493511317876873714226170274912", "price": "0.65", "size": "50", "side": "SELL", "hash": "484c28df9a5123c5ecbb05cb6055200fcd23c13a", "best_bid": "0.54", "best_ask": "0.65"}], "timestamp": "1769384128511", "event_type": "price_change"}}
{"_local_timestamp": "2026-01-25T23:35:56.753211+00:00", "data": {"market": "0x7311d180b2f14c6e0ee926089ada8dc24502e7c1dc24caf05ca860044bbcd9f2", "price_changes": [{"asset_id": "12543068927911667159848864395147076201749856015116773950898506584783767873076", "price": "0.05", "size": "520", "side": "BUY", "hash": "9851b7f88b288ec35200dabf16a0bfe8c05a3887", "best_bid": "0.66", "best_ask": "0.8"}, {"asset_id": "115405389730346040281356559301874794143029852419090996920414304351222556454106", "price": "0.95", "size": "520", "side": "SELL", "hash": "7428217d426d6f96286381cb7c0d9d642e51aaa4", "best_bid": "0.2", "best_ask": "0.34"}], "timestamp": "1769384156685", "event_type": "price_change"}}
{"_local_timestamp": "2026-01-25T23:35:58.817571+00:00", "data": {"market": "0x7311d180b2f14c6e0ee926089ada8dc24502e7c1dc24caf05ca860044bbcd9f2", "price_changes": [{"asset_id": "12543068927911667159848864395147076201749856015116773950898506584783767873076", "price": "0.06", "size": "26", "side": "BUY", "hash": "ce0f3a92fb8fdbcedb2ceae9126752541860173b", "best_bid": "0.66", "best_ask": "0.8"}, {"asset_id": "115405389730346040281356559301874794143029852419090996920414304351222556454106", "price": "0.94", "size": "26", "side": "SELL", "hash": "081bf7537a121ddc3c28d4561e726bb25d44915b", "best_bid": "0.2", "best_ask": "0.34"}], "timestamp": "1769384158751", "event_type": "price_change"}}
{"_local_timestamp": "2026-01-25T23:35:58.938851+00:00", "data": {"market": "0x27ffd766b54ff873927d0a708557cb1b6a54d0988b168b707a67f0770433c025", "price_changes": [{"asset_id": "82289963974235694319388783479797189086810336433523734941753656450770917151194", "price": "0.03", "size": "0", "side": "BUY", "hash": "b5adccd7e7f594757aee277278e8d96a39498bda", "best_bid": "0.52", "best_ask": "0.72"}, {"asset_id": "17166819733767715811733354259114309533554426554848153363995824832643947855421", "price": "0.97", "size": "0", "side": "SELL", "hash": "3201d4b1f4167bf28ac8a15950648fb6ca75e95c", "best_bid": "0.28", "best_ask": "0.48"}], "timestamp": "1769384158873", "event_type": "price_change"}}
{"_local_timestamp": "2026-01-25T23:35:58.943314+00:00", "data": {"market": "0x9415d5f91e2e060415add5957b780ab46424bdec843353f206e5b5d717b27e22", "price_changes": [{"asset_id": "80604988285908142718338820110201156282752374869493511317876873714226170274912", "price": "0.18", "size": "0", "side": "BUY", "hash": "c3c2c4bf38c8e97fe1e8764e133bb466546213b7", "best_bid": "0.54", "best_ask": "0.65"}, {"asset_id": "90568856874065198852171425194433835035961062364249569798003838947790831872339", "price": "0.82", "size": "0", "side": "SELL", "hash": "29e00b18b1e3a55727e7b7f0a3cd47671e63dfdf", "best_bid": "0.35", "best_ask": "0.46"}], "timestamp": "1769384158873", "event_type": "price_change"}}
{"_local_timestamp": "2026-01-25T23:36:00.663244+00:00", "data": {"market": "0x9415d5f91e2e060415add5957b780ab46424bdec843353f206e5b5d717b27e22", "price_changes": [{"asset_id": "80604988285908142718338820110201156282752374869493511317876873714226170274912", "price": "0.03", "size": "27.9", "side": "BUY", "hash": "10b8d1416fbd633bc771abf8d761caf73765ec7f", "best_bid": "0.54", "best_ask": "0.65"}, {"asset_id": "90568856874065198852171425194433835035961062364249569798003838947790831872339", "price": "0.97", "size": "27.9", "side": "SELL", "hash": "cfbdb97c96b57f7039a673954501d98b3a0c6cfc", "best_bid": "0.35", "best_ask": "0.46"}], "timestamp": "1769384160596", "event_type": "price_change"}}
{"_local_timestamp": "2026-01-25T23:36:00.663632+00:00", "data": {"market": "0x27ffd766b54ff873927d0a708557cb1b6a54d0988b168b707a67f0770433c025", "price_changes": [{"asset_id": "82289963974235694319388783479797189086810336433523734941753656450770917151194", "price": "0.06", "size": "26.87", "side": "BUY", "hash": "58378f190beb2aa0a9a27dd23128e38b1c40f60f", "best_bid": "0.52", "best_ask": "0.72"}, {"asset_id": "17166819733767715811733354259114309533554426554848153363995824832643947855421", "price": "0.94", "size": "26.87", "side": "SELL", "hash": "3d4d0d9d587ceda426a72ecf3a73cea51bcfeed7", "best_bid": "0.28", "best_ask": "0.48"}], "timestamp": "1769384160595", "event_type": "price_change"}}
{"_local_timestamp": "2026-01-25T23:36:00.663945+00:00", "data": {"market": "0x27ffd766b54ff873927d0a708557cb1b6a54d0988b168b707a67f0770433c025", "price_changes": [{"asset_id": "82289963974235694319388783479797189086810336433523734941753656450770917151194", "price": "0.03", "size": "7.67", "side": "BUY", "hash": "f4a4775a4d7b28a7f0108045d2481c002526d524", "best_bid": "0.52", "best_ask": "0.72"}, {"asset_id": "17166819733767715811733354259114309533554426554848153363995824832643947855421", "price": "0.97", "size": "7.67", "side": "SELL", "hash": "079e312e83df33615924243bf4c96a9fc5f96641", "best_bid": "0.28", "best_ask": "0.48"}], "timestamp": "1769384160597", "event_type": "price_change"}}
{"_local_timestamp": "2026-01-25T23:36:00.664319+00:00", "data": {"market": "0x9415d5f91e2e060415add5957b780ab46424bdec843353f206e5b5d717b27e22", "price_changes": [{"asset_id": "80604988285908142718338820110201156282752374869493511317876873714226170274912", "price": "0.06", "size": "16.66", "side": "BUY", "hash": "2941656dd5031c1aa2223999f17ebc05d9fc9929", "best_bid": "0.54", "best_ask": "0.65"}, {"asset_id": "90568856874065198852171425194433835035961062364249569798003838947790831872339", "price": "0.94", "size": "16.66", "side": "SELL", "hash": "f0b88ecdaf62b88851ca84fdcfba17df4d207f92", "best_bid": "0.35", "best_ask": "0.46"}], "timestamp": "1769384160598", "event_type": "price_change"}}
{"_local_timestamp": "2026-01-25T23:36:57.363603+00:00", "data": {"market": "0x7311d180b2f14c6e0ee926089ada8dc24502e7c1dc24caf05ca860044bbcd9f2", "price_changes": [{"asset_id": "12543068927911667159848864395147076201749856015116773950898506584783767873076", "price": "0.04", "size": "0", "side": "BUY", "hash": "82e02cb56b2d54ba8f7f7fde63a93aaa5cea704c", "best_bid": "0.66", "best_ask": "0.8"}, {"asset_id": "115405389730346040281356559301874794143029852419090996920414304351222556454106", "price": "0.96", "size": "0", "side": "SELL", "hash": "b9356c78251cc978dae088e08f81452363327103", "best_bid": "0.2", "best_ask": "0.34"}], "timestamp": "1769384217220", "event_type": "price_change"}}
{"_local_timestamp": "2026-01-25T23:36:57.442324+00:00", "data": {"market": "0x27ffd766b54ff873927d0a708557cb1b6a54d0988b168b707a67f0770433c025", "price_changes": [{"asset_id": "82289963974235694319388783479797189086810336433523734941753656450770917151194", "price": "0.27", "size": "0", "side": "BUY", "hash": "33321b054ecf4813683c2143984043f25a841353", "best_bid": "0.52", "best_ask": "0.72"}, {"asset_id": "17166819733767715811733354259114309533554426554848153363995824832643947855421", "price": "0.73", "size": "0", "side": "SELL", "hash": "c378c75920944b487e50b5319e5e53ea35887460", "best_bid": "0.28", "best_ask": "0.48"}], "timestamp": "1769384217221", "event_type": "price_change"}}
{"_local_timestamp": "2026-01-25T23:36:57.544498+00:00", "data": {"market": "0x7311d180b2f14c6e0ee926089ada8dc24502e7c1dc24caf05ca860044bbcd9f2", "price_changes": [{"asset_id": "115405389730346040281356559301874794143029852419090996920414304351222556454106", "price": "0.03", "size": "0", "side": "BUY", "hash": "4d1ab58d00e0227d4b2936b6382d440eda4e1a30", "best_bid": "0.2", "best_ask": "0.34"}, {"asset_id": "12543068927911667159848864395147076201749856015116773950898506584783767873076", "price": "0.97", "size": "0", "side": "SELL", "hash": "4a248d451dd3d572724cdd3e6cc6cd08d4334900", "best_bid": "0.66", "best_ask": "0.8"}], "timestamp": "1769384217228", "event_type": "price_change"}}
{"_local_timestamp": "2026-01-25T23:36:57.637109+00:00", "data": {"market": "0x9415d5f91e2e060415add5957b780ab46424bdec843353f206e5b5d717b27e22", "price_changes": [{"asset_id": "80604988285908142718338820110201156282752374869493511317876873714226170274912", "price": "0.22", "size": "0", "side": "BUY", "hash": "e7575bb2fb520cea28d707c451f2ee54dc1b1b1f", "best_bid": "0.54", "best_ask": "0.65"}, {"asset_id": "90568856874065198852171425194433835035961062364249569798003838947790831872339", "price": "0.78", "size": "0", "side": "SELL", "hash": "343f1816c8d365e5ac2a7a79b7aae888297e7b36", "best_bid": "0.35", "best_ask": "0.46"}], "timestamp": "1769384217236", "event_type": "price_change"}}
{"_local_timestamp": "2026-01-25T23:37:30.179090+00:00", "data": {"market": "0x9415d5f91e2e060415add5957b780ab46424bdec843353f206e5b5d717b27e22", "price_changes": [{"asset_id": "80604988285908142718338820110201156282752374869493511317876873714226170274912", "price": "0.03", "size": "327.9", "side": "BUY", "hash": "4ed3c08fef60d9956dd40a0012d24b0445ab9179", "best_bid": "0.54", "best_ask": "0.65"}, {"asset_id": "90568856874065198852171425194433835035961062364249569798003838947790831872339", "price": "0.97", "size": "327.9", "side": "SELL", "hash": "53a33316ec0f4fb1d1797c393e1bdf4d2cac9f7f", "best_bid": "0.35", "best_ask": "0.46"}], "timestamp": "1769384250097", "event_type": "price_change"}}
{"_local_timestamp": "2026-01-25T23:37:30.179555+00:00", "data": {"market": "0x27ffd766b54ff873927d0a708557cb1b6a54d0988b168b707a67f0770433c025", "price_changes": [{"asset_id": "82289963974235694319388783479797189086810336433523734941753656450770917151194", "price": "0.06", "size": "286.87", "side": "BUY", "hash": "f892f921ad2ae4ef51341000f2796e985c07495d", "best_bid": "0.52", "best_ask": "0.72"}, {"asset_id": "17166819733767715811733354259114309533554426554848153363995824832643947855421", "price": "0.94", "size": "286.87", "side": "SELL", "hash": "490efab1669dfc58fada7ff1ec8d77f6e6a489fd", "best_bid": "0.28", "best_ask": "0.48"}], "timestamp": "1769384250097", "event_type": "price_change"}}
{"_local_timestamp": "2026-01-25T23:37:30.185806+00:00", "data": {"market": "0x7311d180b2f14c6e0ee926089ada8dc24502e7c1dc24caf05ca860044bbcd9f2", "price_changes": [{"asset_id": "12543068927911667159848864395147076201749856015116773950898506584783767873076", "price": "0.06", "size": "291", "side": "BUY", "hash": "6ccfcb048e427ac1cc0ce66986a09b8e3df17e8e", "best_bid": "0.66", "best_ask": "0.8"}, {"asset_id": "115405389730346040281356559301874794143029852419090996920414304351222556454106", "price": "0.94", "size": "291", "side": "SELL", "hash": "b7fee19929caaec71f67a8800cb98ac138b8733c", "best_bid": "0.2", "best_ask": "0.34"}], "timestamp": "1769384250098", "event_type": "price_change"}}
{"_local_timestamp": "2026-01-25T23:37:30.186181+00:00", "data": {"market": "0x7311d180b2f14c6e0ee926089ada8dc24502e7c1dc24caf05ca860044bbcd9f2", "price_changes": [{"asset_id": "115405389730346040281356559301874794143029852419090996920414304351222556454106", "price": "0.12", "size": "137", "side": "BUY", "hash": "9a6284bd384ae9a6e6d58f738c6c39dd8b5b9c6a", "best_bid": "0.2", "best_ask": "0.34"}, {"asset_id": "12543068927911667159848864395147076201749856015116773950898506584783767873076", "price": "0.88", "size": "137", "side": "SELL", "hash": "752fcc3b3d59c9ad903a7436ca48ab541ea8f718", "best_bid": "0.66", "best_ask": "0.8"}], "timestamp": "1769384250100", "event_type": "price_change"}}
{"_local_timestamp": "2026-01-25T23:37:44.418170+00:00", "data": {"market": "0x27ffd766b54ff873927d0a708557cb1b6a54d0988b168b707a67f0770433c025", "price_changes": [{"asset_id": "17166819733767715811733354259114309533554426554848153363995824832643947855421", "price": "0.24", "size": "50", "side": "BUY", "hash": "f32c5389c00a7be4b32ef6f3a9a6a4ff714ab10a", "best_bid": "0.28", "best_ask": "0.48"}, {"asset_id": "82289963974235694319388783479797189086810336433523734941753656450770917151194", "price": "0.76", "size": "50", "side": "SELL", "hash": "fb360a39458b285b2768ae88eb22ec7a5dd283a4", "best_bid": "0.52", "best_ask": "0.72"}], "timestamp": "1769384264350", "event_type": "price_change"}}
{"_local_timestamp": "2026-01-25T23:38:56.125821+00:00", "data": {"market": "0x7311d180b2f14c6e0ee926089ada8dc24502e7c1dc24caf05ca860044bbcd9f2", "price_changes": [{"asset_id": "12543068927911667159848864395147076201749856015116773950898506584783767873076", "price": "0.47", "size": "62.4", "side": "BUY", "hash": "6a0f84a8845ad7ae39ca193d3600800a80afe05b", "best_bid": "0.66", "best_ask": "0.8"}, {"asset_id": "115405389730346040281356559301874794143029852419090996920414304351222556454106", "price": "0.53", "size": "62.4", "side": "SELL", "hash": "268e837d779769cf77fa012d2ddb19706d9db6ed", "best_bid": "0.2", "best_ask": "0.34"}], "timestamp": "1769384336034", "event_type": "price_change"}}
{"_local_timestamp": "2026-01-25T23:38:56.131549+00:00", "data": {"market": "0x7311d180b2f14c6e0ee926089ada8dc24502e7c1dc24caf05ca860044bbcd9f2", "price_changes": [{"asset_id": "12543068927911667159848864395147076201749856015116773950898506584783767873076", "price": "0.48", "size": "79", "side": "BUY", "hash": "7d6b7ee494528ed17e46ad63dd791dd3c892a85a", "best_bid": "0.66", "best_ask": "0.8"}, {"asset_id": "115405389730346040281356559301874794143029852419090996920414304351222556454106", "price": "0.52", "size": "79", "side": "SELL", "hash": "135f6dae4d9da9409c78cbb3716374b88134b4e8", "best_bid": "0.2", "best_ask": "0.34"}], "timestamp": "1769384336035", "event_type": "price_change"}}
{"_local_timestamp": "2026-01-25T23:38:59.102404+00:00", "data": {"market": "0x7311d180b2f14c6e0ee926089ada8dc24502e7c1dc24caf05ca860044bbcd9f2", "price_changes": [{"asset_id": "12543068927911667159848864395147076201749856015116773950898506584783767873076", "price": "0.05", "size": "20", "side": "BUY", "hash": "697d0a2d16fbcb8781b453f0a943053486f74a22", "best_bid": "0.66", "best_ask": "0.8"}, {"asset_id": "115405389730346040281356559301874794143029852419090996920414304351222556454106", "price": "0.95", "size": "20", "side": "SELL", "hash": "6d1eebfe778ecf2b6b597564ff9f245e1e3f018b", "best_bid": "0.2", "best_ask": "0.34"}], "timestamp": "1769384338949", "event_type": "price_change"}}
{"_local_timestamp": "2026-01-25T23:38:59.117571+00:00", "data": {"market": "0x27ffd766b54ff873927d0a708557cb1b6a54d0988b168b707a67f0770433c025", "price_changes": [{"asset_id": "82289963974235694319388783479797189086810336433523734941753656450770917151194", "price": "0.05", "size": "20", "side": "BUY", "hash": "e552a20927037fdceea00f742441368038b1961c", "best_bid": "0.52", "best_ask": "0.72"}, {"asset_id": "17166819733767715811733354259114309533554426554848153363995824832643947855421", "price": "0.95", "size": "20", "side": "SELL", "hash": "e566b3f3f5e9766b1a79f7bca989b74e475f550a", "best_bid": "0.28", "best_ask": "0.48"}], "timestamp": "1769384338950", "event_type": "price_change"}}
{"_local_timestamp": "2026-01-25T23:38:59.118119+00:00", "data": {"market": "0x9415d5f91e2e060415add5957b780ab46424bdec843353f206e5b5d717b27e22", "price_changes": [{"asset_id": "80604988285908142718338820110201156282752374869493511317876873714226170274912", "price": "0.02", "size": "175", "side": "BUY", "hash": "85d6a033e0ff8aa6cf051da9c3ad098b0b1a68da", "best_bid": "0.54", "best_ask": "0.65"}, {"asset_id": "90568856874065198852171425194433835035961062364249569798003838947790831872339", "price": "0.98", "size": "175", "side": "SELL", "hash": "5d2f2be3ac479c1c77a3832c7b1ee77324239966", "best_bid": "0.35", "best_ask": "0.46"}], "timestamp": "1769384338950", "event_type": "price_change"}}
{"_local_timestamp": "2026-01-25T23:38:59.500308+00:00", "data": {"market": "0x9415d5f91e2e060415add5957b780ab46424bdec843353f206e5b5d717b27e22", "price_changes": [{"asset_id": "80604988285908142718338820110201156282752374869493511317876873714226170274912", "price": "0.03", "size": "1027.9", "side": "BUY", "hash": "686ec05ad2146382a58ff1c514c40f7e13b79afa", "best_bid": "0.54", "best_ask": "0.65"}, {"asset_id": "90568856874065198852171425194433835035961062364249569798003838947790831872339", "price": "0.97", "size": "1027.9", "side": "SELL", "hash": "35134e3734c96d6aee6e81aadfc464a138292054", "best_bid": "0.35", "best_ask": "0.46"}], "timestamp": "1769384339351", "event_type": "price_change"}}
{"_local_timestamp": "2026-01-25T23:38:59.506755+00:00", "data": {"market": "0x7311d180b2f14c6e0ee926089ada8dc24502e7c1dc24caf05ca860044bbcd9f2", "price_changes": [{"asset_id": "12543068927911667159848864395147076201749856015116773950898506584783767873076", "price": "0.06", "size": "791", "side": "BUY", "hash": "73db8de63a46bab49e7cc1fa6e07157663414cba", "best_bid": "0.66", "best_ask": "0.8"}, {"asset_id": "115405389730346040281356559301874794143029852419090996920414304351222556454106", "price": "0.94", "size": "791", "side": "SELL", "hash": "a2b31fc61e221e90bac3ba7e01dbaf990f9fe195", "best_bid": "0.2", "best_ask": "0.34"}], "timestamp": "1769384339356", "event_type": "price_change"}}
{"_local_timestamp": "2026-01-25T23:38:59.508630+00:00", "data": {"market": "0x27ffd766b54ff873927d0a708557cb1b6a54d0988b168b707a67f0770433c025", "price_changes": [{"asset_id": "82289963974235694319388783479797189086810336433523734941753656450770917151194", "price": "0.06", "size": "786.87", "side": "BUY", "hash": "bcd70d0d366f8bad6c38521a99108c1af29d3c94", "best_bid": "0.52", "best_ask": "0.72"}, {"asset_id": "17166819733767715811733354259114309533554426554848153363995824832643947855421", "price": "0.94", "size": "786.87", "side": "SELL", "hash": "38daff5685cab75cd2b6425432519993079d66b6", "best_bid": "0.28", "best_ask": "0.48"}], "timestamp": "1769384339348", "event_type": "price_change"}}
{"_local_timestamp": "2026-01-25T23:39:23.606988+00:00", "data": {"market": "0x7311d180b2f14c6e0ee926089ada8dc24502e7c1dc24caf05ca860044bbcd9f2", "price_changes": [{"asset_id": "12543068927911667159848864395147076201749856015116773950898506584783767873076", "price": "0.47", "size": "23.4", "side": "BUY", "hash": "b314d15ee1f1a0defbb3b0baf382808e9e854307", "best_bid": "0.66", "best_ask": "0.8"}, {"asset_id": "115405389730346040281356559301874794143029852419090996920414304351222556454106", "price": "0.53", "size": "23.4", "side": "SELL", "hash": "fd25a06fb35678aeee077720e652b97a59c92200", "best_bid": "0.2", "best_ask": "0.34"}], "timestamp": "1769384363416", "event_type": "price_change"}}
