{"_local_timestamp": "2026-01-25T23:33:32.187254+00:00", "data": [{"market": "0x2aa70effc51d25297ab371b90d9321d654c1c399c75fdecd6e8a892d9c8febfb", "asset_id": "71639186972309675898276528548948460833492839687113431703224860884207762343959", "timestamp": "1769384004270", "hash": "4a5372c18ce43dbe946f46502610a0728a9ed4ee", "bids": [{"price": "0.01", "size": "10750"}, {"price": "0.02", "size": "2255.95"}, {"price": "0.03", "size": "6055"}, {"price": "0.04", "size": "1907.31"}, {"price": "0.05", "size": "8045"}, {"price": "0.07", "size": "457.14"}, {"price": "0.09", "size": "311.11"}, {"price": "0.1", "size": "6060.88"}, {"price": "0.11", "size": "486.36"}, {"price": "0.13", "size": "184.61"}, {"price": "0.14", "size": "142.85"}, {"price": "0.15", "size": "2222"}, {"price": "0.16", "size": "1350"}, {"price": "0.2", "size": "1111"}, {"price": "0.21", "size": "515"}, {"price": "0.25", "size": "1111"}, {"price": "0.26", "size": "50"}, {"price": "0.27", "size": "440.74"}, {"price": "0.28", "size": "97"}, {"price": "0.29", "size": "31.58"}, {"price": "0.3", "size": "29"}, {"price": "0.31", "size": "46"}, {"price": "0.32", "size": "148"}, {"price": "0.33", "size": "777"}, {"price": "0.34", "size": "250"}], "asks": [{"price": "0.99", "size": "8368.8"}, {"price": "0.98", "size": "3000"}, {"price": "0.97", "size": "10.51"}, {"price": "0.95", "size": "20"}, {"price": "0.93", "size": "514.28"}, {"price": "0.92", "size": "4750"}, {"price": "0.9", "size": "340"}, {"price": "0.89", "size": "5.3"}, {"price": "0.87", "size": "246.15"}, {"price": "0.85", "size": "550"}, {"price": "0.84", "size": "1000"}, {"price": "0.83", "size": "164.7"}, {"price": "0.82", "size": "2582"}, {"price": "0.8", "size": "430"}, {"price": "0.79", "size": "400"}, {"price": "0.78", "size": "9"}, {"price": "0.77", "size": "104.34"}, {"price": "0.74", "size": "76.92"}, {"price": "0.73", "size": "200"}, {"price": "0.53", "size": "90.56"}, {"price": "0.51", "size": "10"}, {"price": "0.5", "size": "200"}, {"price": "0.49", "size": "134.74"}, {"price": "0.44", "size": "250"}, {"price": "0.42", "size": "22.41"}, {"price": "0.41", "size": "18.64"}, {"price": "0.4", "size": "1200"}, {"price": "0.39", "size": "43.51"}, {"price": "0.38", "size": "22.5"}, {"price": "0.37", "size": "313.5"}, {"price": "0.36", "size": "20"}, {"price": "0.35", "size": "39.72"}], "event_type": "book", "last_trade_price": "0.350"}, {"market": "0x2aa70effc51d25297ab371b90d9321d654c1c399c75fdecd6e8a892d9c8febfb", "asset_id": "113060994234598574063229391483061061335611988979671879375616581174161121485389", "timestamp": "1769384004270", "hash": "5ebbda139801a19a1f1269ec6d2a781258df3f56", "bids": [{"price": "0.01", "size": "8368.8"}, {"price": "0.02", "size": "3000"}, {"price": "0.03", "size": "10.51"}, {"price": "0.05", "size": "20"}, {"price": "0.07", "size": "514.28"}, {"price": "0.08", "size": "4750"}, {"price": "0.1", "size": "340"}, {"price": "0.11", "size": "5.3"}, {"price": "0.13", "size": "246.15"}, {"price": "0.15", "size": "550"}, {"price": "0.16", "size": "1000"}, {"price": "0.17", "size": "164.7"}, {"price": "0.18", "size": "2582"}, {"price": "0.2", "size": "430"}, {"price": "0.21", "size": "400"}, {"price": "0.22", "size": "9"}, {"price": "0.23", "size": "104.34"}, {"price": "0.26", "size": "76.92"}, {"price": "0.27", "size": "200"}, {"price": "0.47", "size": "90.56"}, {"price": "0.49", "size": "10"}, {"price": "0.5", "size": "200"}, {"price": "0.51", "size": "134.74"}, {"price": "0.56", "size": "250"}, {"price": "0.58", "size": "22.41"}, {"price": "0.59", "size": "18.64"}, {"price": "0.6", "size": "1200"}, {"price": "0.61", "size": "43.51"}, {"price": "0.62", "size": "22.5"}, {"price": "0.63", "size": "313.5"}, {"price": "0.64", "size": "20"}, {"price": "0.65", "size": "39.72"}], "asks": [{"price": "0.99", "size": "10750"}, {"price": "0.98", "size": "2255.95"}, {"price": "0.97", "size": "6055"}, {"price": "0.96", "size": "1907.31"}, {"price": "0.95", "size": "8045"}, {"price": "0.93", "size": "457.14"}, {"price": "0.91", "size": "311.11"}, {"price": "0.9", "size": "6060.88"}, {"price": "0.89", "size": "486.36"}, {"price": "0.87", "size": "184.61"}, {"price": "0.86", "size": "142.85"}, {"price": "0.85", "size": "2222"}, {"price": "0.84", "size": "1350"}, {"price": "0.8", "size": "1111"}, {"price": "0.79", "size": "515"}, {"price": "0.75", "size": "1111"}, {"price": "0.74", "size": "50"}, {"price": "0.73", "size": "440.74"}, {"price": "0.72", "size": "97"}, {"price": "0.71", "size": "31.58"}, {"price": "0.7", "size": "29"}, {"price": "0.69", "size": "46"}, {"price": "0.68", "size": "148"}, {"price": "0.67", "size": "777"}, {"price": "0.66", "size": "250"}], "event_type": "book", "last_trade_price": "0.350"}]}
{"_local_timestamp": "2026-01-25T23:33:33.384959+00:00", "data": {"market": "0x2aa70effc51d25297ab371b90d9321d654c1c399c75fdecd6e8a892d9c8febfb", "price_changes": [{"asset_id": "113060994234598574063229391483061061335611988979671879375616581174161121485389", "price": "0.2", "size": "380", "side": "BUY", "hash": "cc5382c7115fa609c8d1901f65252df4f07bc6ee", "best_bid": "0.65", "best_ask": "0.66"}, {"asset_id": "71639186972309675898276528548948460833492839687113431703224860884207762343959", "price": "0.8", "size": "380", "side": "SELL", "hash": "ed7fc0b4c1a6be1d7fa16dc676aa8295ddf3cdd6", "best_bid": "0.34", "best_ask": "0.35"}], "timestamp": "1769384013163", "event_type": "price_change"}}
{"_local_timestamp": "2026-01-25T23:33:33.716431+00:00", "data": {"market": "0x2aa70effc51d25297ab371b90d9321d654c1c399c75fdecd6e8a892d9c8febfb", "price_changes": [{"asset_id": "113060994234598574063229391483061061335611988979671879375616581174161121485389", "price": "0.21", "size": "450", "side": "BUY", "hash": "05d16fe1bfe3756ebdc364c2f9f7b631608ff8b1", "best_bid": "0.65", "best_ask": "0.66"}, {"asset_id": "71639186972309675898276528548948460833492839687113431703224860884207762343959", "price": "0.79", "size": "450", "side": "SELL", "hash": "50cb6aec2a5b3436d38015f85fb463899d8973b3", "best_bid": "0.34", "best_ask": "0.35"}], "timestamp": "1769384013554", "event_type": "price_change"}}
{"_local_timestamp": "2026-01-25T23:33:40.195926+00:00", "data": {"market": "0x2aa70effc51d25297ab371b90d9321d654c1c399c75fdecd6e8a892d9c8febfb", "price_changes": [{"asset_id": "113060994234598574063229391483061061335611988979671879375616581174161121485389", "price": "0.2", "size": "280", "side": "BUY", "hash": "de718eb45bdb3cd436edc6012b928887acf4ab82", "best_bid": "0.65", "best_ask": "0.66"}, {"asset_id": "71639186972309675898276528548948460833492839687113431703224860884207762343959", "price": "0.8", "size": "280", "side": "SELL", "hash": "e98d0dd62a5045d62d6eca6e7f174fb1a677d445", "best_bid": "0.34", "best_ask": "0.35"}], "timestamp": "1769384020085", "event_type": "price_change"}}
{"_local_timestamp": "2026-01-25T23:33:40.783834+00:00", "data": {"market": "0x2aa70effc51d25297ab371b90d9321d654c1c399c75fdecd6e8a892d9c8febfb", "price_changes": [{"asset_id": "113060994234598574063229391483061061335611988979671879375616581174161121485389", "price": "0.19", "size": "100", "side": "BUY", "hash": "7d14e6360f49beb32d7101ab646e24973767f161", "best_bid": "0.65", "best_ask": "0.66"}, {"asset_id": "71639186972309675898276528548948460833492839687113431703224860884207762343959", "price": "0.81", "size": "100", "side": "SELL", "hash": "1b3dafbda89dff8cc50f167c61ecbe15ce786f13", "best_bid": "0.34", "best_ask": "0.35"}], "timestamp": "1769384020559", "event_type": "price_change"}}
{"_local_timestamp": "2026-01-25T23:34:19.955679+00:00", "data": {"market": "0x2aa70effc51d25297ab371b90d9321d654c1c399c75fdecd6e8a892d9c8febfb", "price_changes": [{"asset_id": "113060994234598574063229391483061061335611988979671879375616581174161121485389", "price": "0.18", "size": "250", "side": "BUY", "hash": "90360e91b84deb6dcd7b0f70deb4e6a18f899017", "best_bid": "0.65", "best_ask": "0.66"}, {"asset_id": "71639186972309675898276528548948460833492839687113431703224860884207762343959", "price": "0.82", "size": "250", "side": "SELL", "hash": "ab714906f401fdfa4b226845bd220c76af995759", "best_bid": "0.34", "best_ask": "0.35"}], "timestamp": "1769384059759", "event_type": "price_change"}}
{"_local_timestamp": "2026-01-25T23:34:27.843315+00:00", "data": {"market": "0x2aa70effc51d25297ab371b90d9321d654c1c399c75fdecd6e8a892d9c8febfb", "price_changes": [{"asset_id": "113060994234598574063229391483061061335611988979671879375616581174161121485389", "price": "0.2", "size": "130", "side": "BUY", "hash": "6fb3bfac86a14bc3441c1bdae3d082b4ad646609", "best_bid": "0.65", "best_ask": "0.66"}, {"asset_id": "71639186972309675898276528548948460833492839687113431703224860884207762343959", "price": "0.8", "size": "130", "side": "SELL", "hash": "296b89ca56fae15d0bbd22a7fe0211004ac71bf7", "best_bid": "0.34", "best_ask": "0.35"}], "timestamp": "1769384067598", "event_type": "price_change"}}
{"_local_timestamp": "2026-01-25T23:34:28.479123+00:00", "data": {"market": "0x2aa70effc51d25297ab371b90d9321d654c1c399c75fdecd6e8a892d9c8febfb", "price_changes": [{"asset_id": "113060994234598574063229391483061061335611988979671879375616581174161121485389", "price": "0.19", "size": "250", "side": "BUY", "hash": "64f1d8c64e6f874e298aba7d6e690d2f9a95a9ff", "best_bid": "0.65", "best_ask": "0.66"}, {"asset_id": "71639186972309675898276528548948460833492839687113431703224860884207762343959", "price": "0.81", "size": "250", "side": "SELL", "hash": "4caefa827408f8c20ae84d03ee8e2f71ce7ccafe", "best_bid": "0.34", "best_ask": "0.35"}], "timestamp": "1769384068137", "event_type": "price_change"}}
{"_local_timestamp": "2026-01-25T23:34:48.546615+00:00", "data": {"market": "0x2aa70effc51d25297ab371b90d9321d654c1c399c75fdecd6e8a892d9c8febfb", "price_changes": [{"asset_id": "113060994234598574063229391483061061335611988979671879375616581174161121485389", "price": "0.18", "size": "200", "side": "BUY", "hash": "f11eb9c70cd13b5438565aca196a0a41cff5cca3", "best_bid": "0.65", "best_ask": "0.66"}, {"asset_id": "71639186972309675898276528548948460833492839687113431703224860884207762343959", "price": "0.82", "size": "200", "side": "SELL", "hash": "e822e9a9efa4b2440e46de733023e45ba24854ef", "best_bid": "0.34", "best_ask": "0.35"}], "timestamp": "1769384088478", "event_type": "price_change"}}
{"_local_timestamp": "2026-01-25T23:34:48.847309+00:00", "data": {"market": "0x2aa70effc51d25297ab371b90d9321d654c1c399c75fdecd6e8a892d9c8febfb", "price_changes": [{"asset_id": "113060994234598574063229391483061061335611988979671879375616581174161121485389", "price": "0.16", "size": "1050", "side": "BUY", "hash": "8a4053d84e27b344eb8b8dec9c42bc147b58b90c", "best_bid": "0.65", "best_ask": "0.66"}, {"asset_id": "71639186972309675898276528548948460833492839687113431703224860884207762343959", "price": "0.84", "size": "1050", "side": "SELL", "hash": "561deb1b7316f1e083b7696bd9793a088e6a5e34", "best_bid": "0.34", "best_ask": "0.35"}], "timestamp": "1769384088768", "event_type": "price_change"}}
{"_local_timestamp": "2026-01-25T23:35:14.695071+00:00", "data": {"market": "0x2aa70effc51d25297ab371b90d9321d654c1c399c75fdecd6e8a892d9c8febfb", "price_changes": [{"asset_id": "113060994234598574063229391483061061335611988979671879375616581174161121485389", "price": "0.19", "size": "2460", "side": "BUY", "hash": "6cb8505cbc8e2b197618d4b352d5747480673a37", "best_bid": "0.65", "best_ask": "0.66"}, {"asset_id": "71639186972309675898276528548948460833492839687113431703224860884207762343959", "price": "0.81", "size": "2460", "side": "SELL", "hash": "4856b51b7cede3f5b5fd8478e3188fff3e2f3c5d", "best_bid": "0.34", "best_ask": "0.35"}], "timestamp": "1769384114620", "event_type": "price_change"}}
{"_local_timestamp": "2026-01-25T23:35:23.743071+00:00", "data": {"market": "0x2aa70effc51d25297ab371b90d9321d654c1c399c75fdecd6e8a892d9c8febfb", "price_changes": [{"asset_id": "113060994234598574063229391483061061335611988979671879375616581174161121485389", "price": "0.18", "size": "50", "side": "BUY", "hash": "5e3ab7cda7c4cad5435e53230effd6fe8a75218e", "best_bid": "0.65", "best_ask": "0.66"}, {"asset_id": "71639186972309675898276528548948460833492839687113431703224860884207762343959", "price": "0.82", "size": "50", "side": "SELL", "hash": "2c7092d7d50f0f70ed6b8a7b633591e6a93882bc", "best_bid": "0.34", "best_ask": "0.35"}], "timestamp": "1769384123667", "event_type": "price_change"}}
{"_local_timestamp": "2026-01-25T23:35:24.254363+00:00", "data": {"market": "0x2aa70effc51d25297ab371b90d9321d654c1c399c75fdecd6e8a892d9c8febfb", "price_changes": [{"asset_id": "113060994234598574063229391483061061335611988979671879375616581174161121485389", "price": "0.16", "size": "1200", "side": "BUY", "hash": "2e16728c5367a85935792af40b871d9416613cc4", "best_bid": "0.65", "best_ask": "0.66"}, {"asset_id": "71639186972309675898276528548948460833492839687113431703224860884207762343959", "price": "0.84", "size": "1200", "side": "SELL", "hash": "6c9cd8815cd3c1adc7756e362d7baff6336bbd6b", "best_bid": "0.34", "best_ask": "0.35"}], "timestamp": "1769384123978", "event_type": "price_change"}}
{"_local_timestamp": "2026-01-25T23:35:26.772697+00:00", "data": {"market": "0x2aa70effc51d25297ab371b90d9321d654c1c399c75fdecd6e8a892d9c8febfb", "price_changes": [{"asset_id": "113060994234598574063229391483061061335611988979671879375616581174161121485389", "price": "0.19", "size": "2360", "side": "BUY", "hash": "c54d930fe90807eb5ea799e72d47a8326ac3acd5", "best_bid": "0.65", "best_ask": "0.66"}, {"asset_id": "71639186972309675898276528548948460833492839687113431703224860884207762343959", "price": "0.81", "size": "2360", "side": "SELL", "hash": "eff340ae778579e7600a9d0ebf8ca9a9b7286b5c", "best_bid": "0.34", "best_ask": "0.35"}], "timestamp": "1769384126580", "event_type": "price_change"}}
{"_local_timestamp": "2026-01-25T23:35:27.119622+00:00", "data": {"market": "0x2aa70effc51d25297ab371b90d9321d654c1c399c75fdecd6e8a892d9c8febfb", "price_changes": [{"asset_id": "113060994234598574063229391483061061335611988979671879375616581174161121485389", "price": "0.18", "size": "150", "side": "BUY", "hash": "fb8713749962a43506936527154c9ccb7a106a28", "best_bid": "0.65", "best_ask": "0.66"}, {"asset_id": "71639186972309675898276528548948460833492839687113431703224860884207762343959", "price": "0.82", "size": "150", "side": "SELL", "hash": "0fa1ca146e6be7ab037a48d20e30b921af56553c", "best_bid": "0.34", "best_ask": "0.35"}], "timestamp": "1769384126904", "event_type": "price_change"}}
{"_local_timestamp": "2026-01-25T23:35:30.837330+00:00", "data": {"market": "0x2aa70effc51d25297ab371b90d9321d654c1c399c75fdecd6e8a892d9c8febfb", "price_changes": [{"asset_id": "113060994234598574063229391483061061335611988979671879375616581174161121485389", "price": "0.18", "size": "100", "side": "BUY", "hash": "df4fb3bdb6e8153355d85cac823304f3173c4c63", "best_bid": "0.65", "best_ask": "0.66"}, {"asset_id": "71639186972309675898276528548948460833492839687113431703224860884207762343959", "price": "0.82", "size": "100", "side": "SELL", "hash": "dd079660c8b5aec734ba643ed894dbf89bbaadc9", "best_bid": "0.34", "best_ask": "0.35"}], "timestamp": "1769384130729", "event_type": "price_change"}}
{"_local_timestamp": "2026-01-25T23:35:30.838395+00:00", "data": {"market": "0x2aa70effc51d25297ab371b90d9321d654c1c399c75fdecd6e8a892d9c8febfb", "price_changes": [{"asset_id": "113060994234598574063229391483061061335611988979671879375616581174161121485389", "price": "0.16", "size": "1150", "side": "BUY", "hash": "de66cc4bf273546fef61689e5f49328b04bf5eb4", "best_bid": "0.65", "best_ask": "0.66"}, {"asset_id": "71639186972309675898276528548948460833492839687113431703224860884207762343959", "price": "0.84", "size": "1150", "side": "SELL", "hash": "19af6a6c9211182ec5dd74efdf2b79418e13e504", "best_bid": "0.34", "best_ask": "0.35"}], "timestamp": "1769384130737", "event_type": "price_change"}}
{"_local_timestamp": "2026-01-25T23:35:31.059654+00:00", "data": {"market": "0x2aa70effc51d25297ab371b90d9321d654c1c399c75fdecd6e8a892d9c8febfb", "price_changes": [{"asset_id": "113060994234598574063229391483061061335611988979671879375616581174161121485389", "price": "0.19", "size": "2410", "side": "BUY", "hash": "5f04a283a472fe260d6f75160edb06d57abb3103", "best_bid": "0.65", "best_ask": "0.66"}, {"asset_id": "71639186972309675898276528548948460833492839687113431703224860884207762343959", "price": "0.81", "size": "2410", "side": "SELL", "hash": "5ffa09c44664e6990d9ef07f82dd82dacd896336", "best_bid": "0.34", "best_ask": "0.35"}], "timestamp": "1769384130989", "event_type": "price_change"}}
{"_local_timestamp": "2026-01-25T23:35:31.092145+00:00", "data": {"market": "0x2aa70effc51d25297ab371b90d9321d654c1c399c75fdecd6e8a892d9c8febfb", "price_changes": [{"asset_id": "113060994234598574063229391483061061335611988979671879375616581174161121485389", "price": "0.16", "size": "1200", "side": "BUY", "hash": "716056b76ecba6aea8d36e6f137a524dd7a0aac6", "best_bid": "0.65", "best_ask": "0.66"}, {"asset_id": "71639186972309675898276528548948460833492839687113431703224860884207762343959", "price": "0.84", "size": "1200", "side": "SELL", "hash": "4d74a92f38d3afaa968fc5856c86df15e24a58e6", "best_bid": "0.34", "best_ask": "0.35"}], "timestamp": "1769384131019", "event_type": "price_change"}}
{"_local_timestamp": "2026-01-25T23:35:52.084916+00:00", "data": {"market": "0x2aa70effc51d25297ab371b90d9321d654c1c399c75fdecd6e8a892d9c8febfb", "price_changes": [{"asset_id": "71639186972309675898276528548948460833492839687113431703224860884207762343959", "price": "0.28", "size": "29", "side": "BUY", "hash": "0b8383a20e16e1114d015b13019e7de57a4c3815", "best_bid": "0.34", "best_ask": "0.35"}, {"asset_id": "113060994234598574063229391483061061335611988979671879375616581174161121485389", "price": "0.72", "size": "29", "side": "SELL", "hash": "2a275aae3b31757c4bacdb8debcf7a3ebf1cc01c", "best_bid": "0.65", "best_ask": "0.66"}], "timestamp": "1769384152001", "event_type": "price_change"}}
{"_local_timestamp": "2026-01-25T23:35:56.560867+00:00", "data": {"market": "0x2aa70effc51d25297ab371b90d9321d654c1c399c75fdecd6e8a892d9c8febfb", "price_changes": [{"asset_id": "71639186972309675898276528548948460833492839687113431703224860884207762343959", "price": "0.28", "size": "0", "side": "BUY", "hash": "5094196272e84ec488b30aa5db585ac7c6aec14d", "best_bid": "0.34", "best_ask": "0.35"}, {"asset_id": "113060994234598574063229391483061061335611988979671879375616581174161121485389", "price": "0.72", "size": "0", "side": "SELL", "hash": "540dcadc2eb083d2a0b62126d7162f0fe2285f45", "best_bid": "0.65", "best_ask": "0.66"}], "timestamp": "1769384156414", "event_type": "price_change"}}
{"_local_timestamp": "2026-01-25T23:35:56.561468+00:00", "data": {"market": "0x2aa70effc51d25297ab371b90d9321d654c1c399c75fdecd6e8a892d9c8febfb", "price_changes": [{"asset_id": "71639186972309675898276528548948460833492839687113431703224860884207762343959", "price": "0.33", "size": "755", "side": "BUY", "hash": "5094196272e84ec488b30aa5db585ac7c6aec14d", "best_bid": "0.34", "best_ask": "0.35"}, {"asset_id": "113060994234598574063229391483061061335611988979671879375616581174161121485389", "price": "0.67", "size": "755", "side": "SELL", "hash": "540dcadc2eb083d2a0b62126d7162f0fe2285f45", "best_bid": "0.65", "best_ask": "0.66"}], "timestamp": "1769384156414", "event_type": "price_change"}}
{"_local_timestamp": "2026-01-25T23:35:56.561818+00:00", "data": {"market": "0x2aa70effc51d25297ab371b90d9321d654c1c399c75fdecd6e8a892d9c8febfb", "price_changes": [{"asset_id": "71639186972309675898276528548948460833492839687113431703224860884207762343959", "price": "0.31", "size": "0", "side": "BUY", "hash": "5094196272e84ec488b30aa5db585ac7c6aec14d", "best_bid": "0.34", "best_ask": "0.35"}, {"asset_id": "113060994234598574063229391483061061335611988979671879375616581174161121485389", "price": "0.69", "size": "0", "side": "SELL", "hash": "540dcadc2eb083d2a0b62126d7162f0fe2285f45", "best_bid": "0.65", "best_ask": "0.66"}], "timestamp": "1769384156414", "event_type": "price_change"}}
{"_local_timestamp": "2026-01-25T23:35:56.562125+00:00", "data": {"market": "0x2aa70effc51d25297ab371b90d9321d654c1c399c75fdecd6e8a892d9c8febfb", "price_changes": [{"asset_id": "71639186972309675898276528548948460833492839687113431703224860884207762343959", "price": "0.21", "size": "0", "side": "BUY", "hash": "5094196272e84ec488b30aa5db585ac7c6aec14d", "best_bid": "0.34", "best_ask": "0.35"}, {"asset_id": "113060994234598574063229391483061061335611988979671879375616581174161121485389", "price": "0.79", "size": "0", "side": "SELL", "hash": "540dcadc2eb083d2a0b62126d7162f0fe2285f45", "best_bid": "0.65", "best_ask": "0.66"}], "timestamp": "1769384156414", "event_type": "price_change"}}
{"_local_timestamp": "2026-01-25T23:35:56.562576+00:00", "data": {"market": "0x2aa70effc51d25297ab371b90d9321d654c1c399c75fdecd6e8a892d9c8febfb", "price_changes": [{"asset_id": "71639186972309675898276528548948460833492839687113431703224860884207762343959", "price": "0.16", "size": "0", "side": "BUY", "hash": "5094196272e84ec488b30aa5db585ac7c6aec14d", "best_bid": "0.34", "best_ask": "0.35"}, {"asset_id": "113060994234598574063229391483061061335611988979671879375616581174161121485389", "price": "0.84", "size": "0", "side": "SELL", "hash": "540dcadc2eb083d2a0b62126d7162f0fe2285f45", "best_bid": "0.65", "best_ask": "0.66"}], "timestamp": "1769384156414", "event_type": "price_change"}}
{"_local_timestamp": "2026-01-25T23:35:56.562926+00:00", "data": {"market": "0x2aa70effc51d25297ab371b90d9321d654c1c399c75fdecd6e8a892d9c8febfb", "price_changes": [{"asset_id": "71639186972309675898276528548948460833492839687113431703224860884207762343959", "price": "0.27", "size": "240.74", "side": "BUY", "hash": "5094196272e84ec488b30aa5db585ac7c6aec14d", "best_bid": "0.34", "best_ask": "0.35"}, {"asset_id": "113060994234598574063229391483061061335611988979671879375616581174161121485389", "price": "0.73", "size": "240.74", "side": "SELL", "hash": "540dcadc2eb083d2a0b62126d7162f0fe2285f45", "best_bid": "0.65", "best_ask": "0.66"}], "timestamp": "1769384156414", "event_type": "price_change"}}
{"_local_timestamp": "2026-01-25T23:35:56.563248+00:00", "data": {"market": "0x2aa70effc51d25297ab371b90d9321d654c1c399c75fdecd6e8a892d9c8febfb", "price_changes": [{"asset_id": "71639186972309675898276528548948460833492839687113431703224860884207762343959", "price": "0.36", "size": "0", "side": "SELL", "hash": "5094196272e84ec488b30aa5db585ac7c6aec14d", "best_bid": "0.34", "best_ask": "0.35"}, {"asset_id": "113060994234598574063229391483061061335611988979671879375616581174161121485389", "price": "0.64", "size": "0", "side": "BUY", "hash": "540dcadc2eb083d2a0b62126d7162f0fe2285f45", "best_bid": "0.65", "best_ask": "0.66"}], "timestamp": "1769384156414", "event_type": "price_change"}}
{"_local_timestamp": "2026-01-25T23:35:56.604944+00:00", "data": {"market": "0x2aa70effc51d25297ab371b90d9321d654c1c399c75fdecd6e8a892d9c8febfb", "price_changes": [{"asset_id": "71639186972309675898276528548948460833492839687113431703224860884207762343959", "price": "0.36", "size": "17", "side": "SELL", "hash": "30c151cc98e33e4c029a402ae3f3879d12a9bc6c", "best_bid": "0.34", "best_ask": "0.35"}, {"asset_id": "113060994234598574063229391483061061335611988979671879375616581174161121485389", "price": "0.64", "size": "17", "side": "BUY", "hash": "29df0df685fe4071fc3281ac64f2d719041cd661", "best_bid": "0.65", "best_ask": "0.66"}], "timestamp": "1769384156515", "event_type": "price_change"}}
{"_local_timestamp": "2026-01-25T23:35:56.606870+00:00", "data": {"market": "0x2aa70effc51d25297ab371b90d9321d654c1c399c75fdecd6e8a892d9c8febfb", "price_changes": [{"asset_id": "71639186972309675898276528548948460833492839687113431703224860884207762343959", "price": "0.33", "size": "774", "side": "BUY", "hash": "7a8ad2d46150056f811e2253aa570c2c1320d96b", "best_bid": "0.34", "best_ask": "0.35"}, {"asset_id": "113060994234598574063229391483061061335611988979671879375616581174161121485389", "price": "0.67", "size": "774", "side": "SELL", "hash": "cd208e63dea58cddfdf3fc5416d3f61c739a11cf", "best_bid": "0.65", "best_ask": "0.66"}], "timestamp": "1769384156516", "event_type": "price_change"}}
{"_local_timestamp": "2026-01-25T23:35:56.609572+00:00", "data": {"market": "0x2aa70effc51d25297ab371b90d9321d654c1c399c75fdecd6e8a892d9c8febfb", "price_changes": [{"asset_id": "71639186972309675898276528548948460833492839687113431703224860884207762343959", "price": "0.31", "size": "39", "side": "BUY", "hash": "51b5446d82395e861a2c48d2abe4b57bbdde55c0", "best_bid": "0.34", "best_ask": "0.35"}, {"asset_id": "113060994234598574063229391483061061335611988979671879375616581174161121485389", "price": "0.69", "size": "39", "side": "SELL", "hash": "af5da607f5aa050f9c7ccedbfa8969bd643221c1", "best_bid": "0.65", "best_ask": "0.66"}], "timestamp": "1769384156517", "event_type": "price_change"}}
{"_local_timestamp": "2026-01-25T23:35:56.687347+00:00", "data": {"market": "0x2aa70effc51d25297ab371b90d9321d654c1c399c75fdecd6e8a892d9c8febfb", "price_changes": [{"asset_id": "71639186972309675898276528548948460833492839687113431703224860884207762343959", "price": "0.16", "size": "1188", "side": "BUY", "hash": "282154795b024749dd251872a18ae6ab53b92538", "best_bid": "0.34", "best_ask": "0.35"}, {"asset_id": "113060994234598574063229391483061061335611988979671879375616581174161121485389", "price": "0.84", "size": "1188", "side": "SELL", "hash": "f5949d07ecd5224aca430be9cf27b9ffacc1a98a", "best_bid": "0.65", "best_ask": "0.66"}], "timestamp": "1769384156518", "event_type": "price_change"}}
{"_local_timestamp": "2026-01-25T23:35:56.688765+00:00", "data": {"market": "0x2aa70effc51d25297ab371b90d9321d654c1c399c75fdecd6e8a892d9c8febfb", "price_changes": [{"asset_id": "71639186972309675898276528548948460833492839687113431703224860884207762343959", "price": "0.27", "size": "418.74", "side": "BUY", "hash": "52f71b96074d82cb00c482c5b2cdcd92b057939d", "best_bid": "0.34", "best_ask": "0.35"}, {"asset_id": "113060994234598574063229391483061061335611988979671879375616581174161121485389", "price": "0.73", "size": "418.74", "side": "SELL", "hash": "34a3f009282b0f50f66a9d8118c8013f17b48932", "best_bid": "0.65", "best_ask": "0.66"}], "timestamp": "1769384156519", "event_type": "price_change"}}
{"_local_timestamp": "2026-01-25T23:35:56.689192+00:00", "data": {"market": "0x2aa70effc51d25297ab371b90d9321d654c1c399c75fdecd6e8a892d9c8febfb", "price_changes": [{"asset_id": "71639186972309675898276528548948460833492839687113431703224860884207762343959", "price": "0.21", "size": "453", "side": "BUY", "hash": "9e59105348bb69e2f9c12b1b449bebc08a914878", "best_bid": "0.34", "best_ask": "0.35"}, {"asset_id": "113060994234598574063229391483061061335611988979671879375616581174161121485389", "price": "0.79", "size": "453", "side": "SELL", "hash": "a74873dce0f0e3c4a074c8cbcbb6a6e3b7bee529", "best_bid": "0.65", "best_ask": "0.66"}], "timestamp": "1769384156519", "event_type": "price_change"}}
{"_local_timestamp": "2026-01-25T23:35:56.690678+00:00", "data": {"market": "0x2aa70effc51d25297ab371b90d9321d654c1c399c75fdecd6e8a892d9c8febfb", "price_changes": [{"asset_id": "71639186972309675898276528548948460833492839687113431703224860884207762343959", "price": "0.28", "size": "18", "side": "BUY", "hash": "f1eaea739bc7e3b7776fd12619abb9f3c9da65fe", "best_bid": "0.34", "best_ask": "0.35"}, {"asset_id": "113060994234598574063229391483061061335611988979671879375616581174161121485389", "price": "0.72", "size": "18", "side": "SELL", "hash": "4a2764a0f6e54d1d860a6e8f010de408f4b1168a", "best_bid": "0.65", "best_ask": "0.66"}], "timestamp": "1769384156520", "event_type": "price_change"}}
{"_local_timestamp": "2026-01-25T23:36:02.391310+00:00", "data": {"market": "0x2aa70effc51d25297ab371b90d9321d654c1c399c75fdecd6e8a892d9c8febfb", "price_changes": [{"asset_id": "113060994234598574063229391483061061335611988979671879375616581174161121485389", "price": "0.16", "size": "1050", "side": "BUY", "hash": "43fedb780ff3281967f693b3876254c41010ed0b", "best_bid": "0.65", "best_ask": "0.66"}, {"asset_id": "71639186972309675898276528548948460833492839687113431703224860884207762343959", "price": "0.84", "size": "1050", "side": "SELL", "hash": "4b21904aaed6fa82e6190f21ccd3cfb092322427", "best_bid": "0.34", "best_ask": "0.35"}], "timestamp": "1769384162271", "event_type": "price_change"}}
{"_local_timestamp": "2026-01-25T23:36:02.654764+00:00", "data": {"market": "0x2aa70effc51d25297ab371b90d9321d654c1c399c75fdecd6e8a892d9c8febfb", "price_changes": [{"asset_id": "113060994234598574063229391483061061335611988979671879375616581174161121485389", "price": "0.19", "size": "2560", "side": "BUY", "hash": "ca12ad8393296d5c0a6107344a7e11908a1acff3", "best_bid": "0.65", "best_ask": "0.66"}, {"asset_id": "71639186972309675898276528548948460833492839687113431703224860884207762343959", "price": "0.81", "size": "2560", "side": "SELL", "hash": "6fc40c83e854a82fee749e80023269ea5fced7f1", "best_bid": "0.34", "best_ask": "0.35"}], "timestamp": "1769384162553", "event_type": "price_change"}}
{"_local_timestamp": "2026-01-25T23:36:08.429056+00:00", "data": {"market": "0x2aa70effc51d25297ab371b90d9321d654c1c399c75fdecd6e8a892d9c8febfb", "price_changes": [{"asset_id": "71639186972309675898276528548948460833492839687113431703224860884207762343959", "price": "0.28", "size": "86", "side": "BUY", "hash": "d4c69294af1d699984ee7acdb5da838f8a52e2f1", "best_bid": "0.34", "best_ask": "0.35"}, {"asset_id": "113060994234598574063229391483061061335611988979671879375616581174161121485389", "price": "0.72", "size": "86", "side": "SELL", "hash": "f76d9273abe21e37286cf4414b3575da88b9ed55", "best_bid": "0.65", "best_ask": "0.66"}], "timestamp": "1769384168357", "event_type": "price_change"}}
{"_local_timestamp": "2026-01-25T23:36:11.342558+00:00", "data": {"market": "0x2aa70effc51d25297ab371b90d9321d654c1c399c75fdecd6e8a892d9c8febfb", "price_changes": [{"asset_id": "113060994234598574063229391483061061335611988979671879375616581174161121485389", "price": "0.16", "size": "1000", "side": "BUY", "hash": "e83bcbef196309f2f61556b33f79c71f7e0a1221", "best_bid": "0.65", "best_ask": "0.66"}, {"asset_id": "71639186972309675898276528548948460833492839687113431703224860884207762343959", "price": "0.84", "size": "1000", "side": "SELL", "hash": "c329e202151fde467bc96c8a58d6c0af0d1bd0fd", "best_bid": "0.34", "best_ask": "0.35"}], "timestamp": "1769384171270", "event_type": "price_change"}}
{"_local_timestamp": "2026-01-25T23:36:11.647271+00:00", "data": {"market": "0x2aa70effc51d25297ab371b90d9321d654c1c399c75fdecd6e8a892d9c8febfb", "price_changes": [{"asset_id": "113060994234598574063229391483061061335611988979671879375616581174161121485389", "price": "0.19", "size": "2610", "side": "BUY", "hash": "76363feed7ed474242ce1953ee8fba229406e70e", "best_bid": "0.65", "best_ask": "0.66"}, {"asset_id": "71639186972309675898276528548948460833492839687113431703224860884207762343959", "price": "0.81", "size": "2610", "side": "SELL", "hash": "e1d9b8a9641646a6669fd87f3119e15ee6ffef1d", "best_bid": "0.34", "best_ask": "0.35"}], "timestamp": "1769384171570", "event_type": "price_change"}}
{"_local_timestamp": "2026-01-25T23:36:55.262266+00:00", "data": {"market": "0x2aa70effc51d25297ab371b90d9321d654c1c399c75fdecd6e8a892d9c8febfb", "price_changes": [{"asset_id": "113060994234598574063229391483061061335611988979671879375616581174161121485389", "price": "0.19", "size": "2460", "side": "BUY", "hash": "8bde044201d916c58a1722637547c638ec87ea8d", "best_bid": "0.65", "best_ask": "0.66"}, {"asset_id": "71639186972309675898276528548948460833492839687113431703224860884207762343959", "price": "0.81", "size": "2460", "side": "SELL", "hash": "92822151429ce27ac434fb963cdcb15a78bdf815", "best_bid": "0.34", "best_ask": "0.35"}], "timestamp": "1769384215008", "event_type": "price_change"}}
{"_local_timestamp": "2026-01-25T23:36:56.157791+00:00", "data": {"market": "0x2aa70effc51d25297ab371b90d9321d654c1c399c75fdecd6e8a892d9c8febfb", "price_changes": [{"asset_id": "113060994234598574063229391483061061335611988979671879375616581174161121485389", "price": "0.16", "size": "1150", "side": "BUY", "hash": "b002356a7993ce8c5685a1ac55921ea211383a99", "best_bid": "0.65", "best_ask": "0.66"}, {"asset_id": "71639186972309675898276528548948460833492839687113431703224860884207762343959", "price": "0.84", "size": "1150", "side": "SELL", "hash": "8031518f49b4d071023175c25b0523cea49041f4", "best_bid": "0.34", "best_ask": "0.35"}], "timestamp": "1769384215653", "event_type": "price_change"}}
{"_local_timestamp": "2026-01-25T23:37:13.166688+00:00", "data": {"market": "0x2aa70effc51d25297ab371b90d9321d654c1c399c75fdecd6e8a892d9c8febfb", "price_changes": [{"asset_id": "113060994234598574063229391483061061335611988979671879375616581174161121485389", "price": "0.18", "size": "0", "side": "BUY", "hash": "53179061d1981c88851d1250f46933c311406bad", "best_bid": "0.65", "best_ask": "0.66"}, {"asset_id": "71639186972309675898276528548948460833492839687113431703224860884207762343959", "price": "0.82", "size": "0", "side": "SELL", "hash": "694074895e208c72e0cdef9b4424a1bcbe862fc1", "best_bid": "0.34", "best_ask": "0.35"}], "timestamp": "1769384233011", "event_type": "price_change"}}
{"_local_timestamp": "2026-01-25T23:37:13.501049+00:00", "data": {"market": "0x2aa70effc51d25297ab371b90d9321d654c1c399c75fdecd6e8a892d9c8febfb", "price_changes": [{"asset_id": "113060994234598574063229391483061061335611988979671879375616581174161121485389", "price": "0.19", "size": "2560", "side": "BUY", "hash": "67f9413be64523a25a667a4205876860355b5720", "best_bid": "0.65", "best_ask": "0.66"}, {"asset_id": "71639186972309675898276528548948460833492839687113431703224860884207762343959", "price": "0.81", "size": "2560", "side": "SELL", "hash": "e198a681f4ce1db70a55c508a3dc29b08cd4edf8", "best_bid": "0.34", "best_ask": "0.35"}], "timestamp": "1769384233371", "event_type": "price_change"}}
{"_local_timestamp": "2026-01-25T23:37:35.328442+00:00", "data": {"market": "0x2aa70effc51d25297ab371b90d9321d654c1c399c75fdecd6e8a892d9c8febfb", "price_changes": [{"asset_id": "113060994234598574063229391483061061335611988979671879375616581174161121485389", "price": "0.19", "size": "350", "side": "BUY", "hash": "c7b362a58c658f1ce22ad5a31c702ea6123b3796", "best_bid": "0.65", "best_ask": "0.66"}, {"asset_id": "71639186972309675898276528548948460833492839687113431703224860884207762343959", "price": "0.81", "size": "350", "side": "SELL", "hash": "9db3eb0ea0ab43976b77150aa186efef95b2696b", "best_bid": "0.34", "best_ask": "0.35"}], "timestamp": "1769384255122", "event_type": "price_change"}}
