{"_local_timestamp": "2026-01-25T23:33:18.293795+00:00", "data": [{"market": "0xbbba7ededa28c134c1e625737b25f780db31029cd8c4085f626552fe4f3b1004", "asset_id": "42089112860025373060801067817312338285672728361631145279981849374939428337071", "timestamp": "1769383652998", "hash": "72de897e3833568d06a2aaa996c9d19ee205c96d", "bids": [{"price": "0.001", "size": "14663.13"}, {"price": "0.002", "size": "949.86"}, {"price": "0.003", "size": "130.15"}, {"price": "0.007", "size": "30.28"}, {"price": "0.008", "size": "264.39"}, {"price": "0.009", "size": "221.61"}, {"price": "0.01", "size": "16240.48"}, {"price": "0.011", "size": "255.96"}, {"price": "0.012", "size": "14.08"}, {"price": "0.014", "size": "25"}, {"price": "0.015", "size": "292.83"}], "asks": [{"price": "0.999", "size": "3855.16"}, {"price": "0.998", "size": "1250"}, {"price": "0.997", "size": "1172.68"}, {"price": "0.994", "size": "83"}, {"price": "0.993", "size": "17.68"}, {"price": "0.992", "size": "31"}, {"price": "0.991", "size": "27.55"}, {"price": "0.95", "size": "20"}, {"price": "0.949", "size": "39"}, {"price": "0.9", "size": "360"}, {"price": "0.899", "size": "5.92"}, {"price": "0.85", "size": "226.66"}, {"price": "0.8", "size": "160"}, {"price": "0.75", "size": "112"}, {"price": "0.7", "size": "86.66"}, {"price": "0.65", "size": "68.57"}, {"price": "0.6", "size": "50"}, {"price": "0.599", "size": "5"}, {"price": "0.14", "size": "10"}, {"price": "0.139", "size": "100"}, {"price": "0.135", "size": "100"}, {"price": "0.133", "size": "20"}, {"price": "0.1", "size": "40"}, {"price": "0.075", "size": "1000"}, {"price": "0.065", "size": "444"}, {"price": "0.064", "size": "22.96"}, {"price": "0.055", "size": "50"}, {"price": "0.05", "size": "10"}, {"price": "0.049", "size": "10"}, {"price": "0.041", "size": "280.7"}, {"price": "0.04", "size": "18.98"}], "event_type": "book", "last_trade_price": "0.040"}, {"market": "0xbbba7ededa28c134c1e625737b25f780db31029cd8c4085f626552fe4f3b1004", "asset_id": "110491613734724126444376422440642904228846097101610807156950099521760118371721", "timestamp": "1769383652998", "hash": "3447adc375d61cdfe4f76b50524e7f09afe29676", "bids": [{"price": "0.001", "size": "3855.16"}, {"price": "0.002", "size": "1250"}, {"price": "0.003", "size": "1172.68"}, {"price": "0.006", "size": "83"}, {"price": "0.007", "size": "17.68"}, {"price": "0.008", "size": "31"}, {"price": "0.009", "size": "27.55"}, {"price": "0.05", "size": "20"}, {"price": "0.051", "size": "39"}, {"price": "0.1", "size": "360"}, {"price": "0.101", "size": "5.92"}, {"price": "0.15", "size": "226.66"}, {"price": "0.2", "size": "160"}, {"price": "0.25", "size": "112"}, {"price": "0.3", "size": "86.66"}, {"price": "0.35", "size": "68.57"}, {"price": "0.4", "size": "50"}, {"price": "0.401", "size": "5"}, {"price": "0.86", "size": "10"}, {"price": "0.861", "size": "100"}, {"price": "0.865", "size": "100"}, {"price": "0.867", "size": "20"}, {"price": "0.9", "size": "40"}, {"price": "0.925", "size": "1000"}, {"price": "0.935", "size": "444"}, {"price": "0.936", "size": "22.96"}, {"price": "0.945", "size": "50"}, {"price": "0.95", "size": "10"}, {"price": "0.951", "size": "10"}, {"price": "0.959", "size": "280.7"}, {"price": "0.96", "size": "18.98"}], "asks": [{"price": "0.999", "size": "14663.13"}, {"price": "0.998", "size": "949.86"}, {"price": "0.997", "size": "130.15"}, {"price": "0.993", "size": "30.28"}, {"price": "0.992", "size": "264.39"}, {"price": "0.991", "size": "221.61"}, {"price": "0.99", "size": "16240.48"}, {"price": "0.989", "size": "255.96"}, {"price": "0.988", "size": "14.08"}, {"price": "0.986", "size": "25"}, {"price": "0.985", "size": "292.83"}], "event_type": "book", "last_trade_price": "0.040"}]}
{"_local_timestamp": "2026-01-25T23:33:23.452402+00:00", "data": {"market": "0xbbba7ededa28c134c1e625737b25f780db31029cd8c4085f626552fe4f3b1004", "price_changes": [{"asset_id": "42089112860025373060801067817312338285672728361631145279981849374939428337071", "price": "0.003", "size": "86.77", "side": "BUY", "hash": "3fa1ce27250081a5b74f600c0b6e058a59c021a8", "best_bid": "0.015", "best_ask": "0.04"}, {"asset_id": "110491613734724126444376422440642904228846097101610807156950099521760118371721", "price": "0.997", "size": "86.77", "side": "SELL", "hash": "e5e876200ecc1fe91037f7c68ffa6bb661bf96d6", "best_bid": "0.96", "best_ask": "0.985"}], "timestamp": "1769384003369", "event_type": "price_change"}}
{"_local_timestamp": "2026-01-25T23:33:24.217213+00:00", "data": {"market": "0xbbba7ededa28c134c1e625737b25f780db31029cd8c4085f626552fe4f3b1004", "price_changes": [{"asset_id": "42089112860025373060801067817312338285672728361631145279981849374939428337071", "price": "0.003", "size": "130.15", "side": "BUY", "hash": "bbc8be6ed6c6354410fa24d22b936194f71edeb3", "best_bid": "0.015", "best_ask": "0.04"}, {"asset_id": "110491613734724126444376422440642904228846097101610807156950099521760118371721", "price": "0.997", "size": "130.15", "side": "SELL", "hash": "21ba6309e9331288d2d017f93f989895fdcc7e3e", "best_bid": "0.96", "best_ask": "0.985"}], "timestamp": "1769384004149", "event_type": "price_change"}}
{"_local_timestamp": "2026-01-25T23:34:34.655819+00:00", "data": {"market": "0xbbba7ededa28c134c1e625737b25f780db31029cd8c4085f626552fe4f3b1004", "price_changes": [{"asset_id": "42089112860025373060801067817312338285672728361631145279981849374939428337071", "price": "0.003", "size": "86.77", "side": "BUY", "hash": "6c0ba493ad2838f8fde6db1c7b2132e8f22e6323", "best_bid": "0.015", "best_ask": "0.04"}, {"asset_id": "110491613734724126444376422440642904228846097101610807156950099521760118371721", "price": "0.997", "size": "86.77", "side": "SELL", "hash": "088225f5abe9f8f4fbd893fb73bba2bc6f81d0fd", "best_bid": "0.96", "best_ask": "0.985"}], "timestamp": "1769384074576", "event_type": "price_change"}}
{"_local_timestamp": "2026-01-25T23:34:36.229277+00:00", "data": {"market": "0xbbba7ededa28c134c1e625737b25f780db31029cd8c4085f626552fe4f3b1004", "price_changes": [{"asset_id": "42089112860025373060801067817312338285672728361631145279981849374939428337071", "price": "0.003", "size": "130.15", "side": "BUY", "hash": "401f6dd90916927ca632dd17c66f9f92adb240c0", "best_bid": "0.015", "best_ask": "0.04"}, {"asset_id": "110491613734724126444376422440642904228846097101610807156950099521760118371721", "price": "0.997", "size": "130.15", "side": "SELL", "hash": "a98dd1119a97bcd6fababbe9ca1f4c766483b961", "best_bid": "0.96", "best_ask": "0.985"}], "timestamp": "1769384076161", "event_type": "price_change"}}
