{"_local_timestamp": "2026-01-25T23:33:51.879359+00:00", "data": [{"market": "0xb3a5f4222bf620b27e709fd9e5bbd66730ec80c77e1fe1b90d9a8960efe21480", "asset_id": "52129800903215013503797120107756278990317410541421651481446396993866282012341", "timestamp": "1769384020545", "hash": "ed8f4cd2e892db57ae1732cd843a8ae158253520", "bids": [{"price": "0.01", "size": "1173.15"}, {"price": "0.02", "size": "400"}, {"price": "0.03", "size": "12.28"}, {"price": "0.09", "size": "1111.11"}, {"price": "0.1", "size": "1005.5"}, {"price": "0.11", "size": "1000"}, {"price": "0.12", "size": "280"}, {"price": "0.14", "size": "100"}, {"price": "0.16", "size": "1.82"}, {"price": "0.22", "size": "177.46"}, {"price": "0.23", "size": "498.6"}, {"price": "0.24", "size": "100"}, {"price": "0.25", "size": "10"}, {"price": "0.27", "size": "218"}, {"price": "0.28", "size": "200"}, {"price": "0.29", "size": "10.28"}], "asks": [{"price": "0.99", "size": "2154.46"}, {"price": "0.98", "size": "300"}, {"price": "0.97", "size": "200"}, {"price": "0.96", "size": "156.61"}, {"price": "0.95", "size": "750"}, {"price": "0.91", "size": "111.11"}, {"price": "0.9", "size": "975"}, {"price": "0.89", "size": "13.36"}, {"price": "0.86", "size": "609"}, {"price": "0.8", "size": "250"}, {"price": "0.79", "size": "2048"}, {"price": "0.78", "size": "100"}, {"price": "0.74", "size": "10"}, {"price": "0.56", "size": "300"}, {"price": "0.55", "size": "300"}, {"price": "0.54", "size": "305"}, {"price": "0.52", "size": "300"}, {"price": "0.5", "size": "300"}, {"price": "0.41", "size": "2460"}, {"price": "0.4", "size": "20"}, {"price": "0.39", "size": "1209.48"}, {"price": "0.38", "size": "817.74"}, {"price": "0.37", "size": "759.96"}, {"price": "0.36", "size": "3000"}, {"price": "0.34", "size": "310"}, {"price": "0.32", "size": "279.99"}, {"price": "0.31", "size": "252.63"}], "event_type": "book", "last_trade_price": "0.710"}, {"market": "0xb3a5f4222bf620b27e709fd9e5bbd66730ec80c77e1fe1b90d9a8960efe21480", "asset_id": "99293097551550571110653936254911509469843542825145331949221167012152867884750", "timestamp": "1769384020545", "hash": "e72dbdb7767e3c0b768574f2eb2f9cef6caf24fd", "bids": [{"price": "0.01", "size": "2154.46"}, {"price": "0.02", "size": "300"}, {"price": "0.03", "size": "200"}, {"price": "0.04", "size": "156.61"}, {"price": "0.05", "size": "750"}, {"price": "0.09", "size": "111.11"}, {"price": "0.1", "size": "975"}, {"price": "0.11", "size": "13.36"}, {"price": "0.14", "size": "609"}, {"price": "0.2", "size": "250"}, {"price": "0.21", "size": "2048"}, {"price": "0.22", "size": "100"}, {"price": "0.26", "size": "10"}, {"price": "0.44", "size": "300"}, {"price": "0.45", "size": "300"}, {"price": "0.46", "size": "305"}, {"price": "0.48", "size": "300"}, {"price": "0.5", "size": "300"}, {"price": "0.59", "size": "2460"}, {"price": "0.6", "size": "20"}, {"price": "0.61", "size": "1209.48"}, {"price": "0.62", "size": "817.74"}, {"price": "0.63", "size": "759.96"}, {"price": "0.64", "size": "3000"}, {"price": "0.66", "size": "310"}, {"price": "0.68", "size": "279.99"}, {"price": "0.69", "size": "252.63"}], "asks": [{"price": "0.99", "size": "1173.15"}, {"price": "0.98", "size": "400"}, {"price": "0.97", "size": "12.28"}, {"price": "0.91", "size": "1111.11"}, {"price": "0.9", "size": "1005.5"}, {"price": "0.89", "size": "1000"}, {"price": "0.88", "size": "280"}, {"price": "0.86", "size": "100"}, {"price": "0.84", "size": "1.82"}, {"price": "0.78", "size": "177.46"}, {"price": "0.77", "size": "498.6"}, {"price": "0.76", "size": "100"}, {"price": "0.75", "size": "10"}, {"price": "0.73", "size": "218"}, {"price": "0.72", "size": "200"}, {"price": "0.71", "size": "10.28"}], "event_type": "book", "last_trade_price": "0.710"}]}
{"_local_timestamp": "2026-01-25T23:34:19.947167+00:00", "data": {"market": "0xb3a5f4222bf620b27e709fd9e5bbd66730ec80c77e1fe1b90d9a8960efe21480", "price_changes": [{"asset_id": "99293097551550571110653936254911509469843542825145331949221167012152867884750", "price": "0.21", "size": "50", "side": "BUY", "hash": "e6b921ea85611edd1d29bc4a381f79c14cecce47", "best_bid": "0.69", "best_ask": "0.71"}, {"asset_id": "52129800903215013503797120107756278990317410541421651481446396993866282012341", "price": "0.79", "size": "50", "side": "SELL", "hash": "08f0e9fdd7c9b5c02d3345f8b548507272ae6377", "best_bid": "0.29", "best_ask": "0.31"}], "timestamp": "1769384059763", "event_type": "price_change"}}
{"_local_timestamp": "2026-01-25T23:34:24.881991+00:00", "data": {"market": "0xb3a5f4222bf620b27e709fd9e5bbd66730ec80c77e1fe1b90d9a8960efe21480", "price_changes": [{"asset_id": "99293097551550571110653936254911509469843542825145331949221167012152867884750", "price": "0.22", "size": "2008", "side": "BUY", "hash": "d0be745cad0ad6b246641e86efb796ee3c2fca1e", "best_bid": "0.69", "best_ask": "0.71"}, {"asset_id": "52129800903215013503797120107756278990317410541421651481446396993866282012341", "price": "0.78", "size": "2008", "side": "SELL", "hash": "a7a18b887d91b532b54aefcbeddb0f1d46af03bd", "best_bid": "0.29", "best_ask": "0.31"}], "timestamp": "1769384064814", "event_type": "price_change"}}
{"_local_timestamp": "2026-01-25T23:35:36.230614+00:00", "data": {"market": "0xb3a5f4222bf620b27e709fd9e5bbd66730ec80c77e1fe1b90d9a8960efe21480", "price_changes": [{"asset_id": "99293097551550571110653936254911509469843542825145331949221167012152867884750", "price": "0.72", "size": "251", "side": "SELL", "hash": "599fcb81beca904af8dd7ecf972329d4d3cbe086", "best_bid": "0.69", "best_ask": "0.71"}, {"asset_id": "52129800903215013503797120107756278990317410541421651481446396993866282012341", "price": "0.28", "size": "251", "side": "BUY", "hash": "158c6992fc36dc08fc37844730c457164b170d80", "best_bid": "0.29", "best_ask": "0.31"}], "timestamp": "1769384136160", "event_type": "price_change"}}
{"_local_timestamp": "2026-01-25T23:35:38.686733+00:00", "data": {"market": "0xb3a5f4222bf620b27e709fd9e5bbd66730ec80c77e1fe1b90d9a8960efe21480", "price_changes": [{"asset_id": "99293097551550571110653936254911509469843542825145331949221167012152867884750", "price": "0.72", "size": "151", "side": "SELL", "hash": "a4d92dafba950a50e879dd53c4b4840c0739c427", "best_bid": "0.69", "best_ask": "0.71"}, {"asset_id": "52129800903215013503797120107756278990317410541421651481446396993866282012341", "price": "0.28", "size": "151", "side": "BUY", "hash": "006d6c2f9aa6b3773a69d93f10ddcd9a6bc949a9", "best_bid": "0.29", "best_ask": "0.31"}], "timestamp": "1769384138612", "event_type": "price_change"}}
{"_local_timestamp": "2026-01-25T23:35:38.883075+00:00", "data": {"market": "0xb3a5f4222bf620b27e709fd9e5bbd66730ec80c77e1fe1b90d9a8960efe21480", "price_changes": [{"asset_id": "99293097551550571110653936254911509469843542825145331949221167012152867884750", "price": "0.71", "size": "110.28", "side": "SELL", "hash": "20ece67add9b47fbf20264778f7afc34832c2ce6", "best_bid": "0.69", "best_ask": "0.71"}, {"asset_id": "52129800903215013503797120107756278990317410541421651481446396993866282012341", "price": "0.29", "size": "110.28", "side": "BUY", "hash": "886cf94cab419abf42132d942d9de946abae254f", "best_bid": "0.29", "best_ask": "0.31"}], "timestamp": "1769384138806", "event_type": "price_change"}}
{"_local_timestamp": "2026-01-25T23:35:39.058662+00:00", "data": {"market": "0xb3a5f4222bf620b27e709fd9e5bbd66730ec80c77e1fe1b90d9a8960efe21480", "price_changes": [{"asset_id": "52129800903215013503797120107756278990317410541421651481446396993866282012341", "price": "0.28", "size": "51", "side": "BUY", "hash": "fa1ea18dc4b4e7dbb9c3651102e4d5056a107ee7", "best_bid": "0.29", "best_ask": "0.31"}, {"asset_id": "99293097551550571110653936254911509469843542825145331949221167012152867884750", "price": "0.72", "size": "51", "side": "SELL", "hash": "31961b8dbf129f670424ee62e5a1d326b4c05aa1", "best_bid": "0.69", "best_ask": "0.71"}], "timestamp": "1769384138988", "event_type": "price_change"}}
{"_local_timestamp": "2026-01-25T23:35:58.197301+00:00", "data": {"market": "0xb3a5f4222bf620b27e709fd9e5bbd66730ec80c77e1fe1b90d9a8960efe21480", "price_changes": [{"asset_id": "99293097551550571110653936254911509469843542825145331949221167012152867884750", "price": "0.22", "size": "100", "side": "BUY", "hash": "a00617e06930600b0438688f625279ece38a28c5", "best_bid": "0.69", "best_ask": "0.71"}, {"asset_id": "52129800903215013503797120107756278990317410541421651481446396993866282012341", "price": "0.78", "size": "100", "side": "SELL", "hash": "d8c728972151cb6e5564b30f46a35625ac9ff04f", "best_bid": "0.29", "best_ask": "0.31"}], "timestamp": "1769384158068", "event_type": "price_change"}}
{"_local_timestamp": "2026-01-25T23:36:27.717834+00:00", "data": {"market": "0xb3a5f4222bf620b27e709fd9e5bbd66730ec80c77e1fe1b90d9a8960efe21480", "price_changes": [{"asset_id": "99293097551550571110653936254911509469843542825145331949221167012152867884750", "price": "0.21", "size": "2048", "side": "BUY", "hash": "ad5e0e438161cb7ab017822001b9625bde268c52", "best_bid": "0.69", "best_ask": "0.71"}, {"asset_id": "52129800903215013503797120107756278990317410541421651481446396993866282012341", "price": "0.79", "size": "2048", "side": "SELL", "hash": "2c6a84899694b383861216a2430b7b8d3ad23d03", "best_bid": "0.29", "best_ask": "0.31"}], "timestamp": "1769384187647", "event_type": "price_change"}}
{"_local_timestamp": "2026-01-25T23:37:13.137147+00:00", "data": {"market": "0xb3a5f4222bf620b27e709fd9e5bbd66730ec80c77e1fe1b90d9a8960efe21480", "price_changes": [{"asset_id": "99293097551550571110653936254911509469843542825145331949221167012152867884750", "price": "0.21", "size": "1998", "side": "BUY", "hash": "9d3dc60f37e9a69dd93d6996aca8d3cb9788735d", "best_bid": "0.69", "best_ask": "0.71"}, {"asset_id": "52129800903215013503797120107756278990317410541421651481446396993866282012341", "price": "0.79", "size": "1998", "side": "SELL", "hash": "ad6f9e341a6ae50832d3252bb82020f76a2f986d", "best_bid": "0.29", "best_ask": "0.31"}], "timestamp": "1769384233015", "event_type": "price_change"}}
{"_local_timestamp": "2026-01-25T23:37:13.500579+00:00", "data": {"market": "0xb3a5f4222bf620b27e709fd9e5bbd66730ec80c77e1fe1b90d9a8960efe21480", "price_changes": [{"asset_id": "99293097551550571110653936254911509469843542825145331949221167012152867884750", "price": "0.22", "size": "150", "side": "BUY", "hash": "4570f51f054bd629554a631d93e8066cea16a24a", "best_bid": "0.69", "best_ask": "0.71"}, {"asset_id": "52129800903215013503797120107756278990317410541421651481446396993866282012341", "price": "0.78", "size": "150", "side": "SELL", "hash": "3b3eeb62e22a5e590c3f1b3cc2c939645b11c868", "best_bid": "0.29", "best_ask": "0.31"}], "timestamp": "1769384233374", "event_type": "price_change"}}
{"_local_timestamp": "2026-01-25T23:37:15.207728+00:00", "data": {"market": "0xb3a5f4222bf620b27e709fd9e5bbd66730ec80c77e1fe1b90d9a8960efe21480", "price_changes": [{"asset_id": "52129800903215013503797120107756278990317410541421651481446396993866282012341", "price": "0.27", "size": "18", "side": "BUY", "hash": "d9542d86d7aef5b54bf657adf5776d96caae6a5b", "best_bid": "0.29", "best_ask": "0.31"}, {"asset_id": "99293097551550571110653936254911509469843542825145331949221167012152867884750", "price": "0.73", "size": "18", "side": "SELL", "hash": "462a05cb709da17275a78a0f3893e8edebe60514", "best_bid": "0.69", "best_ask": "0.71"}], "timestamp": "1769384235139", "event_type": "price_change"}}
{"_local_timestamp": "2026-01-25T23:37:15.310719+00:00", "data": {"market": "0xb3a5f4222bf620b27e709fd9e5bbd66730ec80c77e1fe1b90d9a8960efe21480", "price_changes": [{"asset_id": "99293097551550571110653936254911509469843542825145331949221167012152867884750", "price": "0.68", "size": "80", "side": "BUY", "hash": "da281ef527732c99d09437187af00f29dd3064e4", "best_bid": "0.69", "best_ask": "0.71"}, {"asset_id": "52129800903215013503797120107756278990317410541421651481446396993866282012341", "price": "0.32", "size": "80", "side": "SELL", "hash": "9914aaa91f3693f38694ab734b6a374be409d82e", "best_bid": "0.29", "best_ask": "0.31"}], "timestamp": "1769384235236", "event_type": "price_change"}}
{"_local_timestamp": "2026-01-25T23:37:16.172751+00:00", "data": {"market": "0xb3a5f4222bf620b27e709fd9e5bbd66730ec80c77e1fe1b90d9a8960efe21480", "price_changes": [{"asset_id": "99293097551550571110653936254911509469843542825145331949221167012152867884750", "price": "0.68", "size": "207.99", "side": "BUY", "hash": "6fb26bc01211a77f5486d4b06208b0115ca5cc09", "best_bid": "0.69", "best_ask": "0.71"}, {"asset_id": "52129800903215013503797120107756278990317410541421651481446396993866282012341", "price": "0.32", "size": "207.99", "side": "SELL", "hash": "cadc1356cf54d55c8949fb895123dac3a2f400cf", "best_bid": "0.29", "best_ask": "0.31"}], "timestamp": "1769384236102", "event_type": "price_change"}}
{"_local_timestamp": "2026-01-25T23:37:16.173163+00:00", "data": {"market": "0xb3a5f4222bf620b27e709fd9e5bbd66730ec80c77e1fe1b90d9a8960efe21480", "price_changes": [{"asset_id": "52129800903215013503797120107756278990317410541421651481446396993866282012341", "price": "0.27", "size": "373.55", "side": "BUY", "hash": "c1824183331586cb99233e7ad38d789943a7bc7f", "best_bid": "0.29", "best_ask": "0.31"}, {"asset_id": "99293097551550571110653936254911509469843542825145331949221167012152867884750", "price": "0.73", "size": "373.55", "side": "SELL", "hash": "4a32e32bd0aac8edd242d80d66e644763790e7f3", "best_bid": "0.69", "best_ask": "0.71"}], "timestamp": "1769384236103", "event_type": "price_change"}}
{"_local_timestamp": "2026-01-25T23:37:44.643804+00:00", "data": {"market": "0xb3a5f4222bf620b27e709fd9e5bbd66730ec80c77e1fe1b90d9a8960efe21480", "price_changes": [{"asset_id": "99293097551550571110653936254911509469843542825145331949221167012152867884750", "price": "0.7", "size": "50", "side": "BUY", "hash": "da53f04be75acfa2739c9202d08995c4b21c0db6", "best_bid": "0.7", "best_ask": "0.71"}, {"asset_id": "52129800903215013503797120107756278990317410541421651481446396993866282012341", "price": "0.3", "size": "50", "side": "SELL", "hash": "a60b9b753bab9ac8739be4c9f228a38b4e3d6c2b", "best_bid": "0.29", "best_ask": "0.3"}], "timestamp": "1769384264530", "event_type": "price_change"}}
