{"_local_timestamp": "2026-01-25T23:40:59.971885+00:00", "data": [{"market": "0xb3a5f4222bf620b27e709fd9e5bbd66730ec80c77e1fe1b90d9a8960efe21480", "asset_id": "99293097551550571110653936254911509469843542825145331949221167012152867884750", "timestamp": "1769384415375", "hash": "fcdaf9dbfc1f5d191978c09b1e7abf66b8ce7335", "bids": [{"price": "0.01", "size": "2154.46"}, {"price": "0.02", "size": "300"}, {"price": "0.03", "size": "200"}, {"price": "0.04", "size": "156.61"}, {"price": "0.05", "size": "750"}, {"price": "0.09", "size": "111.11"}, {"price": "0.1", "size": "975"}, {"price": "0.11", "size": "13.36"}, {"price": "0.14", "size": "609"}, {"price": "0.2", "size": "250"}, {"price": "0.21", "size": "150"}, {"price": "0.22", "size": "1908"}, {"price": "0.26", "size": "10"}, {"price": "0.44", "size": "300"}, {"price": "0.45", "size": "300"}, {"price": "0.46", "size": "305"}, {"price": "0.48", "size": "300"}, {"price": "0.5", "size": "300"}, {"price": "0.59", "size": "2460"}, {"price": "0.6", "size": "20"}, {"price": "0.61", "size": "1209.48"}, {"price": "0.62", "size": "817.74"}, {"price": "0.63", "size": "759.96"}, {"price": "0.64", "size": "3000"}, {"price": "0.66", "size": "300"}, {"price": "0.67", "size": "10"}, {"price": "0.68", "size": "280"}, {"price": "0.69", "size": "252.63"}, {"price": "0.7", "size": "50"}], "asks": [{"price": "0.99", "size": "1173.15"}, {"price": "0.98", "size": "400"}, {"price": "0.97", "size": "12.28"}, {"price": "0.91", "size": "1111.11"}, {"price": "0.9", "size": "1005.5"}, {"price": "0.89", "size": "1000"}, {"price": "0.88", "size": "280"}, {"price": "0.86", "size": "100"}, {"price": "0.84", "size": "1.82"}, {"price": "0.78", "size": "177.46"}, {"price": "0.77", "size": "498.6"}, {"price": "0.76", "size": "100"}, {"price": "0.75", "size": "10"}, {"price": "0.73", "size": "217.99"}, {"price": "0.72", "size": "51"}, {"price": "0.71", "size": "110.28"}], "event_type": "book", "last_trade_price": "0.710"}, {"market": "0xb3a5f4222bf620b27e709fd9e5bbd66730ec80c77e1fe1b90d9a8960efe21480", "asset_id": "52129800903215013503797120107756278990317410541421651481446396993866282012341", "timestamp": "1769384415375", "hash": "9e0072f593676f3ed0521be4413016bd6deb354f", "bids": [{"price": "0.01", "size": "1173.15"}, {"price": "0.02", "size": "400"}, {"price": "0.03", "size": "12.28"}, {"price": "0.09", "size": "1111.11"}, {"price": "0.1", "size": "1005.5"}, {"price": "0.11", "size": "1000"}, {"price": "0.12", "size": "280"}, {"price": "0.14", "size": "100"}, {"price": "0.16", "size": "1.82"}, {"price": "0.22", "size": "177.46"}, {"price": "0.23", "size": "498.6"}, {"price": "0.24", "size": "100"}, {"price": "0.25", "size": "10"}, {"price": "0.27", "size": "217.99"}, {"price": "0.28", "size": "51"}, {"price": "0.29", "size": "110.28"}], "asks": [{"price": "0.99", "size": "2154.46"}, {"price": "0.98", "size": "300"}, {"price": "0.97", "size": "200"}, {"price": "0.96", "size": "156.61"}, {"price": "0.95", "size": "750"}, {"price": "0.91", "size": "111.11"}, {"price": "0.9", "size": "975"}, {"price": "0.89", "size": "13.36"}, {"price": "0.86", "size": "609"}, {"price": "0.8", "size": "250"}, {"price": "0.79", "size": "150"}, {"price": "0.78", "size": "1908"}, {"price": "0.74", "size": "10"}, {"price": "0.56", "size": "300"}, {"price": "0.55", "size": "300"}, {"price": "0.54", "size": "305"}, {"price": "0.52", "size": "300"}, {"price": "0.5", "size": "300"}, {"price": "0.41", "size": "2460"}, {"price": "0.4", "size": "20"}, {"price": "0.39", "size": "1209.48"}, {"price": "0.38", "size": "817.74"}, {"price": "0.37", "size": "759.96"}, {"price": "0.36", "size": "3000"}, {"price": "0.34", "size": "300"}, {"price": "0.33", "size": "10"}, {"price": "0.32", "size": "280"}, {"price": "0.31", "size": "252.63"}, {"price": "0.3", "size": "50"}], "event_type": "book", "last_trade_price": "0.710"}]}
{"_local_timestamp": "2026-01-25T23:42:24.597099+00:00", "data": {"market": "0xb3a5f4222bf620b27e709fd9e5bbd66730ec80c77e1fe1b90d9a8960efe21480", "price_changes": [{"asset_id": "99293097551550571110653936254911509469843542825145331949221167012152867884750", "price": "0.21", "size": "100", "side": "BUY", "hash": "0185e83ad9d57605236b80a0b3abdc016eeb9942", "best_bid": "0.7", "best_ask": "0.71"}, {"asset_id": "52129800903215013503797120107756278990317410541421651481446396993866282012341", "price": "0.79", "size": "100", "side": "SELL", "hash": "32817fabddbb569eabbe6a12c2f0864b12f48e4e", "best_bid": "0.29", "best_ask": "0.3"}], "timestamp": "1769384544476", "event_type": "price_change"}}
{"_local_timestamp": "2026-01-25T23:42:25.324126+00:00", "data": {"market": "0xb3a5f4222bf620b27e709fd9e5bbd66730ec80c77e1fe1b90d9a8960efe21480", "price_changes": [{"asset_id": "99293097551550571110653936254911509469843542825145331949221167012152867884750", "price": "0.22", "size": "1958", "side": "BUY", "hash": "d49b6c962d6f551c7895d9401f26782e705dd43c", "best_bid": "0.7", "best_ask": "0.71"}, {"asset_id": "52129800903215013503797120107756278990317410541421651481446396993866282012341", "price": "0.78", "size": "1958", "side": "SELL", "hash": "bb4cbed0a1e3fb5afd7242418853c43024bc0b78", "best_bid": "0.29", "best_ask": "0.3"}], "timestamp": "1769384544919", "event_type": "price_change"}}
{"_local_timestamp": "2026-01-25T23:44:20.987450+00:00", "data": {"market": "0xb3a5f4222bf620b27e709fd9e5bbd66730ec80c77e1fe1b90d9a8960efe21480", "price_changes": [{"asset_id": "99293097551550571110653936254911509469843542825145331949221167012152867884750", "price": "0.21", "size": "0", "side": "BUY", "hash": "5d0e2cb02598515fd89c1ec5ed98297ed2588b7f", "best_bid": "0.7", "best_ask": "0.71"}, {"asset_id": "52129800903215013503797120107756278990317410541421651481446396993866282012341", "price": "0.79", "size": "0", "side": "SELL", "hash": "9e229ecf2b4297785f66a1fae813164a2f907a20", "best_bid": "0.29", "best_ask": "0.3"}], "timestamp": "1769384660464", "event_type": "price_change"}}
{"_local_timestamp": "2026-01-25T23:44:21.470793+00:00", "data": {"market": "0xb3a5f4222bf620b27e709fd9e5bbd66730ec80c77e1fe1b90d9a8960efe21480", "price_changes": [{"asset_id": "99293097551550571110653936254911509469843542825145331949221167012152867884750", "price": "0.22", "size": "2058", "side": "BUY", "hash": "e906d988b9ea6bb2781924a6872c69c882728f54", "best_bid": "0.7", "best_ask": "0.71"}, {"asset_id": "52129800903215013503797120107756278990317410541421651481446396993866282012341", "price": "0.78", "size": "2058", "side": "SELL", "hash": "0e86d07e9b84105d70b8565d58f78e5beb27f48f", "best_bid": "0.29", "best_ask": "0.3"}], "timestamp": "1769384660860", "event_type": "price_change"}}
