{"_local_timestamp": "2026-01-25T23:33:53.039996+00:00", "data": [{"market": "0x335eeb4164d99917d4b1de06c912e3779b33da99042b0ff67f5da85cccbd1c33", "asset_id": "86037361393583324573567132958336838878429269989307253509698607975955609178090", "timestamp": "1769375489313", "hash": "d43d9803bcd92a4ea94d1c785c27950dfb375a7a", "bids": [{"price": "0.01", "size": "25"}, {"price": "0.02", "size": "5.47"}], "asks": [], "event_type": "book", "last_trade_price": ""}, {"market": "0x29bf13f267710b74079eabb44011db08dc02b8b952875afa61bed92e141c38a4", "asset_id": "112402512862589891433702913071765826961363618299206227341528472615291919136251", "timestamp": "1769375489269", "hash": "1d6d0740f1c47873f710b888be032e3affd13d88", "bids": [], "asks": [{"price": "0.99", "size": "25"}, {"price": "0.98", "size": "5.47"}], "event_type": "book", "last_trade_price": ""}, {"market": "0x335eeb4164d99917d4b1de06c912e3779b33da99042b0ff67f5da85cccbd1c33", "asset_id": "55691159625343394352373158937695589448301087766530246844570823375550181899781", "timestamp": "1769375489313", "hash": "49bd301244338ce389f9d17227d2c27059b56d17", "bids": [], "asks": [{"price": "0.99", "size": "25"}, {"price": "0.98", "size": "5.47"}], "event_type": "book", "last_trade_price": ""}, {"market": "0x42d1f13c9dfd85f25c9cc2eb89b525819f9d1cbe1cda4f175062cd36b090f12a", "asset_id": "81521714778938432373129765675885023168241123635727478493401345144414691359895", "timestamp": "1769352162756", "hash": "2f97c14d5c9e270601bf7af7a325b326fcfc8809", "bids": [{"price": "0.001", "size": "1162.98"}], "asks": [{"price": "0.999", "size": "14.99"}], "event_type": "book", "last_trade_price": "0.001"}, {"market": "0x42d1f13c9dfd85f25c9cc2eb89b525819f9d1cbe1cda4f175062cd36b090f12a", "asset_id": "44810543135626437453710732915526481316611977126623531901570570456598143864548", "timestamp": "1769352162756", "hash": "ca534add46aaa8f043c29c3e8b9ea26253861e97", "bids": [{"price": "0.001", "size": "14.99"}], "asks": [{"price": "0.999", "size": "1162.98"}], "event_type": "book", "last_trade_price": "0.001"}, {"market": "0x29bf13f267710b74079eabb44011db08dc02b8b952875afa61bed92e141c38a4", "asset_id": "113152879629188426382312512066883095550905039779356337448536457633732025896465", "timestamp": "1769375489269", "hash": "9fade7042383efa5330d68bb203a3746140138e2", "bids": [{"price": "0.01", "size": "25"}, {"price": "0.02", "size": "5.47"}], "asks": [], "event_type": "book", "last_trade_price": ""}]}
