{"_local_timestamp": "2026-01-25T23:41:23.983043+00:00", "data": [{"market": "0x69c21de45081ceb2599dabad7f481aaacc0e7f3b22d55ea0667cd26cb7cbaa5d", "asset_id": "100233781824635313531098218672545101599006374140235361511227178660459237562434", "timestamp": "1769382279543", "hash": "4c8771210f1feebd74c5322e6f9db5a57263d7c2", "bids": [{"price": "0.01", "size": "185.48"}, {"price": "0.02", "size": "47.25"}, {"price": "0.43", "size": "50"}], "asks": [{"price": "0.99", "size": "1185.78"}, {"price": "0.98", "size": "47.11"}, {"price": "0.85", "size": "10"}, {"price": "0.7", "size": "500"}, {"price": "0.66", "size": "1000"}, {"price": "0.65", "size": "80"}, {"price": "0.64", "size": "3000"}], "event_type": "book", "last_trade_price": "0.530"}, {"market": "0x001c353c244069dd4cec7256cffa9fc72b8b2a2bd81e11f314915952383b797c", "asset_id": "98867440143782499399674888810263190696616181738650068135963226850224142943896", "timestamp": "1769384443107", "hash": "3e9ae6a40a8ed4caf99e53c3edecf92aed490d9b", "bids": [{"price": "0.01", "size": "2788.76"}, {"price": "0.02", "size": "1000"}, {"price": "0.03", "size": "6.99"}, {"price": "0.04", "size": "2100"}, {"price": "0.05", "size": "800"}, {"price": "0.06", "size": "11.71"}, {"price": "0.21", "size": "119"}, {"price": "0.3", "size": "300"}, {"price": "0.31", "size": "14533"}, {"price": "0.32", "size": "15706"}, {"price": "0.33", "size": "33899"}, {"price": "0.34", "size": "19550"}, {"price": "0.35", "size": "4865.93"}], "asks": [{"price": "0.99", "size": "2789.96"}, {"price": "0.98", "size": "2100"}, {"price": "0.97", "size": "10.41"}, {"price": "0.95", "size": "20"}, {"price": "0.93", "size": "1700"}, {"price": "0.9", "size": "800"}, {"price": "0.89", "size": "5.34"}, {"price": "0.8", "size": "400"}, {"price": "0.73", "size": "200"}, {"price": "0.66", "size": "100"}, {"price": "0.5", "size": "83"}, {"price": "0.43", "size": "350"}, {"price": "0.4", "size": "40"}, {"price": "0.39", "size": "33"}, {"price": "0.38", "size": "97"}, {"price": "0.37", "size": "11792.49"}, {"price": "0.36", "size": "20337.31"}], "event_type": "book", "last_trade_price": "0.640"}, {"market": "0x69c21de45081ceb2599dabad7f481aaacc0e7f3b22d55ea0667cd26cb7cbaa5d", "asset_id": "95833687944204395178644553938557402901807372021065005817737904173376861684535", "timestamp": "1769382279543", "hash": "5283cd30a77804390e2f2f94e449563ec9a0a5f2", "bids": [{"price": "0.01", "size": "1185.78"}, {"price": "0.02", "size": "47.11"}, {"price": "0.15", "size": "10"}, {"price": "0.3", "size": "500"}, {"price": "0.34", "size": "1000"}, {"price": "0.35", "size": "80"}, {"price": "0.36", "size": "3000"}], "asks": [{"price": "0.99", "size": "185.48"}, {"price": "0.98", "size": "47.25"}, {"price": "0.57", "size": "50"}], "event_type": "book", "last_trade_price": "0.530"}, {"market": "0x430aab94313e8455c1f733d721e644ece2ff011f9361e40792e0ef0078f1db7f", "asset_id": "37560777106562476203921852514162124504473992802704816748679251849099198183778", "timestamp": "1769384254019", "hash": "632ada9b63d3529a58f2a1d851799374932d6411", "bids": [{"price": "0.01", "size": "1085.1"}, {"price": "0.02", "size": "47.44"}, {"price": "0.2", "size": "200"}, {"price": "0.27", "size": "200"}, {"price": "0.59", "size": "10000"}, {"price": "0.61", "size": "10000"}], "asks": [{"price": "0.99", "size": "1080"}, {"price": "0.98", "size": "50"}, {"price": "0.71", "size": "10000"}, {"price": "0.69", "size": "10000"}], "event_type": "book", "last_trade_price": ""}, {"market": "0x23d78e552ce471bd8023e53b85bb0eba8d379ed35e8f1b70fbdbf1665f740b45", "asset_id": "46018653459074182322336622707504864205815553648701542511774269745333148626006", "timestamp": "1769384475934", "hash": "572874575d68a084fddb9b2ccfdc2307fdca978a", "bids": [{"price": "0.01", "size": "1136.89"}, {"price": "0.02", "size": "47.3"}, {"price": "0.45", "size": "5000"}, {"price": "0.46", "size": "10020"}], "asks": [{"price": "0.99", "size": "1136.79"}, {"price": "0.98", "size": "47.35"}, {"price": "0.8", "size": "200"}, {"price": "0.5", "size": "10000"}], "event_type": "book", "last_trade_price": "0.530"}, {"market": "0x23d78e552ce471bd8023e53b85bb0eba8d379ed35e8f1b70fbdbf1665f740b45", "asset_id": "66915594789967838607151324918562992863882459697767761737579063950722083587758", "timestamp": "1769384475934", "hash": "3e1456457ee46e39b6ec2b59aa8ec03148b4ce8a", "bids": [{"price": "0.01", "size": "1136.79"}, {"price": "0.02", "size": "47.35"}, {"price": "0.2", "size": "200"}, {"price": "0.5", "size": "10000"}], "asks": [{"price": "0.99", "size": "1136.89"}, {"price": "0.98", "size": "47.3"}, {"price": "0.55", "size": "5000"}, {"price": "0.54", "size": "10020"}], "event_type": "book", "last_trade_price": "0.530"}, {"market": "0x001c353c244069dd4cec7256cffa9fc72b8b2a2bd81e11f314915952383b797c", "asset_id": "4589173697576215557807730046205275848276913777924790840802497320319533822442", "timestamp": "1769384443107", "hash": "5d398d866de3349c035f8382cf166155cba035dd", "bids": [{"price": "0.01", "size": "2789.96"}, {"price": "0.02", "size": "2100"}, {"price": "0.03", "size": "10.41"}, {"price": "0.05", "size": "20"}, {"price": "0.07", "size": "1700"}, {"price": "0.1", "size": "800"}, {"price": "0.11", "size": "5.34"}, {"price": "0.2", "size": "400"}, {"price": "0.27", "size": "200"}, {"price": "0.34", "size": "100"}, {"price": "0.5", "size": "83"}, {"price": "0.57", "size": "350"}, {"price": "0.6", "size": "40"}, {"price": "0.61", "size": "33"}, {"price": "0.62", "size": "97"}, {"price": "0.63", "size": "11792.49"}, {"price": "0.64", "size": "20337.31"}], "asks": [{"price": "0.99", "size": "2788.76"}, {"price": "0.98", "size": "1000"}, {"price": "0.97", "size": "6.99"}, {"price": "0.96", "size": "2100"}, {"price": "0.95", "size": "800"}, {"price": "0.94", "size": "11.71"}, {"price": "0.79", "size": "119"}, {"price": "0.7", "size": "300"}, {"price": "0.69", "size": "14533"}, {"price": "0.68", "size": "15706"}, {"price": "0.67", "size": "33899"}, {"price": "0.66", "size": "19550"}, {"price": "0.65", "size": "4865.93"}], "event_type": "book", "last_trade_price": "0.640"}, {"market": "0x328130f0da1f2c17aac372d21fe4c70578148b75a0e7fd5cb9d447a3ab0abcca", "asset_id": "48515630200218192130095781577889005928645379611634750543937984784940018019452", "timestamp": "1769382697889", "hash": "fcab4c6f32c5966f46ec967cae7b7f1c73e61811", "bids": [{"price": "0.01", "size": "192.39"}, {"price": "0.02", "size": "43.8"}, {"price": "0.06", "size": "5.47"}, {"price": "0.07", "size": "5.47"}], "asks": [{"price": "0.99", "size": "1185.78"}, {"price": "0.98", "size": "47.1"}, {"price": "0.85", "size": "10"}, {"price": "0.64", "size": "3000"}], "event_type": "book", "last_trade_price": ""}, {"market": "0x430aab94313e8455c1f733d721e644ece2ff011f9361e40792e0ef0078f1db7f", "asset_id": "95430313138053455452669233555625407095764588616214506709885886231580096928546", "timestamp": "1769384254019", "hash": "7ceeb5e05a6590610a12cf407067e7a366b28557", "bids": [{"price": "0.01", "size": "1080"}, {"price": "0.02", "size": "50"}, {"price": "0.29", "size": "10000"}, {"price": "0.31", "size": "10000"}], "asks": [{"price": "0.99", "size": "1085.1"}, {"price": "0.98", "size": "47.44"}, {"price": "0.8", "size": "200"}, {"price": "0.73", "size": "200"}, {"price": "0.41", "size": "10000"}, {"price": "0.39", "size": "10000"}], "event_type": "book", "last_trade_price": ""}, {"market": "0x328130f0da1f2c17aac372d21fe4c70578148b75a0e7fd5cb9d447a3ab0abcca", "asset_id": "30857296026074536312265576593963624541093088013639808793889303170254514526472", "timestamp": "1769382697889", "hash": "556cdefca694c0ad0e837a801e781e250ca7754a", "bids": [{"price": "0.01", "size": "1185.78"}, {"price": "0.02", "size": "47.1"}, {"price": "0.15", "size": "10"}, {"price": "0.36", "size": "3000"}], "asks": [{"price": "0.99", "size": "192.39"}, {"price": "0.98", "size": "43.8"}, {"price": "0.94", "size": "5.47"}, {"price": "0.93", "size": "5.47"}], "event_type": "book", "last_trade_price": ""}]}
{"_local_timestamp": "2026-01-25T23:42:06.852343+00:00", "data": {"market": "0x23d78e552ce471bd8023e53b85bb0eba8d379ed35e8f1b70fbdbf1665f740b45", "price_changes": [{"asset_id": "66915594789967838607151324918562992863882459697767761737579063950722083587758", "price": "0.52", "size": "275.88", "side": "BUY", "hash": "4fcef6470e2a88fec0dee909e8e997b0a7f96897", "best_bid": "0.52", "best_ask": "0.54"}, {"asset_id": "46018653459074182322336622707504864205815553648701542511774269745333148626006", "price": "0.48", "size": "275.88", "side": "SELL", "hash": "9dc0e7dbd0aec4015fab2e454a5d654dbe78f653", "best_bid": "0.46", "best_ask": "0.48"}], "timestamp": "1769384526763", "event_type": "price_change"}}
{"_local_timestamp": "2026-01-25T23:42:15.900231+00:00", "data": {"market": "0x23d78e552ce471bd8023e53b85bb0eba8d379ed35e8f1b70fbdbf1665f740b45", "price_changes": [{"asset_id": "66915594789967838607151324918562992863882459697767761737579063950722083587758", "price": "0.52", "size": "0", "side": "BUY", "hash": "632935c21532f9edce52c9728a092cd549db9eaa", "best_bid": "0.5", "best_ask": "0.54"}, {"asset_id": "46018653459074182322336622707504864205815553648701542511774269745333148626006", "price": "0.48", "size": "0", "side": "SELL", "hash": "0bcb955bbb3b393bb23af5299b34d40dd08ff877", "best_bid": "0.46", "best_ask": "0.5"}], "timestamp": "1769384535799", "event_type": "price_change"}}
{"_local_timestamp": "2026-01-25T23:42:18.163176+00:00", "data": {"market": "0x001c353c244069dd4cec7256cffa9fc72b8b2a2bd81e11f314915952383b797c", "price_changes": [{"asset_id": "4589173697576215557807730046205275848276913777924790840802497320319533822442", "price": "0.63", "size": "11711", "side": "BUY", "hash": "9fa801bf7a2875eca643cc493fefe9fe119c18b5", "best_bid": "0.64", "best_ask": "0.65"}, {"asset_id": "98867440143782499399674888810263190696616181738650068135963226850224142943896", "price": "0.37", "size": "11711", "side": "SELL", "hash": "8441ab0285a2cd76e4076f636e4e6f720806fb01", "best_bid": "0.35", "best_ask": "0.36"}], "timestamp": "1769384538047", "event_type": "price_change"}}
{"_local_timestamp": "2026-01-25T23:42:24.573800+00:00", "data": {"market": "0x001c353c244069dd4cec7256cffa9fc72b8b2a2bd81e11f314915952383b797c", "price_changes": [{"asset_id": "4589173697576215557807730046205275848276913777924790840802497320319533822442", "price": "0.64", "size": "20418.8", "side": "BUY", "hash": "770a56981aa819612ad89cc43626786c7853a24f", "best_bid": "0.64", "best_ask": "0.65"}, {"asset_id": "98867440143782499399674888810263190696616181738650068135963226850224142943896", "price": "0.36", "size": "20418.8", "side": "SELL", "hash": "f13d362922e2aacad64b879156567bc94d5e763e", "best_bid": "0.35", "best_ask": "0.36"}], "timestamp": "1769384544404", "event_type": "price_change"}}
{"_local_timestamp": "2026-01-25T23:42:51.790891+00:00", "data": {"market": "0x001c353c244069dd4cec7256cffa9fc72b8b2a2bd81e11f314915952383b797c", "price_changes": [{"asset_id": "4589173697576215557807730046205275848276913777924790840802497320319533822442", "price": "0.6", "size": "60", "side": "BUY", "hash": "6243f50b1a0d8e5163fe8575e1d7da030647a981", "best_bid": "0.64", "best_ask": "0.65"}, {"asset_id": "98867440143782499399674888810263190696616181738650068135963226850224142943896", "price": "0.4", "size": "60", "side": "SELL", "hash": "9a2b10b3df45a0a023dfd6391c6f98b950bd4fb9", "best_bid": "0.35", "best_ask": "0.36"}], "timestamp": "1769384571687", "event_type": "price_change"}}
{"_local_timestamp": "2026-01-25T23:43:07.396561+00:00", "data": {"market": "0x23d78e552ce471bd8023e53b85bb0eba8d379ed35e8f1b70fbdbf1665f740b45", "price_changes": [{"asset_id": "66915594789967838607151324918562992863882459697767761737579063950722083587758", "price": "0.52", "size": "275.88", "side": "BUY", "hash": "0cd438ecb0fa3c850c164bee24917a3d5e0e2f57", "best_bid": "0.52", "best_ask": "0.54"}, {"asset_id": "46018653459074182322336622707504864205815553648701542511774269745333148626006", "price": "0.48", "size": "275.88", "side": "SELL", "hash": "d89fd8bb3bf24e9354a9db8556b491034cdfb20d", "best_bid": "0.46", "best_ask": "0.48"}], "timestamp": "1769384587311", "event_type": "price_change"}}
{"_local_timestamp": "2026-01-25T23:43:16.590397+00:00", "data": {"market": "0x23d78e552ce471bd8023e53b85bb0eba8d379ed35e8f1b70fbdbf1665f740b45", "price_changes": [{"asset_id": "66915594789967838607151324918562992863882459697767761737579063950722083587758", "price": "0.52", "size": "0", "side": "BUY", "hash": "941afb35db319e963be390a6e377f2fd3f5f3b6b", "best_bid": "0.5", "best_ask": "0.54"}, {"asset_id": "46018653459074182322336622707504864205815553648701542511774269745333148626006", "price": "0.48", "size": "0", "side": "SELL", "hash": "aa2b2bbfa7ede0ac9f6c1ff4216d094c17adb4f0", "best_bid": "0.46", "best_ask": "0.5"}], "timestamp": "1769384596439", "event_type": "price_change"}}
{"_local_timestamp": "2026-01-25T23:43:32.502295+00:00", "data": {"market": "0x430aab94313e8455c1f733d721e644ece2ff011f9361e40792e0ef0078f1db7f", "price_changes": [{"asset_id": "95430313138053455452669233555625407095764588616214506709885886231580096928546", "price": "0.02", "size": "0", "side": "BUY", "hash": "b633470da89c17c2649ef089024f588b4cc93db5", "best_bid": "0.31", "best_ask": "0.39"}, {"asset_id": "37560777106562476203921852514162124504473992802704816748679251849099198183778", "price": "0.98", "size": "0", "side": "SELL", "hash": "9928013dec1f1024ee0a899d0d5c6b999bf6bc72", "best_bid": "0.61", "best_ask": "0.69"}], "timestamp": "1769384612409", "event_type": "price_change"}}
{"_local_timestamp": "2026-01-25T23:43:32.768691+00:00", "data": {"market": "0x430aab94313e8455c1f733d721e644ece2ff011f9361e40792e0ef0078f1db7f", "price_changes": [{"asset_id": "95430313138053455452669233555625407095764588616214506709885886231580096928546", "price": "0.01", "size": "1089.55", "side": "BUY", "hash": "e50fe9cd488cf09280446e931bdec346811090e0", "best_bid": "0.31", "best_ask": "0.39"}, {"asset_id": "37560777106562476203921852514162124504473992802704816748679251849099198183778", "price": "0.99", "size": "1089.55", "side": "SELL", "hash": "b07c91ff40ae8e460ab3dd3d174e2653a9c2b9a2", "best_bid": "0.61", "best_ask": "0.69"}], "timestamp": "1769384612682", "event_type": "price_change"}}
{"_local_timestamp": "2026-01-25T23:43:32.773994+00:00", "data": {"market": "0x430aab94313e8455c1f733d721e644ece2ff011f9361e40792e0ef0078f1db7f", "price_changes": [{"asset_id": "95430313138053455452669233555625407095764588616214506709885886231580096928546", "price": "0.03", "size": "30.14", "side": "BUY", "hash": "d4505f6d25bcf9349afdcf4caecca22adf9e7d2a", "best_bid": "0.31", "best_ask": "0.39"}, {"asset_id": "37560777106562476203921852514162124504473992802704816748679251849099198183778", "price": "0.97", "size": "30.14", "side": "SELL", "hash": "82a006070852750da198f139b0ea322ca13a27d1", "best_bid": "0.61", "best_ask": "0.69"}], "timestamp": "1769384612683", "event_type": "price_change"}}
{"_local_timestamp": "2026-01-25T23:44:07.785893+00:00", "data": {"market": "0x23d78e552ce471bd8023e53b85bb0eba8d379ed35e8f1b70fbdbf1665f740b45", "price_changes": [{"asset_id": "66915594789967838607151324918562992863882459697767761737579063950722083587758", "price": "0.52", "size": "275.88", "side": "BUY", "hash": "9aac872b0f33bd99d47c3aaf1b312069e2c091db", "best_bid": "0.52", "best_ask": "0.54"}, {"asset_id": "46018653459074182322336622707504864205815553648701542511774269745333148626006", "price": "0.48", "size": "275.88", "side": "SELL", "hash": "3910be10bb2f493e65e988d146ece32ed7dfe1f5", "best_bid": "0.46", "best_ask": "0.48"}], "timestamp": "1769384647487", "event_type": "price_change"}}
{"_local_timestamp": "2026-01-25T23:44:16.794543+00:00", "data": {"market": "0x23d78e552ce471bd8023e53b85bb0eba8d379ed35e8f1b70fbdbf1665f740b45", "price_changes": [{"asset_id": "66915594789967838607151324918562992863882459697767761737579063950722083587758", "price": "0.52", "size": "0", "side": "BUY", "hash": "4310bd06712f4693a16dbdc349fc33273c2f4c99", "best_bid": "0.5", "best_ask": "0.54"}, {"asset_id": "46018653459074182322336622707504864205815553648701542511774269745333148626006", "price": "0.48", "size": "0", "side": "SELL", "hash": "026ec5a09c77f1ccbf9fc9eb76b2be6eb4355f85", "best_bid": "0.46", "best_ask": "0.5"}], "timestamp": "1769384656704", "event_type": "price_change"}}
{"_local_timestamp": "2026-01-25T23:45:07.437084+00:00", "data": {"market": "0x23d78e552ce471bd8023e53b85bb0eba8d379ed35e8f1b70fbdbf1665f740b45", "price_changes": [{"asset_id": "66915594789967838607151324918562992863882459697767761737579063950722083587758", "price": "0.52", "size": "275.88", "side": "BUY", "hash": "7e771c2627874103a475b2b45661df1ca2880b04", "best_bid": "0.52", "best_ask": "0.54"}, {"asset_id": "46018653459074182322336622707504864205815553648701542511774269745333148626006", "price": "0.48", "size": "275.88", "side": "SELL", "hash": "3f0b4614215bf7ad5aa5f01a2bdcc4741dd63191", "best_bid": "0.46", "best_ask": "0.48"}], "timestamp": "1769384707357", "event_type": "price_change"}}
{"_local_timestamp": "2026-01-25T23:45:16.460841+00:00", "data": {"market": "0x23d78e552ce471bd8023e53b85bb0eba8d379ed35e8f1b70fbdbf1665f740b45", "price_changes": [{"asset_id": "66915594789967838607151324918562992863882459697767761737579063950722083587758", "price": "0.52", "size": "0", "side": "BUY", "hash": "0ac749a1803d74b641fef46649f1414c72a59a24", "best_bid": "0.5", "best_ask": "0.54"}, {"asset_id": "46018653459074182322336622707504864205815553648701542511774269745333148626006", "price": "0.48", "size": "0", "side": "SELL", "hash": "041a6aafa26477cb04563356dbb6faa3f8707095", "best_bid": "0.46", "best_ask": "0.5"}], "timestamp": "1769384716383", "event_type": "price_change"}}
{"_local_timestamp": "2026-01-25T23:45:38.563248+00:00", "data": {"market": "0x430aab94313e8455c1f733d721e644ece2ff011f9361e40792e0ef0078f1db7f", "price_changes": [{"asset_id": "95430313138053455452669233555625407095764588616214506709885886231580096928546", "price": "0.01", "size": "1080", "side": "BUY", "hash": "6ff3f592c1e0d2b2c5d240722a68b28fa7c99014", "best_bid": "0.31", "best_ask": "0.39"}, {"asset_id": "37560777106562476203921852514162124504473992802704816748679251849099198183778", "price": "0.99", "size": "1080", "side": "SELL", "hash": "711d383b3a1b7da0cde2f63063f037aa84537374", "best_bid": "0.61", "best_ask": "0.69"}], "timestamp": "1769384738498", "event_type": "price_change"}}
{"_local_timestamp": "2026-01-25T23:45:38.563715+00:00", "data": {"market": "0x430aab94313e8455c1f733d721e644ece2ff011f9361e40792e0ef0078f1db7f", "price_changes": [{"asset_id": "95430313138053455452669233555625407095764588616214506709885886231580096928546", "price": "0.03", "size": "0", "side": "BUY", "hash": "6ff3f592c1e0d2b2c5d240722a68b28fa7c99014", "best_bid": "0.31", "best_ask": "0.39"}, {"asset_id": "37560777106562476203921852514162124504473992802704816748679251849099198183778", "price": "0.97", "size": "0", "side": "SELL", "hash": "711d383b3a1b7da0cde2f63063f037aa84537374", "best_bid": "0.61", "best_ask": "0.69"}], "timestamp": "1769384738498", "event_type": "price_change"}}
{"_local_timestamp": "2026-01-25T23:45:40.891458+00:00", "data": {"market": "0x430aab94313e8455c1f733d721e644ece2ff011f9361e40792e0ef0078f1db7f", "price_changes": [{"asset_id": "95430313138053455452669233555625407095764588616214506709885886231580096928546", "price": "0.04", "size": "21.97", "side": "BUY", "hash": "0e4bf665ac1220c6b640774fbfbd60958dae5c2d", "best_bid": "0.31", "best_ask": "0.39"}, {"asset_id": "37560777106562476203921852514162124504473992802704816748679251849099198183778", "price": "0.96", "size": "21.97", "side": "SELL", "hash": "2a4ca15ef7a4df35c8cf2d3aee412a2d0adb0e34", "best_bid": "0.61", "best_ask": "0.69"}], "timestamp": "1769384740822", "event_type": "price_change"}}
{"_local_timestamp": "2026-01-25T23:45:40.891916+00:00", "data": {"market": "0x430aab94313e8455c1f733d721e644ece2ff011f9361e40792e0ef0078f1db7f", "price_changes": [{"asset_id": "95430313138053455452669233555625407095764588616214506709885886231580096928546", "price": "0.02", "size": "6.04", "side": "BUY", "hash": "7d8a369ef7db121c9a00ba27e8415b5688be82b8", "best_bid": "0.31", "best_ask": "0.39"}, {"asset_id": "37560777106562476203921852514162124504473992802704816748679251849099198183778", "price": "0.98", "size": "6.04", "side": "SELL", "hash": "fe39e7967c88074a5a4a73cc05ee74ef05a1dff9", "best_bid": "0.61", "best_ask": "0.69"}], "timestamp": "1769384740823", "event_type": "price_change"}}
{"_local_timestamp": "2026-01-25T23:46:07.509924+00:00", "data": {"market": "0x23d78e552ce471bd8023e53b85bb0eba8d379ed35e8f1b70fbdbf1665f740b45", "price_changes": [{"asset_id": "66915594789967838607151324918562992863882459697767761737579063950722083587758", "price": "0.52", "size": "275.88", "side": "BUY", "hash": "64d3d7acbb608ed04489715ce49898c87998a0e7", "best_bid": "0.52", "best_ask": "0.54"}, {"asset_id": "46018653459074182322336622707504864205815553648701542511774269745333148626006", "price": "0.48", "size": "275.88", "side": "SELL", "hash": "e486d70dd5c4303e14c5cb20e8218c67612b63b9", "best_bid": "0.46", "best_ask": "0.48"}], "timestamp": "1769384767442", "event_type": "price_change"}}
{"_local_timestamp": "2026-01-25T23:46:16.607856+00:00", "data": {"market": "0x23d78e552ce471bd8023e53b85bb0eba8d379ed35e8f1b70fbdbf1665f740b45", "price_changes": [{"asset_id": "66915594789967838607151324918562992863882459697767761737579063950722083587758", "price": "0.52", "size": "0", "side": "BUY", "hash": "459bedf6781bd9807611a76891f63788306acc21", "best_bid": "0.5", "best_ask": "0.54"}, {"asset_id": "46018653459074182322336622707504864205815553648701542511774269745333148626006", "price": "0.48", "size": "0", "side": "SELL", "hash": "79aa9a76e331b45a815eb744ee1e7ae2757ae578", "best_bid": "0.46", "best_ask": "0.5"}], "timestamp": "1769384776542", "event_type": "price_change"}}
{"_local_timestamp": "2026-01-25T23:46:27.679616+00:00", "data": {"market": "0x001c353c244069dd4cec7256cffa9fc72b8b2a2bd81e11f314915952383b797c", "price_changes": [{"asset_id": "98867440143782499399674888810263190696616181738650068135963226850224142943896", "price": "0.31", "size": "15533", "side": "BUY", "hash": "574b4876f516e14e7830da6c85eee16948834ca3", "best_bid": "0.35", "best_ask": "0.36"}, {"asset_id": "4589173697576215557807730046205275848276913777924790840802497320319533822442", "price": "0.69", "size": "15533", "side": "SELL", "hash": "ee1c5783e654ad3e0334344600ef7d5277231dfb", "best_bid": "0.64", "best_ask": "0.65"}], "timestamp": "1769384787602", "event_type": "price_change"}}
{"_local_timestamp": "2026-01-25T23:46:27.735556+00:00", "data": {"market": "0x69c21de45081ceb2599dabad7f481aaacc0e7f3b22d55ea0667cd26cb7cbaa5d", "price_changes": [{"asset_id": "95833687944204395178644553938557402901807372021065005817737904173376861684535", "price": "0.36", "size": "3500", "side": "BUY", "hash": "d0e5ee6adb32def7ed9956797609e29e94fb0896", "best_bid": "0.36", "best_ask": "0.57"}, {"asset_id": "100233781824635313531098218672545101599006374140235361511227178660459237562434", "price": "0.64", "size": "3500", "side": "SELL", "hash": "ef7809a7b287346c1992e57b71ec0400862e541a", "best_bid": "0.43", "best_ask": "0.64"}], "timestamp": "1769384787651", "event_type": "price_change"}}
{"_local_timestamp": "2026-01-25T23:46:27.745416+00:00", "data": {"market": "0x23d78e552ce471bd8023e53b85bb0eba8d379ed35e8f1b70fbdbf1665f740b45", "price_changes": [{"asset_id": "46018653459074182322336622707504864205815553648701542511774269745333148626006", "price": "0.42", "size": "500", "side": "BUY", "hash": "78c1411163a4ed5b548a4c04ee5d00b7cc08cbbe", "best_bid": "0.46", "best_ask": "0.5"}, {"asset_id": "66915594789967838607151324918562992863882459697767761737579063950722083587758", "price": "0.58", "size": "500", "side": "SELL", "hash": "000558ce5ed80b49440ffb2a30e66355e2879f44", "best_bid": "0.5", "best_ask": "0.54"}], "timestamp": "1769384787655", "event_type": "price_change"}}
{"_local_timestamp": "2026-01-25T23:46:27.746969+00:00", "data": {"market": "0x69c21de45081ceb2599dabad7f481aaacc0e7f3b22d55ea0667cd26cb7cbaa5d", "price_changes": [{"asset_id": "100233781824635313531098218672545101599006374140235361511227178660459237562434", "price": "0.54", "size": "500", "side": "BUY", "hash": "13165dcfaf13d2debc5098e76c25cf77458558b1", "best_bid": "0.54", "best_ask": "0.64"}, {"asset_id": "95833687944204395178644553938557402901807372021065005817737904173376861684535", "price": "0.46", "size": "500", "side": "SELL", "hash": "6ddf640ea254156989ee56e57b5cd60ef1537acb", "best_bid": "0.36", "best_ask": "0.46"}], "timestamp": "1769384787660", "event_type": "price_change"}}
{"_local_timestamp": "2026-01-25T23:46:27.756814+00:00", "data": {"market": "0x328130f0da1f2c17aac372d21fe4c70578148b75a0e7fd5cb9d447a3ab0abcca", "price_changes": [{"asset_id": "48515630200218192130095781577889005928645379611634750543937984784940018019452", "price": "0.54", "size": "500", "side": "BUY", "hash": "9699793ca125e319add91a31aa6468645bd6900a", "best_bid": "0.54", "best_ask": "0.64"}, {"asset_id": "30857296026074536312265576593963624541093088013639808793889303170254514526472", "price": "0.46", "size": "500", "side": "SELL", "hash": "21f475749b6627c8770c0be0c0f293f25c873363", "best_bid": "0.36", "best_ask": "0.46"}], "timestamp": "1769384787667", "event_type": "price_change"}}
{"_local_timestamp": "2026-01-25T23:46:27.763394+00:00", "data": {"market": "0x001c353c244069dd4cec7256cffa9fc72b8b2a2bd81e11f314915952383b797c", "price_changes": [{"asset_id": "4589173697576215557807730046205275848276913777924790840802497320319533822442", "price": "0.57", "size": "1350", "side": "BUY", "hash": "6832288d6582a81a3a876afd0a3480abf31d4ca9", "best_bid": "0.64", "best_ask": "0.65"}, {"asset_id": "98867440143782499399674888810263190696616181738650068135963226850224142943896", "price": "0.43", "size": "1350", "side": "SELL", "hash": "ca176d63f2e0b235bebd5b68f38b3c315ccdd4a6", "best_bid": "0.35", "best_ask": "0.36"}], "timestamp": "1769384787667", "event_type": "price_change"}}
{"_local_timestamp": "2026-01-25T23:46:27.772121+00:00", "data": {"market": "0x328130f0da1f2c17aac372d21fe4c70578148b75a0e7fd5cb9d447a3ab0abcca", "price_changes": [{"asset_id": "30857296026074536312265576593963624541093088013639808793889303170254514526472", "price": "0.36", "size": "3500", "side": "BUY", "hash": "871429c2a8a6866ac05c1d456ef8122e7d4c0896", "best_bid": "0.36", "best_ask": "0.46"}, {"asset_id": "48515630200218192130095781577889005928645379611634750543937984784940018019452", "price": "0.64", "size": "3500", "side": "SELL", "hash": "74c94d1c02d2d3609be0d6b999bd34981a7273ba", "best_bid": "0.54", "best_ask": "0.64"}], "timestamp": "1769384787685", "event_type": "price_change"}}
{"_local_timestamp": "2026-01-25T23:46:27.789155+00:00", "data": {"market": "0x23d78e552ce471bd8023e53b85bb0eba8d379ed35e8f1b70fbdbf1665f740b45", "price_changes": [{"asset_id": "66915594789967838607151324918562992863882459697767761737579063950722083587758", "price": "0.48", "size": "500", "side": "BUY", "hash": "c8003aa6885bb147a4af3287bc727da190432aa2", "best_bid": "0.5", "best_ask": "0.54"}, {"asset_id": "46018653459074182322336622707504864205815553648701542511774269745333148626006", "price": "0.52", "size": "500", "side": "SELL", "hash": "9e4e6d4c8336f63b4c57664f78c4ced439729d84", "best_bid": "0.46", "best_ask": "0.5"}], "timestamp": "1769384787697", "event_type": "price_change"}}
{"_local_timestamp": "2026-01-25T23:46:30.306650+00:00", "data": {"market": "0x328130f0da1f2c17aac372d21fe4c70578148b75a0e7fd5cb9d447a3ab0abcca", "price_changes": [{"asset_id": "48515630200218192130095781577889005928645379611634750543937984784940018019452", "price": "0.07", "size": "0", "side": "BUY", "hash": "f96103efb494404cb91eec7d867c64fc1d02d5ba", "best_bid": "0.54", "best_ask": "0.64"}, {"asset_id": "30857296026074536312265576593963624541093088013639808793889303170254514526472", "price": "0.93", "size": "0", "side": "SELL", "hash": "53e48e1ba6e65696e2089cc30d181f55b66aac1a", "best_bid": "0.36", "best_ask": "0.46"}], "timestamp": "1769384790227", "event_type": "price_change"}}
{"_local_timestamp": "2026-01-25T23:46:33.640761+00:00", "data": {"market": "0x328130f0da1f2c17aac372d21fe4c70578148b75a0e7fd5cb9d447a3ab0abcca", "price_changes": [{"asset_id": "48515630200218192130095781577889005928645379611634750543937984784940018019452", "price": "0.06", "size": "0", "side": "BUY", "hash": "f2647878fdc7c3beaed9a5e5f87cd58bcb037fc2", "best_bid": "0.54", "best_ask": "0.64"}, {"asset_id": "30857296026074536312265576593963624541093088013639808793889303170254514526472", "price": "0.94", "size": "0", "side": "SELL", "hash": "0386767f3aff519238c32d6da72f16eed2fe446c", "best_bid": "0.36", "best_ask": "0.46"}], "timestamp": "1769384793557", "event_type": "price_change"}}
{"_local_timestamp": "2026-01-25T23:47:01.144748+00:00", "data": {"market": "0x001c353c244069dd4cec7256cffa9fc72b8b2a2bd81e11f314915952383b797c", "price_changes": [{"asset_id": "98867440143782499399674888810263190696616181738650068135963226850224142943896", "price": "0.31", "size": "14533", "side": "BUY", "hash": "1b56b46581cbca04700c90366f7a9d8053cdebaa", "best_bid": "0.35", "best_ask": "0.36"}, {"asset_id": "4589173697576215557807730046205275848276913777924790840802497320319533822442", "price": "0.69", "size": "14533", "side": "SELL", "hash": "e1ee50afd1017488d7b56fe1f1c53e058f96ae28", "best_bid": "0.64", "best_ask": "0.65"}], "timestamp": "1769384821043", "event_type": "price_change"}}
{"_local_timestamp": "2026-01-25T23:47:07.967410+00:00", "data": {"market": "0x23d78e552ce471bd8023e53b85bb0eba8d379ed35e8f1b70fbdbf1665f740b45", "price_changes": [{"asset_id": "66915594789967838607151324918562992863882459697767761737579063950722083587758", "price": "0.52", "size": "275.88", "side": "BUY", "hash": "d06a136c0b699acbe8b6be4f1315fcb0321f710d", "best_bid": "0.52", "best_ask": "0.54"}, {"asset_id": "46018653459074182322336622707504864205815553648701542511774269745333148626006", "price": "0.48", "size": "275.88", "side": "SELL", "hash": "2d5b9563b8031699d59123d132953173722f09a3", "best_bid": "0.46", "best_ask": "0.48"}], "timestamp": "1769384827893", "event_type": "price_change"}}
{"_local_timestamp": "2026-01-25T23:47:13.289800+00:00", "data": {"market": "0x001c353c244069dd4cec7256cffa9fc72b8b2a2bd81e11f314915952383b797c", "price_changes": [{"asset_id": "98867440143782499399674888810263190696616181738650068135963226850224142943896", "price": "0.32", "size": "15688", "side": "BUY", "hash": "2e2bf030924f291db71b11aa673a4d6e18157e81", "best_bid": "0.35", "best_ask": "0.36"}, {"asset_id": "4589173697576215557807730046205275848276913777924790840802497320319533822442", "price": "0.68", "size": "15688", "side": "SELL", "hash": "73a2bb2f336ccafe0fea30dd5e200e9bccff613f", "best_bid": "0.64", "best_ask": "0.65"}], "timestamp": "1769384833223", "event_type": "price_change"}}
{"_local_timestamp": "2026-01-25T23:47:13.299290+00:00", "data": {"market": "0x001c353c244069dd4cec7256cffa9fc72b8b2a2bd81e11f314915952383b797c", "price_changes": [{"asset_id": "98867440143782499399674888810263190696616181738650068135963226850224142943896", "price": "0.33", "size": "33997", "side": "BUY", "hash": "689d8edb22a129efe802e540181aa5143e2a157d", "best_bid": "0.35", "best_ask": "0.36"}, {"asset_id": "4589173697576215557807730046205275848276913777924790840802497320319533822442", "price": "0.67", "size": "33997", "side": "SELL", "hash": "949e636b770b9a6747ac3177cd6aa120716259a3", "best_bid": "0.64", "best_ask": "0.65"}], "timestamp": "1769384833226", "event_type": "price_change"}}
{"_local_timestamp": "2026-01-25T23:47:17.078396+00:00", "data": {"market": "0x23d78e552ce471bd8023e53b85bb0eba8d379ed35e8f1b70fbdbf1665f740b45", "price_changes": [{"asset_id": "66915594789967838607151324918562992863882459697767761737579063950722083587758", "price": "0.52", "size": "0", "side": "BUY", "hash": "9db17fcb93ac5b144de68fa22fe67146438c44c8", "best_bid": "0.5", "best_ask": "0.54"}, {"asset_id": "46018653459074182322336622707504864205815553648701542511774269745333148626006", "price": "0.48", "size": "0", "side": "SELL", "hash": "1b446ae71dbaaebff11b4f8ffd313435695d7aed", "best_bid": "0.46", "best_ask": "0.5"}], "timestamp": "1769384837002", "event_type": "price_change"}}
{"_local_timestamp": "2026-01-25T23:48:08.184816+00:00", "data": {"market": "0x001c353c244069dd4cec7256cffa9fc72b8b2a2bd81e11f314915952383b797c", "price_changes": [{"asset_id": "4589173697576215557807730046205275848276913777924790840802497320319533822442", "price": "0.6", "size": "40", "side": "BUY", "hash": "58e9a90c62fa6e31ace45356e5e9a72484693636", "best_bid": "0.64", "best_ask": "0.65"}, {"asset_id": "98867440143782499399674888810263190696616181738650068135963226850224142943896", "price": "0.4", "size": "40", "side": "SELL", "hash": "0543ed03cace490a0c65bd99596642d6505d44ea", "best_bid": "0.35", "best_ask": "0.36"}], "timestamp": "1769384887967", "event_type": "price_change"}}
{"_local_timestamp": "2026-01-25T23:48:08.185631+00:00", "data": {"market": "0x23d78e552ce471bd8023e53b85bb0eba8d379ed35e8f1b70fbdbf1665f740b45", "price_changes": [{"asset_id": "66915594789967838607151324918562992863882459697767761737579063950722083587758", "price": "0.52", "size": "275.88", "side": "BUY", "hash": "411c1b7f0c9d57545f633504b5b0f8ce226556fa", "best_bid": "0.52", "best_ask": "0.54"}, {"asset_id": "46018653459074182322336622707504864205815553648701542511774269745333148626006", "price": "0.48", "size": "275.88", "side": "SELL", "hash": "f25a216a509b7d4f364314f44bf6164c6dabba6d", "best_bid": "0.46", "best_ask": "0.48"}], "timestamp": "1769384887967", "event_type": "price_change"}}
{"_local_timestamp": "2026-01-25T23:48:17.484621+00:00", "data": {"market": "0x23d78e552ce471bd8023e53b85bb0eba8d379ed35e8f1b70fbdbf1665f740b45", "price_changes": [{"asset_id": "66915594789967838607151324918562992863882459697767761737579063950722083587758", "price": "0.52", "size": "0", "side": "BUY", "hash": "7e4f72761ced2256f380c13f115f8b1e4b361f5a", "best_bid": "0.5", "best_ask": "0.54"}, {"asset_id": "46018653459074182322336622707504864205815553648701542511774269745333148626006", "price": "0.48", "size": "0", "side": "SELL", "hash": "26dda10f98046cebb0fa34ee3885ff529a8c0d85", "best_bid": "0.46", "best_ask": "0.5"}], "timestamp": "1769384897246", "event_type": "price_change"}}
{"_local_timestamp": "2026-01-25T23:48:21.503557+00:00", "data": {"market": "0x001c353c244069dd4cec7256cffa9fc72b8b2a2bd81e11f314915952383b797c", "price_changes": [{"asset_id": "98867440143782499399674888810263190696616181738650068135963226850224142943896", "price": "0.35", "size": "4819.77", "side": "BUY", "hash": "9063e10102c2369f3f7f66fff44049002f1dfaa8", "best_bid": "0.35", "best_ask": "0.36"}, {"asset_id": "4589173697576215557807730046205275848276913777924790840802497320319533822442", "price": "0.65", "size": "4819.77", "side": "SELL", "hash": "b6cf4ec22944f3a19e8d69b17afd201ed1c4768c", "best_bid": "0.64", "best_ask": "0.65"}], "timestamp": "1769384901273", "event_type": "price_change"}}
{"_local_timestamp": "2026-01-25T23:48:21.504247+00:00", "data": {"market": "0x001c353c244069dd4cec7256cffa9fc72b8b2a2bd81e11f314915952383b797c", "asset_id": "4589173697576215557807730046205275848276913777924790840802497320319533822442", "bids": [{"price": "0.01", "size": "2789.96"}, {"price": "0.02", "size": "2100"}, {"price": "0.03", "size": "10.41"}, {"price": "0.05", "size": "20"}, {"price": "0.07", "size": "1700"}, {"price": "0.1", "size": "800"}, {"price": "0.11", "size": "5.34"}, {"price": "0.2", "size": "400"}, {"price": "0.27", "size": "200"}, {"price": "0.34", "size": "100"}, {"price": "0.5", "size": "83"}, {"price": "0.57", "size": "1350"}, {"price": "0.6", "size": "40"}, {"price": "0.61", "size": "33"}, {"price": "0.62", "size": "97"}, {"price": "0.63", "size": "11711"}, {"price": "0.64", "size": "20418.8"}], "asks": [{"price": "0.99", "size": "2788.76"}, {"price": "0.98", "size": "1000"}, {"price": "0.97", "size": "6.99"}, {"price": "0.96", "size": "2100"}, {"price": "0.95", "size": "800"}, {"price": "0.94", "size": "11.71"}, {"price": "0.79", "size": "119"}, {"price": "0.7", "size": "300"}, {"price": "0.69", "size": "14533"}, {"price": "0.68", "size": "15688"}, {"price": "0.67", "size": "33997"}, {"price": "0.66", "size": "19550"}, {"price": "0.65", "size": "4819.77"}], "hash": "b6cf4ec22944f3a19e8d69b17afd201ed1c4768c", "timestamp": "1769384901273", "event_type": "book"}}
{"_local_timestamp": "2026-01-25T23:48:21.506812+00:00", "data": {"market": "0x001c353c244069dd4cec7256cffa9fc72b8b2a2bd81e11f314915952383b797c", "asset_id": "98867440143782499399674888810263190696616181738650068135963226850224142943896", "bids": [{"price": "0.01", "size": "2788.76"}, {"price": "0.02", "size": "1000"}, {"price": "0.03", "size": "6.99"}, {"price": "0.04", "size": "2100"}, {"price": "0.05", "size": "800"}, {"price": "0.06", "size": "11.71"}, {"price": "0.21", "size": "119"}, {"price": "0.3", "size": "300"}, {"price": "0.31", "size": "14533"}, {"price": "0.32", "size": "15688"}, {"price": "0.33", "size": "33997"}, {"price": "0.34", "size": "19550"}, {"price": "0.35", "size": "4819.77"}], "asks": [{"price": "0.99", "size": "2789.96"}, {"price": "0.98", "size": "2100"}, {"price": "0.97", "size": "10.41"}, {"price": "0.95", "size": "20"}, {"price": "0.93", "size": "1700"}, {"price": "0.9", "size": "800"}, {"price": "0.89", "size": "5.34"}, {"price": "0.8", "size": "400"}, {"price": "0.73", "size": "200"}, {"price": "0.66", "size": "100"}, {"price": "0.5", "size": "83"}, {"price": "0.43", "size": "1350"}, {"price": "0.4", "size": "40"}, {"price": "0.39", "size": "33"}, {"price": "0.38", "size": "97"}, {"price": "0.37", "size": "11711"}, {"price": "0.36", "size": "20418.8"}], "hash": "9063e10102c2369f3f7f66fff44049002f1dfaa8", "timestamp": "1769384901273", "event_type": "book"}}
{"_local_timestamp": "2026-01-25T23:48:21.541349+00:00", "data": {"market": "0x001c353c244069dd4cec7256cffa9fc72b8b2a2bd81e11f314915952383b797c", "asset_id": "4589173697576215557807730046205275848276913777924790840802497320319533822442", "price": "0.65", "size": "46.153845", "fee_rate_bps": "0", "side": "BUY", "timestamp": "1769384901304", "event_type": "last_trade_price", "transaction_hash": "0xc1b30aa9a473d9a3a01702104ac5095a4e77c671e0687dd93ebc9d7a62d49acb"}}
{"_local_timestamp": "2026-01-25T23:48:21.817861+00:00", "data": {"market": "0x001c353c244069dd4cec7256cffa9fc72b8b2a2bd81e11f314915952383b797c", "price_changes": [{"asset_id": "4589173697576215557807730046205275848276913777924790840802497320319533822442", "price": "0.55", "size": "30", "side": "BUY", "hash": "58ac5f958c4ec94a078a7b4851e662acc358187b", "best_bid": "0.64", "best_ask": "0.65"}, {"asset_id": "98867440143782499399674888810263190696616181738650068135963226850224142943896", "price": "0.45", "size": "30", "side": "SELL", "hash": "832144d87bac35856c0f622f734a83194e2b9fc6", "best_bid": "0.35", "best_ask": "0.36"}], "timestamp": "1769384901611", "event_type": "price_change"}}
{"_local_timestamp": "2026-01-25T23:48:21.838558+00:00", "data": {"market": "0x001c353c244069dd4cec7256cffa9fc72b8b2a2bd81e11f314915952383b797c", "price_changes": [{"asset_id": "4589173697576215557807730046205275848276913777924790840802497320319533822442", "price": "0.64", "size": "20415.74", "side": "BUY", "hash": "b40f5ebe4b73c666a7e9703836d9164101a55ce5", "best_bid": "0.64", "best_ask": "0.65"}, {"asset_id": "98867440143782499399674888810263190696616181738650068135963226850224142943896", "price": "0.36", "size": "20415.74", "side": "SELL", "hash": "0e6c2f5e280169a744469379009475c97c07e9c7", "best_bid": "0.35", "best_ask": "0.36"}], "timestamp": "1769384901628", "event_type": "price_change"}}
{"_local_timestamp": "2026-01-25T23:48:21.839134+00:00", "data": {"market": "0x001c353c244069dd4cec7256cffa9fc72b8b2a2bd81e11f314915952383b797c", "asset_id": "4589173697576215557807730046205275848276913777924790840802497320319533822442", "bids": [{"price": "0.01", "size": "2789.96"}, {"price": "0.02", "size": "2100"}, {"price": "0.03", "size": "10.41"}, {"price": "0.05", "size": "20"}, {"price": "0.07", "size": "1700"}, {"price": "0.1", "size": "800"}, {"price": "0.11", "size": "5.34"}, {"price": "0.2", "size": "400"}, {"price": "0.27", "size": "200"}, {"price": "0.34", "size": "100"}, {"price": "0.5", "size": "83"}, {"price": "0.55", "size": "30"}, {"price": "0.57", "size": "1350"}, {"price": "0.6", "size": "40"}, {"price": "0.61", "size": "33"}, {"price": "0.62", "size": "97"}, {"price": "0.63", "size": "11711"}, {"price": "0.64", "size": "20415.74"}], "asks": [{"price": "0.99", "size": "2788.76"}, {"price": "0.98", "size": "1000"}, {"price": "0.97", "size": "6.99"}, {"price": "0.96", "size": "2100"}, {"price": "0.95", "size": "800"}, {"price": "0.94", "size": "11.71"}, {"price": "0.79", "size": "119"}, {"price": "0.7", "size": "300"}, {"price": "0.69", "size": "14533"}, {"price": "0.68", "size": "15688"}, {"price": "0.67", "size": "33997"}, {"price": "0.66", "size": "19550"}, {"price": "0.65", "size": "4819.77"}], "hash": "b40f5ebe4b73c666a7e9703836d9164101a55ce5", "timestamp": "1769384901628", "event_type": "book"}}
{"_local_timestamp": "2026-01-25T23:48:21.839721+00:00", "data": {"market": "0x001c353c244069dd4cec7256cffa9fc72b8b2a2bd81e11f314915952383b797c", "asset_id": "98867440143782499399674888810263190696616181738650068135963226850224142943896", "bids": [{"price": "0.01", "size": "2788.76"}, {"price": "0.02", "size": "1000"}, {"price": "0.03", "size": "6.99"}, {"price": "0.04", "size": "2100"}, {"price": "0.05", "size": "800"}, {"price": "0.06", "size": "11.71"}, {"price": "0.21", "size": "119"}, {"price": "0.3", "size": "300"}, {"price": "0.31", "size": "14533"}, {"price": "0.32", "size": "15688"}, {"price": "0.33", "size": "33997"}, {"price": "0.34", "size": "19550"}, {"price": "0.35", "size": "4819.77"}], "asks": [{"price": "0.99", "size": "2789.96"}, {"price": "0.98", "size": "2100"}, {"price": "0.97", "size": "10.41"}, {"price": "0.95", "size": "20"}, {"price": "0.93", "size": "1700"}, {"price": "0.9", "size": "800"}, {"price": "0.89", "size": "5.34"}, {"price": "0.8", "size": "400"}, {"price": "0.73", "size": "200"}, {"price": "0.66", "size": "100"}, {"price": "0.5", "size": "83"}, {"price": "0.45", "size": "30"}, {"price": "0.43", "size": "1350"}, {"price": "0.4", "size": "40"}, {"price": "0.39", "size": "33"}, {"price": "0.38", "size": "97"}, {"price": "0.37", "size": "11711"}, {"price": "0.36", "size": "20415.74"}], "hash": "0e6c2f5e280169a744469379009475c97c07e9c7", "timestamp": "1769384901628", "event_type": "book"}}
{"_local_timestamp": "2026-01-25T23:48:21.865422+00:00", "data": {"market": "0x001c353c244069dd4cec7256cffa9fc72b8b2a2bd81e11f314915952383b797c", "asset_id": "98867440143782499399674888810263190696616181738650068135963226850224142943896", "price": "0.36", "size": "3.055554", "fee_rate_bps": "0", "side": "BUY", "timestamp": "1769384901657", "event_type": "last_trade_price", "transaction_hash": "0x9e7890621d7ad84066a430db3c30c2354ec70dabad2fefdf24ef70ef6fc2340d"}}
{"_local_timestamp": "2026-01-25T23:48:28.252642+00:00", "data": {"market": "0x001c353c244069dd4cec7256cffa9fc72b8b2a2bd81e11f314915952383b797c", "price_changes": [{"asset_id": "4589173697576215557807730046205275848276913777924790840802497320319533822442", "price": "0.57", "size": "350", "side": "BUY", "hash": "b2c6d5e9a0bb0ce67b50a4300351ca52fc33e1ae", "best_bid": "0.64", "best_ask": "0.65"}, {"asset_id": "98867440143782499399674888810263190696616181738650068135963226850224142943896", "price": "0.43", "size": "350", "side": "SELL", "hash": "a26014b99fa5c75000bf588355dc90dab30f9062", "best_bid": "0.35", "best_ask": "0.36"}], "timestamp": "1769384908000", "event_type": "price_change"}}
{"_local_timestamp": "2026-01-25T23:48:28.253193+00:00", "data": {"market": "0x328130f0da1f2c17aac372d21fe4c70578148b75a0e7fd5cb9d447a3ab0abcca", "price_changes": [{"asset_id": "30857296026074536312265576593963624541093088013639808793889303170254514526472", "price": "0.36", "size": "3000", "side": "BUY", "hash": "23f9ea2af868c53d533d387a6ed7a0f756ca6fbc", "best_bid": "0.36", "best_ask": "0.46"}, {"asset_id": "48515630200218192130095781577889005928645379611634750543937984784940018019452", "price": "0.64", "size": "3000", "side": "SELL", "hash": "c7088649ebf0757c801cd4f5fbbe3d21fcf6299f", "best_bid": "0.54", "best_ask": "0.64"}], "timestamp": "1769384908000", "event_type": "price_change"}}
{"_local_timestamp": "2026-01-25T23:48:28.253656+00:00", "data": {"market": "0x69c21de45081ceb2599dabad7f481aaacc0e7f3b22d55ea0667cd26cb7cbaa5d", "price_changes": [{"asset_id": "100233781824635313531098218672545101599006374140235361511227178660459237562434", "price": "0.54", "size": "0", "side": "BUY", "hash": "8c97d36ef575b7d170279370ac6c80a4867e5c97", "best_bid": "0.43", "best_ask": "0.64"}, {"asset_id": "95833687944204395178644553938557402901807372021065005817737904173376861684535", "price": "0.46", "size": "0", "side": "SELL", "hash": "5ba55fb7471792a392ace7b3d0fef7036a782fd5", "best_bid": "0.36", "best_ask": "0.57"}], "timestamp": "1769384908000", "event_type": "price_change"}}
{"_local_timestamp": "2026-01-25T23:48:28.267298+00:00", "data": {"market": "0x69c21de45081ceb2599dabad7f481aaacc0e7f3b22d55ea0667cd26cb7cbaa5d", "price_changes": [{"asset_id": "95833687944204395178644553938557402901807372021065005817737904173376861684535", "price": "0.36", "size": "3000", "side": "BUY", "hash": "7d8a13121e6ab8bce6d05ffc1ee6d6e748c65823", "best_bid": "0.36", "best_ask": "0.57"}, {"asset_id": "100233781824635313531098218672545101599006374140235361511227178660459237562434", "price": "0.64", "size": "3000", "side": "SELL", "hash": "1d70df65b854e1ab87ed9427809b4ef63e391a70", "best_bid": "0.43", "best_ask": "0.64"}], "timestamp": "1769384908001", "event_type": "price_change"}}
{"_local_timestamp": "2026-01-25T23:48:28.271895+00:00", "data": {"market": "0x23d78e552ce471bd8023e53b85bb0eba8d379ed35e8f1b70fbdbf1665f740b45", "price_changes": [{"asset_id": "46018653459074182322336622707504864205815553648701542511774269745333148626006", "price": "0.42", "size": "0", "side": "BUY", "hash": "e40f68260c42b6f480ffff746c6beb36f1777b71", "best_bid": "0.46", "best_ask": "0.5"}, {"asset_id": "66915594789967838607151324918562992863882459697767761737579063950722083587758", "price": "0.58", "size": "0", "side": "SELL", "hash": "12142c89797f252ca0a5ecb7542f75492134afcc", "best_bid": "0.5", "best_ask": "0.54"}], "timestamp": "1769384908001", "event_type": "price_change"}}
{"_local_timestamp": "2026-01-25T23:48:28.272393+00:00", "data": {"market": "0x23d78e552ce471bd8023e53b85bb0eba8d379ed35e8f1b70fbdbf1665f740b45", "price_changes": [{"asset_id": "66915594789967838607151324918562992863882459697767761737579063950722083587758", "price": "0.48", "size": "0", "side": "BUY", "hash": "dae30ffa15a4f4e4d438b16318a0490e9d267ef6", "best_bid": "0.5", "best_ask": "0.54"}, {"asset_id": "46018653459074182322336622707504864205815553648701542511774269745333148626006", "price": "0.52", "size": "0", "side": "SELL", "hash": "71149a39f04d5331cec3a23fa610280eeb55b370", "best_bid": "0.46", "best_ask": "0.5"}], "timestamp": "1769384908003", "event_type": "price_change"}}
{"_local_timestamp": "2026-01-25T23:48:28.272886+00:00", "data": {"market": "0x328130f0da1f2c17aac372d21fe4c70578148b75a0e7fd5cb9d447a3ab0abcca", "price_changes": [{"asset_id": "48515630200218192130095781577889005928645379611634750543937984784940018019452", "price": "0.54", "size": "0", "side": "BUY", "hash": "259418ef3e938267565effa123e5d11f922aab08", "best_bid": "0.02", "best_ask": "0.64"}, {"asset_id": "30857296026074536312265576593963624541093088013639808793889303170254514526472", "price": "0.46", "size": "0", "side": "SELL", "hash": "295ea6fb171ea1705e4de2f4f3fd93c3133ec568", "best_bid": "0.36", "best_ask": "0.98"}], "timestamp": "1769384908006", "event_type": "price_change"}}
{"_local_timestamp": "2026-01-25T23:48:28.565058+00:00", "data": {"market": "0x69c21de45081ceb2599dabad7f481aaacc0e7f3b22d55ea0667cd26cb7cbaa5d", "price_changes": [{"asset_id": "95833687944204395178644553938557402901807372021065005817737904173376861684535", "price": "0.35", "size": "580", "side": "BUY", "hash": "2c92c1e956ac4a725e99bc518c0e48e6015a8132", "best_bid": "0.36", "best_ask": "0.57"}, {"asset_id": "100233781824635313531098218672545101599006374140235361511227178660459237562434", "price": "0.65", "size": "580", "side": "SELL", "hash": "c37ddbdc201afab8dbc2ea754797b4034516c714", "best_bid": "0.43", "best_ask": "0.64"}], "timestamp": "1769384908323", "event_type": "price_change"}}
{"_local_timestamp": "2026-01-25T23:48:28.565652+00:00", "data": {"market": "0x328130f0da1f2c17aac372d21fe4c70578148b75a0e7fd5cb9d447a3ab0abcca", "price_changes": [{"asset_id": "30857296026074536312265576593963624541093088013639808793889303170254514526472", "price": "0.35", "size": "500", "side": "BUY", "hash": "1612b6f09504ab36f3440270817d19c927cea7b0", "best_bid": "0.36", "best_ask": "0.98"}, {"asset_id": "48515630200218192130095781577889005928645379611634750543937984784940018019452", "price": "0.65", "size": "500", "side": "SELL", "hash": "b83a1635be61a9f923f18703fdd66897c06964c3", "best_bid": "0.02", "best_ask": "0.64"}], "timestamp": "1769384908323", "event_type": "price_change"}}
{"_local_timestamp": "2026-01-25T23:48:28.566167+00:00", "data": {"market": "0x23d78e552ce471bd8023e53b85bb0eba8d379ed35e8f1b70fbdbf1665f740b45", "price_changes": [{"asset_id": "66915594789967838607151324918562992863882459697767761737579063950722083587758", "price": "0.48", "size": "500", "side": "BUY", "hash": "1708e493544dee879b5ea54101b5c0bed5e8e14b", "best_bid": "0.5", "best_ask": "0.54"}, {"asset_id": "46018653459074182322336622707504864205815553648701542511774269745333148626006", "price": "0.52", "size": "500", "side": "SELL", "hash": "d7d541ffaf6badb61c9a5ed495ec335db1f252f2", "best_bid": "0.46", "best_ask": "0.5"}], "timestamp": "1769384908324", "event_type": "price_change"}}
{"_local_timestamp": "2026-01-25T23:48:28.566706+00:00", "data": {"market": "0x001c353c244069dd4cec7256cffa9fc72b8b2a2bd81e11f314915952383b797c", "price_changes": [{"asset_id": "4589173697576215557807730046205275848276913777924790840802497320319533822442", "price": "0.57", "size": "1350", "side": "BUY", "hash": "0348a728cdc59c2b3c5d4cfeb5acf39ce387ba6a", "best_bid": "0.64", "best_ask": "0.65"}, {"asset_id": "98867440143782499399674888810263190696616181738650068135963226850224142943896", "price": "0.43", "size": "1350", "side": "SELL", "hash": "f5c2feddbad74ab7beca44f0ac35222f221f1b39", "best_bid": "0.35", "best_ask": "0.36"}], "timestamp": "1769384908325", "event_type": "price_change"}}
{"_local_timestamp": "2026-01-25T23:48:28.567226+00:00", "data": {"market": "0x328130f0da1f2c17aac372d21fe4c70578148b75a0e7fd5cb9d447a3ab0abcca", "price_changes": [{"asset_id": "48515630200218192130095781577889005928645379611634750543937984784940018019452", "price": "0.54", "size": "500", "side": "BUY", "hash": "7cf464a188ec4ccae7b465c9177d8ba02677a6fe", "best_bid": "0.54", "best_ask": "0.64"}, {"asset_id": "30857296026074536312265576593963624541093088013639808793889303170254514526472", "price": "0.46", "size": "500", "side": "SELL", "hash": "df9487c4af9a771c8dc824f93bbc8459d6fae44c", "best_bid": "0.36", "best_ask": "0.46"}], "timestamp": "1769384908328", "event_type": "price_change"}}
{"_local_timestamp": "2026-01-25T23:48:28.572817+00:00", "data": {"market": "0x23d78e552ce471bd8023e53b85bb0eba8d379ed35e8f1b70fbdbf1665f740b45", "price_changes": [{"asset_id": "46018653459074182322336622707504864205815553648701542511774269745333148626006", "price": "0.42", "size": "500", "side": "BUY", "hash": "e8e9f81843c8124651ef6d915a1dc15b4dbf2e23", "best_bid": "0.46", "best_ask": "0.5"}, {"asset_id": "66915594789967838607151324918562992863882459697767761737579063950722083587758", "price": "0.58", "size": "500", "side": "SELL", "hash": "36bd18d6c08865026b6ebbf9757653034681d71e", "best_bid": "0.5", "best_ask": "0.54"}], "timestamp": "1769384908338", "event_type": "price_change"}}
{"_local_timestamp": "2026-01-25T23:48:28.573348+00:00", "data": {"market": "0x69c21de45081ceb2599dabad7f481aaacc0e7f3b22d55ea0667cd26cb7cbaa5d", "price_changes": [{"asset_id": "100233781824635313531098218672545101599006374140235361511227178660459237562434", "price": "0.54", "size": "500", "side": "BUY", "hash": "bd95fed2a1fa0b897354b5eb00bb69a604dc06af", "best_bid": "0.54", "best_ask": "0.64"}, {"asset_id": "95833687944204395178644553938557402901807372021065005817737904173376861684535", "price": "0.46", "size": "500", "side": "SELL", "hash": "18bd9509747eba81bf9281d48df4be54f4941e63", "best_bid": "0.36", "best_ask": "0.46"}], "timestamp": "1769384908338", "event_type": "price_change"}}
{"_local_timestamp": "2026-01-25T23:48:28.573834+00:00", "data": {"market": "0x001c353c244069dd4cec7256cffa9fc72b8b2a2bd81e11f314915952383b797c", "price_changes": [{"asset_id": "98867440143782499399674888810263190696616181738650068135963226850224142943896", "price": "0.31", "size": "15533", "side": "BUY", "hash": "c503b75c0e41dd34218951d7de189ddb4447f494", "best_bid": "0.35", "best_ask": "0.36"}, {"asset_id": "4589173697576215557807730046205275848276913777924790840802497320319533822442", "price": "0.69", "size": "15533", "side": "SELL", "hash": "7eed04331638e07ff09a8e0aec0a365775762529", "best_bid": "0.64", "best_ask": "0.65"}], "timestamp": "1769384908341", "event_type": "price_change"}}
{"_local_timestamp": "2026-01-25T23:48:58.569073+00:00", "data": {"market": "0x001c353c244069dd4cec7256cffa9fc72b8b2a2bd81e11f314915952383b797c", "price_changes": [{"asset_id": "4589173697576215557807730046205275848276913777924790840802497320319533822442", "price": "0.55", "size": "0", "side": "BUY", "hash": "58c9c9701ccb48221ded60257cdf4a50bae7d432", "best_bid": "0.64", "best_ask": "0.65"}, {"asset_id": "98867440143782499399674888810263190696616181738650068135963226850224142943896", "price": "0.45", "size": "0", "side": "SELL", "hash": "904c716c06f159a39ce9c4b7e98b0bee271038d2", "best_bid": "0.35", "best_ask": "0.36"}], "timestamp": "1769384938500", "event_type": "price_change"}}
{"_local_timestamp": "2026-01-25T23:49:08.560020+00:00", "data": {"market": "0x23d78e552ce471bd8023e53b85bb0eba8d379ed35e8f1b70fbdbf1665f740b45", "price_changes": [{"asset_id": "66915594789967838607151324918562992863882459697767761737579063950722083587758", "price": "0.52", "size": "275.88", "side": "BUY", "hash": "d5626a12cde962f72d59f769720a6d1d74469717", "best_bid": "0.52", "best_ask": "0.54"}, {"asset_id": "46018653459074182322336622707504864205815553648701542511774269745333148626006", "price": "0.48", "size": "275.88", "side": "SELL", "hash": "aa42cd4c941e2f918b54705d7edb8b9f8a57883c", "best_bid": "0.46", "best_ask": "0.48"}], "timestamp": "1769384948483", "event_type": "price_change"}}
{"_local_timestamp": "2026-01-25T23:49:17.719524+00:00", "data": {"market": "0x23d78e552ce471bd8023e53b85bb0eba8d379ed35e8f1b70fbdbf1665f740b45", "price_changes": [{"asset_id": "66915594789967838607151324918562992863882459697767761737579063950722083587758", "price": "0.52", "size": "0", "side": "BUY", "hash": "faadf35566e18c9354cf8c0d3b9d3b6ceebf1c7b", "best_bid": "0.5", "best_ask": "0.54"}, {"asset_id": "46018653459074182322336622707504864205815553648701542511774269745333148626006", "price": "0.48", "size": "0", "side": "SELL", "hash": "576ffdead1d0f0736f56c85ae3c2c0fd6731ce79", "best_bid": "0.46", "best_ask": "0.5"}], "timestamp": "1769384957645", "event_type": "price_change"}}
{"_local_timestamp": "2026-01-25T23:49:41.212394+00:00", "data": {"market": "0x328130f0da1f2c17aac372d21fe4c70578148b75a0e7fd5cb9d447a3ab0abcca", "price_changes": [{"asset_id": "48515630200218192130095781577889005928645379611634750543937984784940018019452", "price": "0.01", "size": "180", "side": "BUY", "hash": "640ab1f5e2b2744d49e10767101d4428ff1c66e1", "best_bid": "0.54", "best_ask": "0.64"}, {"asset_id": "30857296026074536312265576593963624541093088013639808793889303170254514526472", "price": "0.99", "size": "180", "side": "SELL", "hash": "697721516e1a2aad0c17e3505c56addad264442d", "best_bid": "0.36", "best_ask": "0.46"}], "timestamp": "1769384981144", "event_type": "price_change"}}
{"_local_timestamp": "2026-01-25T23:49:42.766272+00:00", "data": {"market": "0x328130f0da1f2c17aac372d21fe4c70578148b75a0e7fd5cb9d447a3ab0abcca", "price_changes": [{"asset_id": "48515630200218192130095781577889005928645379611634750543937984784940018019452", "price": "0.01", "size": "192.39", "side": "BUY", "hash": "73d8630de040070bd707fcdf177117da88860fae", "best_bid": "0.54", "best_ask": "0.64"}, {"asset_id": "30857296026074536312265576593963624541093088013639808793889303170254514526472", "price": "0.99", "size": "192.39", "side": "SELL", "hash": "3abe28b4f655d06a158e3eecb3f1c5db40cbf37d", "best_bid": "0.36", "best_ask": "0.46"}], "timestamp": "1769384982700", "event_type": "price_change"}}
{"_local_timestamp": "2026-01-25T23:49:43.336006+00:00", "data": {"market": "0x430aab94313e8455c1f733d721e644ece2ff011f9361e40792e0ef0078f1db7f", "price_changes": [{"asset_id": "95430313138053455452669233555625407095764588616214506709885886231580096928546", "price": "0.04", "size": "0", "side": "BUY", "hash": "0fd0d90995d765f5a453b1c7cbcedb652f1ce1d8", "best_bid": "0.31", "best_ask": "0.39"}, {"asset_id": "37560777106562476203921852514162124504473992802704816748679251849099198183778", "price": "0.96", "size": "0", "side": "SELL", "hash": "a99d93ba43afcf6f1dd4f28e72b0aeccb1844780", "best_bid": "0.61", "best_ask": "0.69"}], "timestamp": "1769384983262", "event_type": "price_change"}}
{"_local_timestamp": "2026-01-25T23:49:44.375023+00:00", "data": {"market": "0x430aab94313e8455c1f733d721e644ece2ff011f9361e40792e0ef0078f1db7f", "price_changes": [{"asset_id": "95430313138053455452669233555625407095764588616214506709885886231580096928546", "price": "0.05", "size": "17.58", "side": "BUY", "hash": "0343647722b94154646f124eaa04e42e564de265", "best_bid": "0.31", "best_ask": "0.39"}, {"asset_id": "37560777106562476203921852514162124504473992802704816748679251849099198183778", "price": "0.95", "size": "17.58", "side": "SELL", "hash": "e1de9261d32582c62c2eff43ec7dd50ac1c6b789", "best_bid": "0.61", "best_ask": "0.69"}], "timestamp": "1769384984301", "event_type": "price_change"}}
{"_local_timestamp": "2026-01-25T23:49:53.471165+00:00", "data": {"market": "0x69c21de45081ceb2599dabad7f481aaacc0e7f3b22d55ea0667cd26cb7cbaa5d", "price_changes": [{"asset_id": "100233781824635313531098218672545101599006374140235361511227178660459237562434", "price": "0.01", "size": "1185.48", "side": "BUY", "hash": "706736cc0012f3c592b80842c638ff7a47bc8b94", "best_bid": "0.54", "best_ask": "0.64"}, {"asset_id": "95833687944204395178644553938557402901807372021065005817737904173376861684535", "price": "0.99", "size": "1185.48", "side": "SELL", "hash": "eced5882d76f35aad6b9898176920a824570e23c", "best_bid": "0.36", "best_ask": "0.46"}], "timestamp": "1769384993391", "event_type": "price_change"}}
{"_local_timestamp": "2026-01-25T23:49:53.472264+00:00", "data": {"market": "0x328130f0da1f2c17aac372d21fe4c70578148b75a0e7fd5cb9d447a3ab0abcca", "price_changes": [{"asset_id": "48515630200218192130095781577889005928645379611634750543937984784940018019452", "price": "0.01", "size": "1192.39", "side": "BUY", "hash": "8325b83b59561aa5014f9c73caac09f28c826f0c", "best_bid": "0.54", "best_ask": "0.64"}, {"asset_id": "30857296026074536312265576593963624541093088013639808793889303170254514526472", "price": "0.99", "size": "1192.39", "side": "SELL", "hash": "a4c976696455955dacf8943c068d238260944727", "best_bid": "0.36", "best_ask": "0.46"}], "timestamp": "1769384993391", "event_type": "price_change"}}
{"_local_timestamp": "2026-01-25T23:50:08.497060+00:00", "data": {"market": "0x23d78e552ce471bd8023e53b85bb0eba8d379ed35e8f1b70fbdbf1665f740b45", "price_changes": [{"asset_id": "66915594789967838607151324918562992863882459697767761737579063950722083587758", "price": "0.52", "size": "294.77", "side": "BUY", "hash": "13132bef8f60345ea6fceec2caabc46c3a48c3ef", "best_bid": "0.52", "best_ask": "0.54"}, {"asset_id": "46018653459074182322336622707504864205815553648701542511774269745333148626006", "price": "0.48", "size": "294.77", "side": "SELL", "hash": "2c071de5a3739fbb2ce04639dbb62c54385ae86f", "best_bid": "0.46", "best_ask": "0.48"}], "timestamp": "1769385008424", "event_type": "price_change"}}
{"_local_timestamp": "2026-01-25T23:50:17.534255+00:00", "data": {"market": "0x23d78e552ce471bd8023e53b85bb0eba8d379ed35e8f1b70fbdbf1665f740b45", "price_changes": [{"asset_id": "66915594789967838607151324918562992863882459697767761737579063950722083587758", "price": "0.52", "size": "0", "side": "BUY", "hash": "df42aa9a246bcaaf3420d2400400b5123f9f8d6a", "best_bid": "0.5", "best_ask": "0.54"}, {"asset_id": "46018653459074182322336622707504864205815553648701542511774269745333148626006", "price": "0.48", "size": "0", "side": "SELL", "hash": "efd93ace8c68f5d550effe6bf0b16b1a29ef6261", "best_bid": "0.46", "best_ask": "0.5"}], "timestamp": "1769385017460", "event_type": "price_change"}}
{"_local_timestamp": "2026-01-25T23:50:28.088210+00:00", "data": {"market": "0x23d78e552ce471bd8023e53b85bb0eba8d379ed35e8f1b70fbdbf1665f740b45", "price_changes": [{"asset_id": "66915594789967838607151324918562992863882459697767761737579063950722083587758", "price": "0.48", "size": "0", "side": "BUY", "hash": "de9cf248e8ee329e06f144e99d3ebf3beb6be928", "best_bid": "0.5", "best_ask": "0.54"}, {"asset_id": "46018653459074182322336622707504864205815553648701542511774269745333148626006", "price": "0.52", "size": "0", "side": "SELL", "hash": "2911de9c185ce066815023d3c4281cb4250c8fd8", "best_bid": "0.46", "best_ask": "0.5"}], "timestamp": "1769385028000", "event_type": "price_change"}}
{"_local_timestamp": "2026-01-25T23:50:28.114699+00:00", "data": {"market": "0x69c21de45081ceb2599dabad7f481aaacc0e7f3b22d55ea0667cd26cb7cbaa5d", "price_changes": [{"asset_id": "95833687944204395178644553938557402901807372021065005817737904173376861684535", "price": "0.35", "size": "80", "side": "BUY", "hash": "3de362105ac27062faedb8fe6993237fec211ace", "best_bid": "0.36", "best_ask": "0.46"}, {"asset_id": "100233781824635313531098218672545101599006374140235361511227178660459237562434", "price": "0.65", "size": "80", "side": "SELL", "hash": "b66c634f1b845fd09b124e9c1349f37a78b8b305", "best_bid": "0.54", "best_ask": "0.64"}], "timestamp": "1769385028002", "event_type": "price_change"}}
{"_local_timestamp": "2026-01-25T23:50:28.125639+00:00", "data": {"market": "0x23d78e552ce471bd8023e53b85bb0eba8d379ed35e8f1b70fbdbf1665f740b45", "price_changes": [{"asset_id": "46018653459074182322336622707504864205815553648701542511774269745333148626006", "price": "0.42", "size": "0", "side": "BUY", "hash": "16d77b5c6d1be4bad40b3cf6f85a4780a70bf897", "best_bid": "0.46", "best_ask": "0.5"}, {"asset_id": "66915594789967838607151324918562992863882459697767761737579063950722083587758", "price": "0.58", "size": "0", "side": "SELL", "hash": "198565173eba03ad9f7eeeb8405ea2c85e8865a0", "best_bid": "0.5", "best_ask": "0.54"}], "timestamp": "1769385028005", "event_type": "price_change"}}
{"_local_timestamp": "2026-01-25T23:50:28.126252+00:00", "data": {"market": "0x69c21de45081ceb2599dabad7f481aaacc0e7f3b22d55ea0667cd26cb7cbaa5d", "price_changes": [{"asset_id": "100233781824635313531098218672545101599006374140235361511227178660459237562434", "price": "0.54", "size": "0", "side": "BUY", "hash": "f2a873b595c30c07f3046c29970ce2c51eef8933", "best_bid": "0.43", "best_ask": "0.64"}, {"asset_id": "95833687944204395178644553938557402901807372021065005817737904173376861684535", "price": "0.46", "size": "0", "side": "SELL", "hash": "80f9dc1cb421ac3f368804325ffa3e19d4886ec2", "best_bid": "0.36", "best_ask": "0.57"}], "timestamp": "1769385028006", "event_type": "price_change"}}
{"_local_timestamp": "2026-01-25T23:50:28.126810+00:00", "data": {"market": "0x328130f0da1f2c17aac372d21fe4c70578148b75a0e7fd5cb9d447a3ab0abcca", "price_changes": [{"asset_id": "48515630200218192130095781577889005928645379611634750543937984784940018019452", "price": "0.54", "size": "0", "side": "BUY", "hash": "21880b12c69006eed3b4eabe60352f8daefbc977", "best_bid": "0.02", "best_ask": "0.64"}, {"asset_id": "30857296026074536312265576593963624541093088013639808793889303170254514526472", "price": "0.46", "size": "0", "side": "SELL", "hash": "6d8f1b8dd0c9bde2ef0403eee8593bc3495994e6", "best_bid": "0.36", "best_ask": "0.98"}], "timestamp": "1769385028006", "event_type": "price_change"}}
{"_local_timestamp": "2026-01-25T23:50:28.147777+00:00", "data": {"market": "0x001c353c244069dd4cec7256cffa9fc72b8b2a2bd81e11f314915952383b797c", "price_changes": [{"asset_id": "4589173697576215557807730046205275848276913777924790840802497320319533822442", "price": "0.57", "size": "350", "side": "BUY", "hash": "63f93f3f2b7e806fadca57b63f3950d0bd3893b8", "best_bid": "0.64", "best_ask": "0.65"}, {"asset_id": "98867440143782499399674888810263190696616181738650068135963226850224142943896", "price": "0.43", "size": "350", "side": "SELL", "hash": "c07d24f8548931c2923d4eb9bfebe29baa141147", "best_bid": "0.35", "best_ask": "0.36"}], "timestamp": "1769385028002", "event_type": "price_change"}}
{"_local_timestamp": "2026-01-25T23:50:28.148466+00:00", "data": {"market": "0x001c353c244069dd4cec7256cffa9fc72b8b2a2bd81e11f314915952383b797c", "price_changes": [{"asset_id": "98867440143782499399674888810263190696616181738650068135963226850224142943896", "price": "0.31", "size": "14533", "side": "BUY", "hash": "d48a6300466e136f74c7627d86e9daaf4ab7f7e7", "best_bid": "0.35", "best_ask": "0.36"}, {"asset_id": "4589173697576215557807730046205275848276913777924790840802497320319533822442", "price": "0.69", "size": "14533", "side": "SELL", "hash": "85c95333b57a921441971afaea831c5c060a9bbe", "best_bid": "0.64", "best_ask": "0.65"}], "timestamp": "1769385028009", "event_type": "price_change"}}
{"_local_timestamp": "2026-01-25T23:50:28.159599+00:00", "data": {"market": "0x328130f0da1f2c17aac372d21fe4c70578148b75a0e7fd5cb9d447a3ab0abcca", "price_changes": [{"asset_id": "30857296026074536312265576593963624541093088013639808793889303170254514526472", "price": "0.35", "size": "0", "side": "BUY", "hash": "83bd362dc9fd006f47f484b33d8ef86b63e3b1d2", "best_bid": "0.36", "best_ask": "0.98"}, {"asset_id": "48515630200218192130095781577889005928645379611634750543937984784940018019452", "price": "0.65", "size": "0", "side": "SELL", "hash": "cf39605440159f99eb501d04b99f0ce1ee83a021", "best_bid": "0.02", "best_ask": "0.64"}], "timestamp": "1769385028007", "event_type": "price_change"}}
{"_local_timestamp": "2026-01-25T23:50:29.154527+00:00", "data": {"market": "0x69c21de45081ceb2599dabad7f481aaacc0e7f3b22d55ea0667cd26cb7cbaa5d", "price_changes": [{"asset_id": "95833687944204395178644553938557402901807372021065005817737904173376861684535", "price": "0.35", "size": "580", "side": "BUY", "hash": "293219c3ba4e0e8c378aaedc4c8e62e735b19414", "best_bid": "0.36", "best_ask": "0.57"}, {"asset_id": "100233781824635313531098218672545101599006374140235361511227178660459237562434", "price": "0.65", "size": "580", "side": "SELL", "hash": "b874096dc05b880d5c1bcddfee8de52451fb775d", "best_bid": "0.43", "best_ask": "0.64"}], "timestamp": "1769385029069", "event_type": "price_change"}}
{"_local_timestamp": "2026-01-25T23:50:29.155225+00:00", "data": {"market": "0x328130f0da1f2c17aac372d21fe4c70578148b75a0e7fd5cb9d447a3ab0abcca", "price_changes": [{"asset_id": "48515630200218192130095781577889005928645379611634750543937984784940018019452", "price": "0.54", "size": "500", "side": "BUY", "hash": "a4bce3d03a1ed9e53c68420cdd8c1384230186d9", "best_bid": "0.54", "best_ask": "0.64"}, {"asset_id": "30857296026074536312265576593963624541093088013639808793889303170254514526472", "price": "0.46", "size": "500", "side": "SELL", "hash": "b5afbb52a68ba56d2573c73eb3015caa044c3986", "best_bid": "0.36", "best_ask": "0.46"}], "timestamp": "1769385029070", "event_type": "price_change"}}
{"_local_timestamp": "2026-01-25T23:50:29.155786+00:00", "data": {"market": "0x69c21de45081ceb2599dabad7f481aaacc0e7f3b22d55ea0667cd26cb7cbaa5d", "price_changes": [{"asset_id": "100233781824635313531098218672545101599006374140235361511227178660459237562434", "price": "0.54", "size": "500", "side": "BUY", "hash": "335a1c86f58dd34b5866213643508a38a492d022", "best_bid": "0.54", "best_ask": "0.64"}, {"asset_id": "95833687944204395178644553938557402901807372021065005817737904173376861684535", "price": "0.46", "size": "500", "side": "SELL", "hash": "6a2851c5ae3747d3584d9e16cbff06bfe5b3918f", "best_bid": "0.36", "best_ask": "0.46"}], "timestamp": "1769385029070", "event_type": "price_change"}}
{"_local_timestamp": "2026-01-25T23:50:29.156434+00:00", "data": {"market": "0x23d78e552ce471bd8023e53b85bb0eba8d379ed35e8f1b70fbdbf1665f740b45", "price_changes": [{"asset_id": "46018653459074182322336622707504864205815553648701542511774269745333148626006", "price": "0.42", "size": "500", "side": "BUY", "hash": "9baef462e3ed05447f09e368c64a16aa39e1fa41", "best_bid": "0.46", "best_ask": "0.5"}, {"asset_id": "66915594789967838607151324918562992863882459697767761737579063950722083587758", "price": "0.58", "size": "500", "side": "SELL", "hash": "f352cddcec99f0221ac0470dc9a606a5011aed6d", "best_bid": "0.5", "best_ask": "0.54"}], "timestamp": "1769385029071", "event_type": "price_change"}}
{"_local_timestamp": "2026-01-25T23:50:29.160969+00:00", "data": {"market": "0x328130f0da1f2c17aac372d21fe4c70578148b75a0e7fd5cb9d447a3ab0abcca", "price_changes": [{"asset_id": "30857296026074536312265576593963624541093088013639808793889303170254514526472", "price": "0.35", "size": "500", "side": "BUY", "hash": "35d957d07eb23591ea151d59639b5ad48e77a44e", "best_bid": "0.36", "best_ask": "0.46"}, {"asset_id": "48515630200218192130095781577889005928645379611634750543937984784940018019452", "price": "0.65", "size": "500", "side": "SELL", "hash": "cb3ca9d2190e6203e98cde86636b3b691fb34f41", "best_bid": "0.54", "best_ask": "0.64"}], "timestamp": "1769385029071", "event_type": "price_change"}}
{"_local_timestamp": "2026-01-25T23:50:29.165465+00:00", "data": {"market": "0x23d78e552ce471bd8023e53b85bb0eba8d379ed35e8f1b70fbdbf1665f740b45", "price_changes": [{"asset_id": "66915594789967838607151324918562992863882459697767761737579063950722083587758", "price": "0.48", "size": "500", "side": "BUY", "hash": "d71c01290a216422b12d92cd4bfff0d1a5c93e57", "best_bid": "0.5", "best_ask": "0.54"}, {"asset_id": "46018653459074182322336622707504864205815553648701542511774269745333148626006", "price": "0.52", "size": "500", "side": "SELL", "hash": "99fdba711dcd07069d5d52b4bd66deba835a1a4e", "best_bid": "0.46", "best_ask": "0.5"}], "timestamp": "1769385029072", "event_type": "price_change"}}
{"_local_timestamp": "2026-01-25T23:50:29.166045+00:00", "data": {"market": "0x001c353c244069dd4cec7256cffa9fc72b8b2a2bd81e11f314915952383b797c", "price_changes": [{"asset_id": "4589173697576215557807730046205275848276913777924790840802497320319533822442", "price": "0.57", "size": "1350", "side": "BUY", "hash": "3ff0678c3d9bbd89961d0f1a50809f3df68e8472", "best_bid": "0.64", "best_ask": "0.65"}, {"asset_id": "98867440143782499399674888810263190696616181738650068135963226850224142943896", "price": "0.43", "size": "1350", "side": "SELL", "hash": "43b5f63e65c5a9fcb9b98a87919e591cba0579c9", "best_bid": "0.35", "best_ask": "0.36"}], "timestamp": "1769385029074", "event_type": "price_change"}}
{"_local_timestamp": "2026-01-25T23:50:29.175120+00:00", "data": {"market": "0x001c353c244069dd4cec7256cffa9fc72b8b2a2bd81e11f314915952383b797c", "price_changes": [{"asset_id": "98867440143782499399674888810263190696616181738650068135963226850224142943896", "price": "0.31", "size": "15533", "side": "BUY", "hash": "ac3734973f1e461ddb44d883c833fcea2d618a9f", "best_bid": "0.35", "best_ask": "0.36"}, {"asset_id": "4589173697576215557807730046205275848276913777924790840802497320319533822442", "price": "0.69", "size": "15533", "side": "SELL", "hash": "1fd7d4d25787be7c9ea8a708a5f67a62be43abc4", "best_bid": "0.64", "best_ask": "0.65"}], "timestamp": "1769385029084", "event_type": "price_change"}}
{"_local_timestamp": "2026-01-25T23:51:08.575553+00:00", "data": {"market": "0x23d78e552ce471bd8023e53b85bb0eba8d379ed35e8f1b70fbdbf1665f740b45", "price_changes": [{"asset_id": "66915594789967838607151324918562992863882459697767761737579063950722083587758", "price": "0.52", "size": "294.77", "side": "BUY", "hash": "38142f047a13651d52acc6beca16201f082eea94", "best_bid": "0.52", "best_ask": "0.54"}, {"asset_id": "46018653459074182322336622707504864205815553648701542511774269745333148626006", "price": "0.48", "size": "294.77", "side": "SELL", "hash": "7cb59188e51065fa4f2494ca8a228380d8464653", "best_bid": "0.46", "best_ask": "0.48"}], "timestamp": "1769385068505", "event_type": "price_change"}}
