{"_local_timestamp": "2026-01-25T23:41:27.664210+00:00", "data": [{"market": "0xeb944349ff47de5b4549a21e8c528a479c7753817a684596661840b046d6cba8", "asset_id": "50600544739849936248140466095920930336130180972723750669273451545858736863996", "timestamp": "1769384448699", "hash": "6005bba1cc35659f724b1473e63a5edb84a04809", "bids": [{"price": "0.01", "size": "2790.04"}, {"price": "0.02", "size": "2250"}, {"price": "0.03", "size": "8.24"}, {"price": "0.05", "size": "1700"}, {"price": "0.08", "size": "700"}, {"price": "0.09", "size": "7.24"}, {"price": "0.17", "size": "500"}, {"price": "0.19", "size": "200"}, {"price": "0.21", "size": "125"}, {"price": "0.22", "size": "137"}, {"price": "0.34", "size": "10"}, {"price": "0.47", "size": "50"}, {"price": "0.58", "size": "480.61"}], "asks": [{"price": "0.99", "size": "189.87"}, {"price": "0.98", "size": "150"}, {"price": "0.97", "size": "11"}, {"price": "0.93", "size": "300"}, {"price": "0.92", "size": "200"}, {"price": "0.91", "size": "125"}, {"price": "0.9", "size": "80.71"}, {"price": "0.89", "size": "100"}, {"price": "0.66", "size": "79"}], "event_type": "book", "last_trade_price": "0.580"}, {"market": "0x120b6d1e5c2c7b2f829888602ed16e792d230a5ff355b089ad6602f609db7186", "asset_id": "14969631244620072548937238920110952314846202392494614407096742974372068137420", "timestamp": "1769384325227", "hash": "a53cef7ec1196936387d143a6fc7ecfb847fa935", "bids": [{"price": "0.01", "size": "1191.92"}, {"price": "0.02", "size": "150"}, {"price": "0.03", "size": "9.35"}, {"price": "0.05", "size": "12"}, {"price": "0.06", "size": "15.47"}, {"price": "0.31", "size": "292"}], "asks": [{"price": "0.99", "size": "202.04"}, {"price": "0.98", "size": "217.48"}, {"price": "0.97", "size": "18.99"}, {"price": "0.96", "size": "29.99"}], "event_type": "book", "last_trade_price": ""}, {"market": "0xeb944349ff47de5b4549a21e8c528a479c7753817a684596661840b046d6cba8", "asset_id": "60703836480711286982172418922209696302757245365413839509843624681127386148512", "timestamp": "1769384448699", "hash": "dd6a7c412a0bc9d35b9a66e3cc8ffe70f76ed495", "bids": [{"price": "0.01", "size": "189.87"}, {"price": "0.02", "size": "150"}, {"price": "0.03", "size": "11"}, {"price": "0.07", "size": "300"}, {"price": "0.08", "size": "200"}, {"price": "0.09", "size": "125"}, {"price": "0.1", "size": "80.71"}, {"price": "0.11", "size": "100"}, {"price": "0.34", "size": "79"}], "asks": [{"price": "0.99", "size": "2790.04"}, {"price": "0.98", "size": "2250"}, {"price": "0.97", "size": "8.24"}, {"price": "0.95", "size": "1700"}, {"price": "0.92", "size": "700"}, {"price": "0.91", "size": "7.24"}, {"price": "0.83", "size": "500"}, {"price": "0.81", "size": "200"}, {"price": "0.79", "size": "125"}, {"price": "0.78", "size": "137"}, {"price": "0.66", "size": "10"}, {"price": "0.53", "size": "50"}, {"price": "0.42", "size": "480.61"}], "event_type": "book", "last_trade_price": "0.580"}, {"market": "0x837f63bab45164a748cbf9241eb87449b72178734b3493bf2a50d97005664606", "asset_id": "11205702805310769362946666596934469363884890063300729698622751933484666476454", "timestamp": "1769384438078", "hash": "e49a55484db2b7e46093ea1b0ca0148d6a052a4b", "bids": [{"price": "0.01", "size": "255.04"}, {"price": "0.02", "size": "226.48"}, {"price": "0.03", "size": "18.99"}, {"price": "0.04", "size": "29.99"}], "asks": [{"price": "0.99", "size": "257.41"}, {"price": "0.98", "size": "222.24"}, {"price": "0.97", "size": "21.03"}, {"price": "0.96", "size": "5.47"}], "event_type": "book", "last_trade_price": ""}, {"market": "0x837f63bab45164a748cbf9241eb87449b72178734b3493bf2a50d97005664606", "asset_id": "104069286949461220202513301112982753159909723208199746703124675837794742649809", "timestamp": "1769384438078", "hash": "380939ceaa24a6fc30321e28fe65296ac6dedcc3", "bids": [{"price": "0.01", "size": "257.41"}, {"price": "0.02", "size": "222.24"}, {"price": "0.03", "size": "21.03"}, {"price": "0.04", "size": "5.47"}], "asks": [{"price": "0.99", "size": "255.04"}, {"price": "0.98", "size": "226.48"}, {"price": "0.97", "size": "18.99"}, {"price": "0.96", "size": "29.99"}], "event_type": "book", "last_trade_price": ""}, {"market": "0x80ad6a323730550504bfd91a51f369a13a58f9e85d3b253822af758d676dc8b0", "asset_id": "63613185962877121507034941248427685509347732021166962762240562835009892128873", "timestamp": "1769384438078", "hash": "40c420ac58f5801fb82be3b38fd6b3aaec252f6a", "bids": [{"price": "0.01", "size": "203.9"}, {"price": "0.02", "size": "97.03"}, {"price": "0.03", "size": "20.67"}, {"price": "0.04", "size": "5.47"}], "asks": [{"price": "0.99", "size": "202.04"}, {"price": "0.98", "size": "117.48"}, {"price": "0.97", "size": "18.99"}, {"price": "0.96", "size": "29.99"}], "event_type": "book", "last_trade_price": ""}, {"market": "0xd9da9ee6a242dba13df6b3dbc7b8656d23b24095530b4792f02dc8a9dde1d2b8", "asset_id": "43752723515341616442363272911237517984411275529651927229682631705565587472477", "timestamp": "1769384438079", "hash": "f11fc57274ea6d3bb4480fabd72d9c8db226c2a1", "bids": [{"price": "0.01", "size": "203.9"}, {"price": "0.02", "size": "97.03"}, {"price": "0.03", "size": "20.67"}, {"price": "0.04", "size": "5.47"}], "asks": [{"price": "0.99", "size": "202.04"}, {"price": "0.98", "size": "117.48"}, {"price": "0.97", "size": "18.99"}, {"price": "0.96", "size": "29.99"}], "event_type": "book", "last_trade_price": ""}, {"market": "0x120b6d1e5c2c7b2f829888602ed16e792d230a5ff355b089ad6602f609db7186", "asset_id": "62140599186549764849896554376217026066000863933868565357498027555036623231033", "timestamp": "1769384325227", "hash": "a35bffdcd0c9dc812a6058859d6586c61141b0dc", "bids": [{"price": "0.01", "size": "202.04"}, {"price": "0.02", "size": "217.48"}, {"price": "0.03", "size": "18.99"}, {"price": "0.04", "size": "29.99"}], "asks": [{"price": "0.99", "size": "1191.92"}, {"price": "0.98", "size": "150"}, {"price": "0.97", "size": "9.35"}, {"price": "0.95", "size": "12"}, {"price": "0.94", "size": "15.47"}, {"price": "0.69", "size": "292"}], "event_type": "book", "last_trade_price": ""}, {"market": "0x80ad6a323730550504bfd91a51f369a13a58f9e85d3b253822af758d676dc8b0", "asset_id": "60030254347097287641913434239071732471138533420582004199390934075567708451825", "timestamp": "1769384438078", "hash": "47024a9e732d82154e649acf4ffb12c8fd0dfa06", "bids": [{"price": "0.01", "size": "202.04"}, {"price": "0.02", "size": "117.48"}, {"price": "0.03", "size": "18.99"}, {"price": "0.04", "size": "29.99"}], "asks": [{"price": "0.99", "size": "203.9"}, {"price": "0.98", "size": "97.03"}, {"price": "0.97", "size": "20.67"}, {"price": "0.96", "size": "5.47"}], "event_type": "book", "last_trade_price": ""}, {"market": "0xd9da9ee6a242dba13df6b3dbc7b8656d23b24095530b4792f02dc8a9dde1d2b8", "asset_id": "7123972703794718329642819874202240708274041485788179669884434088818954052902", "timestamp": "1769384438079", "hash": "aaa7abcf14e926573ce280098b9ff82f394afee2", "bids": [{"price": "0.01", "size": "202.04"}, {"price": "0.02", "size": "117.48"}, {"price": "0.03", "size": "18.99"}, {"price": "0.04", "size": "29.99"}], "asks": [{"price": "0.99", "size": "203.9"}, {"price": "0.98", "size": "97.03"}, {"price": "0.97", "size": "20.67"}, {"price": "0.96", "size": "5.47"}], "event_type": "book", "last_trade_price": ""}]}
{"_local_timestamp": "2026-01-25T23:42:26.185990+00:00", "data": {"market": "0x837f63bab45164a748cbf9241eb87449b72178734b3493bf2a50d97005664606", "price_changes": [{"asset_id": "104069286949461220202513301112982753159909723208199746703124675837794742649809", "price": "0.02", "size": "72.24", "side": "BUY", "hash": "13fecfe05e7ebfae10139c6c909f991cc2ae85c8", "best_bid": "0.04", "best_ask": "0.96"}, {"asset_id": "11205702805310769362946666596934469363884890063300729698622751933484666476454", "price": "0.98", "size": "72.24", "side": "SELL", "hash": "aaded6e1249d93dc72f7c1fd36f8b56c9bfefb4c", "best_bid": "0.04", "best_ask": "0.96"}], "timestamp": "1769384546008", "event_type": "price_change"}}
{"_local_timestamp": "2026-01-25T23:42:26.244278+00:00", "data": {"market": "0x837f63bab45164a748cbf9241eb87449b72178734b3493bf2a50d97005664606", "price_changes": [{"asset_id": "11205702805310769362946666596934469363884890063300729698622751933484666476454", "price": "0.02", "size": "76.48", "side": "BUY", "hash": "04a26399bdd2151699b130f5178ce339af5d6d0f", "best_bid": "0.04", "best_ask": "0.96"}, {"asset_id": "104069286949461220202513301112982753159909723208199746703124675837794742649809", "price": "0.98", "size": "76.48", "side": "SELL", "hash": "8b972a0ea1b3b1e4cd8edd04bed2b47560207628", "best_bid": "0.04", "best_ask": "0.96"}], "timestamp": "1769384546038", "event_type": "price_change"}}
{"_local_timestamp": "2026-01-25T23:42:32.283339+00:00", "data": {"market": "0x837f63bab45164a748cbf9241eb87449b72178734b3493bf2a50d97005664606", "price_changes": [{"asset_id": "11205702805310769362946666596934469363884890063300729698622751933484666476454", "price": "0.02", "size": "226.48", "side": "BUY", "hash": "ba7fd1984a5098ae8284e25567d950d98a1fe8ae", "best_bid": "0.04", "best_ask": "0.96"}, {"asset_id": "104069286949461220202513301112982753159909723208199746703124675837794742649809", "price": "0.98", "size": "226.48", "side": "SELL", "hash": "e2f3553ce24e0f68d58c3efe0b122ba6a8a351d6", "best_bid": "0.04", "best_ask": "0.96"}], "timestamp": "1769384552142", "event_type": "price_change"}}
{"_local_timestamp": "2026-01-25T23:42:32.283824+00:00", "data": {"market": "0x837f63bab45164a748cbf9241eb87449b72178734b3493bf2a50d97005664606", "price_changes": [{"asset_id": "104069286949461220202513301112982753159909723208199746703124675837794742649809", "price": "0.02", "size": "222.24", "side": "BUY", "hash": "f3f198aad75d24096fab82c4c47ce592c5d7a5f1", "best_bid": "0.04", "best_ask": "0.96"}, {"asset_id": "11205702805310769362946666596934469363884890063300729698622751933484666476454", "price": "0.98", "size": "222.24", "side": "SELL", "hash": "0480c09eec74d59a3087414fe59c46a40448ff9b", "best_bid": "0.04", "best_ask": "0.96"}], "timestamp": "1769384552143", "event_type": "price_change"}}
