{"_local_timestamp": "2026-01-25T23:41:29.061570+00:00", "data": [{"market": "0x0f9aaaec8a168785b198ed38a470672372bc2f0e8b165eec8a4d7e306a5d6aea", "asset_id": "84172757973161854901127098511682020706792435147046363618709407090790638587287", "timestamp": "1769384165925", "hash": "4231aee65b452ba44b2834364440759b0a9cc295", "bids": [{"price": "0.01", "size": "194.79"}, {"price": "0.02", "size": "97.03"}, {"price": "0.03", "size": "12.74"}, {"price": "0.04", "size": "5.47"}], "asks": [{"price": "0.99", "size": "202.04"}, {"price": "0.98", "size": "117.48"}, {"price": "0.97", "size": "18.99"}, {"price": "0.96", "size": "29.99"}], "event_type": "book", "last_trade_price": ""}, {"market": "0x1bf3dca806b48e6c65ba7b38fff9f568c33dbf60611df3ea4fbde24454cf050f", "asset_id": "111886880087883034221503431131271142312415866781216586495742062194862123179789", "timestamp": "1769383985524", "hash": "79d42828dcacd2dc1f95fc20dcf6b8b3344ff0cb", "bids": [{"price": "0.01", "size": "10449.88"}, {"price": "0.02", "size": "43.27"}, {"price": "0.07", "size": "1145.58"}, {"price": "0.08", "size": "890.11"}], "asks": [{"price": "0.99", "size": "11348.58"}, {"price": "0.98", "size": "20.46"}, {"price": "0.97", "size": "1140.11"}, {"price": "0.96", "size": "6928.46"}], "event_type": "book", "last_trade_price": ""}, {"market": "0xdc032e708b7c4ff9a5caa4733efc441b6c02f6d730aadf754007fff6b570663d", "asset_id": "109445507592458717500255482149136939805249576186750844907724778944047446437784", "timestamp": "1769383981552", "hash": "a41e74868c4f9e114485d680b691f720cc0acfc6", "bids": [{"price": "0.01", "size": "10455.24"}, {"price": "0.02", "size": "25.56"}, {"price": "0.04", "size": "1140.11"}, {"price": "0.05", "size": "896.12"}], "asks": [{"price": "0.99", "size": "10451.22"}, {"price": "0.98", "size": "42.6"}, {"price": "0.94", "size": "1140.11"}, {"price": "0.93", "size": "895.58"}], "event_type": "book", "last_trade_price": ""}, {"market": "0x1bf3dca806b48e6c65ba7b38fff9f568c33dbf60611df3ea4fbde24454cf050f", "asset_id": "46632629403724485392499288591310137324181231480791004257137516408791272858220", "timestamp": "1769383985524", "hash": "7d6031dc1b0552a54bce0e27e2c72e62503f42d5", "bids": [{"price": "0.01", "size": "11348.58"}, {"price": "0.02", "size": "20.46"}, {"price": "0.03", "size": "1140.11"}, {"price": "0.04", "size": "6928.46"}], "asks": [{"price": "0.99", "size": "10449.88"}, {"price": "0.98", "size": "43.27"}, {"price": "0.93", "size": "1145.58"}, {"price": "0.92", "size": "890.11"}], "event_type": "book", "last_trade_price": ""}, {"market": "0x0f9aaaec8a168785b198ed38a470672372bc2f0e8b165eec8a4d7e306a5d6aea", "asset_id": "13220688650625762376931802299063126686564462716465286969557328498037207017369", "timestamp": "1769384165925", "hash": "a91714cdb6c5b4c3cc269273dd973a4a36e9221a", "bids": [{"price": "0.01", "size": "202.04"}, {"price": "0.02", "size": "117.48"}, {"price": "0.03", "size": "18.99"}, {"price": "0.04", "size": "29.99"}], "asks": [{"price": "0.99", "size": "194.79"}, {"price": "0.98", "size": "97.03"}, {"price": "0.97", "size": "12.74"}, {"price": "0.96", "size": "5.47"}], "event_type": "book", "last_trade_price": ""}, {"market": "0x0e8f0f6ec97d84f955d086e2151cd547234851dfeb5b70186e41582f2fb46d2a", "asset_id": "113446129310585499713304969318176067179186866753958691787461355607025640935429", "timestamp": "1769384149886", "hash": "59e6624d17ea830724dbf257a4e966323cdd1859", "bids": [{"price": "0.01", "size": "11333.24"}, {"price": "0.02", "size": "918.75"}, {"price": "0.03", "size": "4169.32"}, {"price": "0.04", "size": "14.47"}, {"price": "0.25", "size": "50"}], "asks": [{"price": "0.99", "size": "10451.22"}, {"price": "0.98", "size": "26.15"}, {"price": "0.95", "size": "1140.11"}, {"price": "0.94", "size": "895.59"}, {"price": "0.93", "size": "4300.32"}], "event_type": "book", "last_trade_price": ""}, {"market": "0xa31143f31442601a0fa88cda485d229e6bde50dfff32f51f1701802b7da55f6a", "asset_id": "77904926596311548223587441208726155398773404792776510887319504123756233186326", "timestamp": "1769384148858", "hash": "a97b948a936ecef57b8a9db3786a8b8bb647a5e9", "bids": [{"price": "0.01", "size": "10404.22"}, {"price": "0.02", "size": "7.03"}, {"price": "0.03", "size": "4170.07"}, {"price": "0.05", "size": "1140.11"}, {"price": "0.06", "size": "895.59"}], "asks": [{"price": "0.99", "size": "10404.22"}, {"price": "0.98", "size": "13.72"}, {"price": "0.96", "size": "14.43"}, {"price": "0.94", "size": "1140.11"}, {"price": "0.93", "size": "895.58"}], "event_type": "book", "last_trade_price": ""}, {"market": "0xdc032e708b7c4ff9a5caa4733efc441b6c02f6d730aadf754007fff6b570663d", "asset_id": "108185447464482416728718155801101380901177372868932603437718087983911160195616", "timestamp": "1769383981552", "hash": "4f10efa779dc52db81f4588157a55798a00ca0d3", "bids": [{"price": "0.01", "size": "10451.22"}, {"price": "0.02", "size": "42.6"}, {"price": "0.06", "size": "1140.11"}, {"price": "0.07", "size": "895.58"}], "asks": [{"price": "0.99", "size": "10455.24"}, {"price": "0.98", "size": "25.56"}, {"price": "0.96", "size": "1140.11"}, {"price": "0.95", "size": "896.12"}], "event_type": "book", "last_trade_price": ""}, {"market": "0xa31143f31442601a0fa88cda485d229e6bde50dfff32f51f1701802b7da55f6a", "asset_id": "6869489893414014525106374599712219310625615419860711537421744971148405154519", "timestamp": "1769384148858", "hash": "c77ef4cf4f9dbd3aed01b8fbb11a71e610d58eb6", "bids": [{"price": "0.01", "size": "10404.22"}, {"price": "0.02", "size": "13.72"}, {"price": "0.04", "size": "14.43"}, {"price": "0.06", "size": "1140.11"}, {"price": "0.07", "size": "895.58"}], "asks": [{"price": "0.99", "size": "10404.22"}, {"price": "0.98", "size": "7.03"}, {"price": "0.97", "size": "4170.07"}, {"price": "0.95", "size": "1140.11"}, {"price": "0.94", "size": "895.59"}], "event_type": "book", "last_trade_price": ""}, {"market": "0x0e8f0f6ec97d84f955d086e2151cd547234851dfeb5b70186e41582f2fb46d2a", "asset_id": "55626937103912944957584934144448518454921399092662320593380981461276659378147", "timestamp": "1769384149886", "hash": "4ab3d2ab579e74d73b47edbfe63af076d8d4fee1", "bids": [{"price": "0.01", "size": "10451.22"}, {"price": "0.02", "size": "26.15"}, {"price": "0.05", "size": "1140.11"}, {"price": "0.06", "size": "895.59"}, {"price": "0.07", "size": "4300.32"}], "asks": [{"price": "0.99", "size": "11333.24"}, {"price": "0.98", "size": "918.75"}, {"price": "0.97", "size": "4169.32"}, {"price": "0.96", "size": "14.47"}, {"price": "0.75", "size": "50"}], "event_type": "book", "last_trade_price": ""}]}
{"_local_timestamp": "2026-01-25T23:41:30.807836+00:00", "data": {"market": "0xa31143f31442601a0fa88cda485d229e6bde50dfff32f51f1701802b7da55f6a", "price_changes": [{"asset_id": "77904926596311548223587441208726155398773404792776510887319504123756233186326", "price": "0.03", "size": "4157.32", "side": "BUY", "hash": "a8aeb7539d2887ee8b23eb19bbe757981b71dd23", "best_bid": "0.06", "best_ask": "0.93"}, {"asset_id": "6869489893414014525106374599712219310625615419860711537421744971148405154519", "price": "0.97", "size": "4157.32", "side": "SELL", "hash": "9c85ce50d4fad2e233c557f0761f40cab1abf8bc", "best_bid": "0.07", "best_ask": "0.94"}], "timestamp": "1769384490668", "event_type": "price_change"}}
{"_local_timestamp": "2026-01-25T23:41:30.911151+00:00", "data": {"market": "0xa31143f31442601a0fa88cda485d229e6bde50dfff32f51f1701802b7da55f6a", "price_changes": [{"asset_id": "77904926596311548223587441208726155398773404792776510887319504123756233186326", "price": "0.03", "size": "0", "side": "BUY", "hash": "4bb4ada14147aebfc0a759d3aecb4ef07a34996a", "best_bid": "0.06", "best_ask": "0.93"}, {"asset_id": "6869489893414014525106374599712219310625615419860711537421744971148405154519", "price": "0.97", "size": "0", "side": "SELL", "hash": "75d923ddbeb0c4f06b33b3988384a639748a97ac", "best_bid": "0.07", "best_ask": "0.94"}], "timestamp": "1769384490759", "event_type": "price_change"}}
{"_local_timestamp": "2026-01-25T23:41:31.595777+00:00", "data": {"market": "0xa31143f31442601a0fa88cda485d229e6bde50dfff32f51f1701802b7da55f6a", "price_changes": [{"asset_id": "77904926596311548223587441208726155398773404792776510887319504123756233186326", "price": "0.04", "size": "6.21", "side": "BUY", "hash": "b8d7557102587726ff030f7ac2bcf55441d5a3f9", "best_bid": "0.06", "best_ask": "0.93"}, {"asset_id": "6869489893414014525106374599712219310625615419860711537421744971148405154519", "price": "0.96", "size": "6.21", "side": "SELL", "hash": "5141aed771240c56b2b9a24865d02860e0094372", "best_bid": "0.07", "best_ask": "0.94"}], "timestamp": "1769384491441", "event_type": "price_change"}}
{"_local_timestamp": "2026-01-25T23:41:31.606076+00:00", "data": {"market": "0xa31143f31442601a0fa88cda485d229e6bde50dfff32f51f1701802b7da55f6a", "price_changes": [{"asset_id": "77904926596311548223587441208726155398773404792776510887319504123756233186326", "price": "0.02", "size": "13.73", "side": "BUY", "hash": "7f6c6079c788e39130c558340f6423918d5d60fb", "best_bid": "0.06", "best_ask": "0.93"}, {"asset_id": "6869489893414014525106374599712219310625615419860711537421744971148405154519", "price": "0.98", "size": "13.73", "side": "SELL", "hash": "32b190df88cb8f24cbefdabc409c6d486b06b5f3", "best_bid": "0.07", "best_ask": "0.94"}], "timestamp": "1769384491442", "event_type": "price_change"}}
{"_local_timestamp": "2026-01-25T23:41:31.899284+00:00", "data": {"market": "0xa31143f31442601a0fa88cda485d229e6bde50dfff32f51f1701802b7da55f6a", "price_changes": [{"asset_id": "6869489893414014525106374599712219310625615419860711537421744971148405154519", "price": "0.04", "size": "0", "side": "BUY", "hash": "9f3aaf1d15a3028351116002fa75947d95761636", "best_bid": "0.07", "best_ask": "0.94"}, {"asset_id": "77904926596311548223587441208726155398773404792776510887319504123756233186326", "price": "0.96", "size": "0", "side": "SELL", "hash": "6923c2dbd3530f164414cc1b9d7fc05e1f642469", "best_bid": "0.06", "best_ask": "0.93"}], "timestamp": "1769384491724", "event_type": "price_change"}}
{"_local_timestamp": "2026-01-25T23:41:31.899748+00:00", "data": {"market": "0x0e8f0f6ec97d84f955d086e2151cd547234851dfeb5b70186e41582f2fb46d2a", "price_changes": [{"asset_id": "113446129310585499713304969318176067179186866753958691787461355607025640935429", "price": "0.02", "size": "890.11", "side": "BUY", "hash": "fcb4f65ec58efb6350a5f042ec7ebe9f8eabe40d", "best_bid": "0.25", "best_ask": "0.93"}, {"asset_id": "55626937103912944957584934144448518454921399092662320593380981461276659378147", "price": "0.98", "size": "890.11", "side": "SELL", "hash": "bd3af93981aaa65ca375f437a62805d33a1f3d36", "best_bid": "0.07", "best_ask": "0.75"}], "timestamp": "1769384491724", "event_type": "price_change"}}
{"_local_timestamp": "2026-01-25T23:41:31.963733+00:00", "data": {"market": "0x0e8f0f6ec97d84f955d086e2151cd547234851dfeb5b70186e41582f2fb46d2a", "price_changes": [{"asset_id": "113446129310585499713304969318176067179186866753958691787461355607025640935429", "price": "0.03", "size": "12", "side": "BUY", "hash": "926e654f1772233ec0633de70c78d6198621adab", "best_bid": "0.25", "best_ask": "0.93"}, {"asset_id": "55626937103912944957584934144448518454921399092662320593380981461276659378147", "price": "0.97", "size": "12", "side": "SELL", "hash": "23ce1a624c50d6a77121a014d39cec79dd3f15ed", "best_bid": "0.07", "best_ask": "0.75"}], "timestamp": "1769384491796", "event_type": "price_change"}}
{"_local_timestamp": "2026-01-25T23:41:31.964281+00:00", "data": {"market": "0x0e8f0f6ec97d84f955d086e2151cd547234851dfeb5b70186e41582f2fb46d2a", "price_changes": [{"asset_id": "55626937103912944957584934144448518454921399092662320593380981461276659378147", "price": "0.07", "size": "143", "side": "BUY", "hash": "3bd3fde5ced4ffce51bca76f7ca4074ddccd058c", "best_bid": "0.07", "best_ask": "0.75"}, {"asset_id": "113446129310585499713304969318176067179186866753958691787461355607025640935429", "price": "0.93", "size": "143", "side": "SELL", "hash": "aa17c5cb90266465d2a48087e0e26c7ed1c0926b", "best_bid": "0.25", "best_ask": "0.93"}], "timestamp": "1769384491796", "event_type": "price_change"}}
{"_local_timestamp": "2026-01-25T23:41:32.003594+00:00", "data": {"market": "0x0e8f0f6ec97d84f955d086e2151cd547234851dfeb5b70186e41582f2fb46d2a", "price_changes": [{"asset_id": "55626937103912944957584934144448518454921399092662320593380981461276659378147", "price": "0.07", "size": "0", "side": "BUY", "hash": "8fa51795e8f7f608b9075ce737eeee8dcb9be500", "best_bid": "0.06", "best_ask": "0.75"}, {"asset_id": "113446129310585499713304969318176067179186866753958691787461355607025640935429", "price": "0.93", "size": "0", "side": "SELL", "hash": "f01766091ec050813e16583375b459c5c48a99a7", "best_bid": "0.25", "best_ask": "0.94"}], "timestamp": "1769384491836", "event_type": "price_change"}}
{"_local_timestamp": "2026-01-25T23:41:32.127429+00:00", "data": {"market": "0x0e8f0f6ec97d84f955d086e2151cd547234851dfeb5b70186e41582f2fb46d2a", "price_changes": [{"asset_id": "55626937103912944957584934144448518454921399092662320593380981461276659378147", "price": "0.06", "size": "1062.59", "side": "BUY", "hash": "6f5813e74cf88397f8b754041fe2e962e953843e", "best_bid": "0.06", "best_ask": "0.75"}, {"asset_id": "113446129310585499713304969318176067179186866753958691787461355607025640935429", "price": "0.94", "size": "1062.59", "side": "SELL", "hash": "ed1646caa2101128dda2f6ac5711de49b0336bcd", "best_bid": "0.25", "best_ask": "0.94"}], "timestamp": "1769384491959", "event_type": "price_change"}}
{"_local_timestamp": "2026-01-25T23:41:32.220860+00:00", "data": {"market": "0x0e8f0f6ec97d84f955d086e2151cd547234851dfeb5b70186e41582f2fb46d2a", "price_changes": [{"asset_id": "113446129310585499713304969318176067179186866753958691787461355607025640935429", "price": "0.04", "size": "25.68", "side": "BUY", "hash": "210964210598e6d53b1ee3c917b3a73a865402b0", "best_bid": "0.25", "best_ask": "0.94"}, {"asset_id": "55626937103912944957584934144448518454921399092662320593380981461276659378147", "price": "0.96", "size": "25.68", "side": "SELL", "hash": "50276f7a68e5ebc615d10ac421e4ae596bff2097", "best_bid": "0.06", "best_ask": "0.75"}], "timestamp": "1769384492049", "event_type": "price_change"}}
{"_local_timestamp": "2026-01-25T23:41:32.221422+00:00", "data": {"market": "0xa31143f31442601a0fa88cda485d229e6bde50dfff32f51f1701802b7da55f6a", "price_changes": [{"asset_id": "6869489893414014525106374599712219310625615419860711537421744971148405154519", "price": "0.02", "size": "42.6", "side": "BUY", "hash": "49148b1c27b389de6ac6f49c86b4a5c3fd415ecb", "best_bid": "0.07", "best_ask": "0.94"}, {"asset_id": "77904926596311548223587441208726155398773404792776510887319504123756233186326", "price": "0.98", "size": "42.6", "side": "SELL", "hash": "95045e8f3647065106177aba9861e9947fd64abd", "best_bid": "0.06", "best_ask": "0.93"}], "timestamp": "1769384492049", "event_type": "price_change"}}
{"_local_timestamp": "2026-01-25T23:41:32.222010+00:00", "data": {"market": "0x0e8f0f6ec97d84f955d086e2151cd547234851dfeb5b70186e41582f2fb46d2a", "price_changes": [{"asset_id": "113446129310585499713304969318176067179186866753958691787461355607025640935429", "price": "0.02", "size": "896.33", "side": "BUY", "hash": "82d7bebe466e617b0bacf655dd3d588564ee5ec2", "best_bid": "0.25", "best_ask": "0.94"}, {"asset_id": "55626937103912944957584934144448518454921399092662320593380981461276659378147", "price": "0.98", "size": "896.33", "side": "SELL", "hash": "8d17823f47879d61ce04d828f915600862ca96b8", "best_bid": "0.06", "best_ask": "0.75"}], "timestamp": "1769384492050", "event_type": "price_change"}}
{"_local_timestamp": "2026-01-25T23:42:07.943390+00:00", "data": {"market": "0x0f9aaaec8a168785b198ed38a470672372bc2f0e8b165eec8a4d7e306a5d6aea", "price_changes": [{"asset_id": "84172757973161854901127098511682020706792435147046363618709407090790638587287", "price": "0.05", "size": "23.99", "side": "BUY", "hash": "1014418349875460a9e882d2ad48fd73a7cdfbde", "best_bid": "0.05", "best_ask": "0.96"}, {"asset_id": "13220688650625762376931802299063126686564462716465286969557328498037207017369", "price": "0.95", "size": "23.99", "side": "SELL", "hash": "4f1fe8d056716c1e39ea32581377c3a7f2745d0d", "best_bid": "0.04", "best_ask": "0.95"}], "timestamp": "1769384527872", "event_type": "price_change"}}
{"_local_timestamp": "2026-01-25T23:42:10.877096+00:00", "data": {"market": "0x0f9aaaec8a168785b198ed38a470672372bc2f0e8b165eec8a4d7e306a5d6aea", "price_changes": [{"asset_id": "84172757973161854901127098511682020706792435147046363618709407090790638587287", "price": "0.04", "size": "0", "side": "BUY", "hash": "5c0fe7ab537fb56e989489a9b2f4bda944aa59d8", "best_bid": "0.05", "best_ask": "0.96"}, {"asset_id": "13220688650625762376931802299063126686564462716465286969557328498037207017369", "price": "0.96", "size": "0", "side": "SELL", "hash": "6183b311f6d44011c83c65eeaf47679c1db5a88e", "best_bid": "0.04", "best_ask": "0.95"}], "timestamp": "1769384530792", "event_type": "price_change"}}
{"_local_timestamp": "2026-01-25T23:42:11.223014+00:00", "data": {"market": "0x0f9aaaec8a168785b198ed38a470672372bc2f0e8b165eec8a4d7e306a5d6aea", "price_changes": [{"asset_id": "84172757973161854901127098511682020706792435147046363618709407090790638587287", "price": "0.06", "size": "5.47", "side": "BUY", "hash": "7bfec210c26e8324ad93dc9e333e5de9f4aa8815", "best_bid": "0.06", "best_ask": "0.96"}, {"asset_id": "13220688650625762376931802299063126686564462716465286969557328498037207017369", "price": "0.94", "size": "5.47", "side": "SELL", "hash": "cb412329a188163e982a3ade80b2202586330b7e", "best_bid": "0.04", "best_ask": "0.94"}], "timestamp": "1769384531154", "event_type": "price_change"}}
{"_local_timestamp": "2026-01-25T23:43:35.289280+00:00", "data": {"market": "0x0f9aaaec8a168785b198ed38a470672372bc2f0e8b165eec8a4d7e306a5d6aea", "price_changes": [{"asset_id": "84172757973161854901127098511682020706792435147046363618709407090790638587287", "price": "0.05", "size": "0", "side": "BUY", "hash": "0ffb067ebf48dcffbc684e49dd8d7e4659d1a019", "best_bid": "0.06", "best_ask": "0.96"}, {"asset_id": "13220688650625762376931802299063126686564462716465286969557328498037207017369", "price": "0.95", "size": "0", "side": "SELL", "hash": "eca11d24b0eaeb887d6ed3207e02a6c83c5f1763", "best_bid": "0.04", "best_ask": "0.94"}], "timestamp": "1769384615218", "event_type": "price_change"}}
{"_local_timestamp": "2026-01-25T23:43:39.914213+00:00", "data": {"market": "0x0f9aaaec8a168785b198ed38a470672372bc2f0e8b165eec8a4d7e306a5d6aea", "price_changes": [{"asset_id": "84172757973161854901127098511682020706792435147046363618709407090790638587287", "price": "0.06", "size": "0", "side": "BUY", "hash": "f86c3cb0925efeb1e9a30186993420a88f31c6cb", "best_bid": "0.03", "best_ask": "0.96"}, {"asset_id": "13220688650625762376931802299063126686564462716465286969557328498037207017369", "price": "0.94", "size": "0", "side": "SELL", "hash": "6c684e75694be0e70efa489c286d74b17283474d", "best_bid": "0.04", "best_ask": "0.97"}], "timestamp": "1769384619845", "event_type": "price_change"}}
{"_local_timestamp": "2026-01-25T23:43:40.294703+00:00", "data": {"market": "0x0f9aaaec8a168785b198ed38a470672372bc2f0e8b165eec8a4d7e306a5d6aea", "price_changes": [{"asset_id": "84172757973161854901127098511682020706792435147046363618709407090790638587287", "price": "0.04", "size": "5.47", "side": "BUY", "hash": "c5f8fa77f4f242c0a7c620432e50fff844f4e136", "best_bid": "0.04", "best_ask": "0.96"}, {"asset_id": "13220688650625762376931802299063126686564462716465286969557328498037207017369", "price": "0.96", "size": "5.47", "side": "SELL", "hash": "4f506c085f9a8ae88637a7a5e73d53743c0b91bb", "best_bid": "0.04", "best_ask": "0.96"}], "timestamp": "1769384620227", "event_type": "price_change"}}
{"_local_timestamp": "2026-01-25T23:45:07.678153+00:00", "data": {"market": "0x0e8f0f6ec97d84f955d086e2151cd547234851dfeb5b70186e41582f2fb46d2a", "price_changes": [{"asset_id": "113446129310585499713304969318176067179186866753958691787461355607025640935429", "price": "0.02", "size": "890.11", "side": "BUY", "hash": "af823b63d68739f7741be0399f015104db1cf34b", "best_bid": "0.25", "best_ask": "0.94"}, {"asset_id": "55626937103912944957584934144448518454921399092662320593380981461276659378147", "price": "0.98", "size": "890.11", "side": "SELL", "hash": "17b90f85786428d44786595c9722ded3d4e52c3c", "best_bid": "0.06", "best_ask": "0.75"}], "timestamp": "1769384707606", "event_type": "price_change"}}
{"_local_timestamp": "2026-01-25T23:45:07.679078+00:00", "data": {"market": "0xa31143f31442601a0fa88cda485d229e6bde50dfff32f51f1701802b7da55f6a", "price_changes": [{"asset_id": "77904926596311548223587441208726155398773404792776510887319504123756233186326", "price": "0.04", "size": "0", "side": "BUY", "hash": "2688746e1d5d131e9d745f33f2eb8d0346d4dab1", "best_bid": "0.06", "best_ask": "0.93"}, {"asset_id": "6869489893414014525106374599712219310625615419860711537421744971148405154519", "price": "0.96", "size": "0", "side": "SELL", "hash": "756a8f7cba1c603f2c468d94078f11977d9763a5", "best_bid": "0.07", "best_ask": "0.94"}], "timestamp": "1769384707606", "event_type": "price_change"}}
{"_local_timestamp": "2026-01-25T23:45:07.679485+00:00", "data": {"market": "0x0e8f0f6ec97d84f955d086e2151cd547234851dfeb5b70186e41582f2fb46d2a", "price_changes": [{"asset_id": "113446129310585499713304969318176067179186866753958691787461355607025640935429", "price": "0.04", "size": "14.47", "side": "BUY", "hash": "af823b63d68739f7741be0399f015104db1cf34b", "best_bid": "0.25", "best_ask": "0.94"}, {"asset_id": "55626937103912944957584934144448518454921399092662320593380981461276659378147", "price": "0.96", "size": "14.47", "side": "SELL", "hash": "17b90f85786428d44786595c9722ded3d4e52c3c", "best_bid": "0.06", "best_ask": "0.75"}], "timestamp": "1769384707606", "event_type": "price_change"}}
{"_local_timestamp": "2026-01-25T23:45:10.562479+00:00", "data": {"market": "0x0f9aaaec8a168785b198ed38a470672372bc2f0e8b165eec8a4d7e306a5d6aea", "price_changes": [{"asset_id": "84172757973161854901127098511682020706792435147046363618709407090790638587287", "price": "0.03", "size": "20.65", "side": "BUY", "hash": "835fcfddc8fcd0e822d264576ef805507009a86d", "best_bid": "0.04", "best_ask": "0.96"}, {"asset_id": "13220688650625762376931802299063126686564462716465286969557328498037207017369", "price": "0.97", "size": "20.65", "side": "SELL", "hash": "3b2f217fd4e85bc3972cdce29609aef374a71047", "best_bid": "0.04", "best_ask": "0.96"}], "timestamp": "1769384710498", "event_type": "price_change"}}
{"_local_timestamp": "2026-01-25T23:45:10.569868+00:00", "data": {"market": "0x0e8f0f6ec97d84f955d086e2151cd547234851dfeb5b70186e41582f2fb46d2a", "price_changes": [{"asset_id": "113446129310585499713304969318176067179186866753958691787461355607025640935429", "price": "0.01", "size": "11339.62", "side": "BUY", "hash": "51e343561be19fe9e9a9d8e408a03b189dc7202e", "best_bid": "0.25", "best_ask": "0.94"}, {"asset_id": "55626937103912944957584934144448518454921399092662320593380981461276659378147", "price": "0.99", "size": "11339.62", "side": "SELL", "hash": "85ba9036f0c9fd1b33d294b3c2bae99fb6758bb4", "best_bid": "0.06", "best_ask": "0.75"}], "timestamp": "1769384710498", "event_type": "price_change"}}
{"_local_timestamp": "2026-01-25T23:45:10.570308+00:00", "data": {"market": "0xa31143f31442601a0fa88cda485d229e6bde50dfff32f51f1701802b7da55f6a", "price_changes": [{"asset_id": "77904926596311548223587441208726155398773404792776510887319504123756233186326", "price": "0.02", "size": "26.16", "side": "BUY", "hash": "24ead1e721a31a90b4cb38fda3134f435f4509b4", "best_bid": "0.06", "best_ask": "0.93"}, {"asset_id": "6869489893414014525106374599712219310625615419860711537421744971148405154519", "price": "0.98", "size": "26.16", "side": "SELL", "hash": "9b0b7ca6beaabc4e6dae7fdf9cfa9f880b70d25d", "best_bid": "0.07", "best_ask": "0.94"}], "timestamp": "1769384710498", "event_type": "price_change"}}
{"_local_timestamp": "2026-01-25T23:45:10.570732+00:00", "data": {"market": "0x0e8f0f6ec97d84f955d086e2151cd547234851dfeb5b70186e41582f2fb46d2a", "price_changes": [{"asset_id": "113446129310585499713304969318176067179186866753958691787461355607025640935429", "price": "0.03", "size": "28.97", "side": "BUY", "hash": "c48c34c32de90b9fd34e783e3e6acc587e448c8e", "best_bid": "0.25", "best_ask": "0.94"}, {"asset_id": "55626937103912944957584934144448518454921399092662320593380981461276659378147", "price": "0.97", "size": "28.97", "side": "SELL", "hash": "f8ce92cf4eccb1fcdf1986bc50ca36dba8ccdf1f", "best_bid": "0.06", "best_ask": "0.75"}], "timestamp": "1769384710499", "event_type": "price_change"}}
{"_local_timestamp": "2026-01-25T23:45:10.571150+00:00", "data": {"market": "0x0f9aaaec8a168785b198ed38a470672372bc2f0e8b165eec8a4d7e306a5d6aea", "price_changes": [{"asset_id": "84172757973161854901127098511682020706792435147046363618709407090790638587287", "price": "0.01", "size": "203.97", "side": "BUY", "hash": "e9f6a1b7796f217d83479a85dfcbabeb0b1669d3", "best_bid": "0.04", "best_ask": "0.96"}, {"asset_id": "13220688650625762376931802299063126686564462716465286969557328498037207017369", "price": "0.99", "size": "203.97", "side": "SELL", "hash": "b64468abdd4c7e75b509942d5906ffb8f861f52b", "best_bid": "0.04", "best_ask": "0.96"}], "timestamp": "1769384710499", "event_type": "price_change"}}
{"_local_timestamp": "2026-01-25T23:45:10.921809+00:00", "data": {"market": "0x0f9aaaec8a168785b198ed38a470672372bc2f0e8b165eec8a4d7e306a5d6aea", "price_changes": [{"asset_id": "84172757973161854901127098511682020706792435147046363618709407090790638587287", "price": "0.05", "size": "23.99", "side": "BUY", "hash": "a733617225d5c1df1bb120a45831f9e52ff4d395", "best_bid": "0.05", "best_ask": "0.96"}, {"asset_id": "13220688650625762376931802299063126686564462716465286969557328498037207017369", "price": "0.95", "size": "23.99", "side": "SELL", "hash": "a532d11bec8111da8e5bb65ecb7e8fb6b92d7b2a", "best_bid": "0.04", "best_ask": "0.95"}], "timestamp": "1769384710846", "event_type": "price_change"}}
{"_local_timestamp": "2026-01-25T23:45:11.904500+00:00", "data": {"market": "0x0f9aaaec8a168785b198ed38a470672372bc2f0e8b165eec8a4d7e306a5d6aea", "price_changes": [{"asset_id": "84172757973161854901127098511682020706792435147046363618709407090790638587287", "price": "0.04", "size": "0", "side": "BUY", "hash": "ff0f139760e1a52e3e737ea11095d8f45994a040", "best_bid": "0.05", "best_ask": "0.96"}, {"asset_id": "13220688650625762376931802299063126686564462716465286969557328498037207017369", "price": "0.96", "size": "0", "side": "SELL", "hash": "e7760b3a0fdef8427d88d5ac049950be7aced54a", "best_bid": "0.04", "best_ask": "0.95"}], "timestamp": "1769384711811", "event_type": "price_change"}}
{"_local_timestamp": "2026-01-25T23:45:12.365957+00:00", "data": {"market": "0x0f9aaaec8a168785b198ed38a470672372bc2f0e8b165eec8a4d7e306a5d6aea", "price_changes": [{"asset_id": "84172757973161854901127098511682020706792435147046363618709407090790638587287", "price": "0.06", "size": "5.47", "side": "BUY", "hash": "a906c4f09c56244f92567b648f3155b7d80e444b", "best_bid": "0.06", "best_ask": "0.96"}, {"asset_id": "13220688650625762376931802299063126686564462716465286969557328498037207017369", "price": "0.94", "size": "5.47", "side": "SELL", "hash": "f5a3899743237f234d4942ed3c0198a3b62ad63b", "best_bid": "0.04", "best_ask": "0.94"}], "timestamp": "1769384712296", "event_type": "price_change"}}
