{"_local_timestamp": "2026-01-25T23:41:07.709157+00:00", "data": [{"market": "0x0bd390a2c7c8fce851fcfe72c02f347686c0a362f5aaab331ffa9c54416c6aa2", "asset_id": "17398793204722166217660817067265905985425481568989568628103768246608609488761", "timestamp": "1769384465356", "hash": "5b6ac514719e4265a06519279c135aea3cff1609", "bids": [{"price": "0.01", "size": "9881.81"}, {"price": "0.02", "size": "1800"}, {"price": "0.03", "size": "9.08"}, {"price": "0.07", "size": "1500"}, {"price": "0.08", "size": "4557.32"}, {"price": "0.09", "size": "19"}, {"price": "0.11", "size": "5.73"}, {"price": "0.12", "size": "300"}, {"price": "0.2", "size": "1090.11"}, {"price": "0.21", "size": "890.11"}, {"price": "0.5", "size": "20"}, {"price": "0.76", "size": "150"}, {"price": "0.77", "size": "50"}, {"price": "0.78", "size": "100"}, {"price": "0.79", "size": "150.92"}], "asks": [{"price": "0.99", "size": "5332.55"}, {"price": "0.98", "size": "898.75"}, {"price": "0.97", "size": "10.25"}, {"price": "0.92", "size": "60.72"}, {"price": "0.9", "size": "90"}, {"price": "0.88", "size": "110"}, {"price": "0.87", "size": "27"}, {"price": "0.86", "size": "737"}, {"price": "0.85", "size": "149"}, {"price": "0.84", "size": "715.86"}, {"price": "0.83", "size": "20994.01"}], "event_type": "book", "last_trade_price": "0.170"}, {"market": "0x0bd390a2c7c8fce851fcfe72c02f347686c0a362f5aaab331ffa9c54416c6aa2", "asset_id": "88768287981663040695907057042576315713786188072326767683529020944040826691423", "timestamp": "1769384465356", "hash": "0f2c9be8782b451f32d234ef80f7774401e8713c", "bids": [{"price": "0.01", "size": "5332.55"}, {"price": "0.02", "size": "898.75"}, {"price": "0.03", "size": "10.25"}, {"price": "0.08", "size": "60.72"}, {"price": "0.1", "size": "90"}, {"price": "0.12", "size": "110"}, {"price": "0.13", "size": "27"}, {"price": "0.14", "size": "737"}, {"price": "0.15", "size": "149"}, {"price": "0.16", "size": "715.86"}, {"price": "0.17", "size": "20994.01"}], "asks": [{"price": "0.99", "size": "9881.81"}, {"price": "0.98", "size": "1800"}, {"price": "0.97", "size": "9.08"}, {"price": "0.93", "size": "1500"}, {"price": "0.92", "size": "4557.32"}, {"price": "0.91", "size": "19"}, {"price": "0.89", "size": "5.73"}, {"price": "0.88", "size": "300"}, {"price": "0.8", "size": "1090.11"}, {"price": "0.79", "size": "890.11"}, {"price": "0.5", "size": "20"}, {"price": "0.24", "size": "150"}, {"price": "0.23", "size": "50"}, {"price": "0.22", "size": "100"}, {"price": "0.21", "size": "150.92"}], "event_type": "book", "last_trade_price": "0.170"}]}
{"_local_timestamp": "2026-01-25T23:41:09.381619+00:00", "data": {"market": "0x0bd390a2c7c8fce851fcfe72c02f347686c0a362f5aaab331ffa9c54416c6aa2", "price_changes": [{"asset_id": "17398793204722166217660817067265905985425481568989568628103768246608609488761", "price": "0.12", "size": "200", "side": "BUY", "hash": "a435e3646c51cacee502a1a551e3d65e5f6ed01b", "best_bid": "0.79", "best_ask": "0.83"}, {"asset_id": "88768287981663040695907057042576315713786188072326767683529020944040826691423", "price": "0.88", "size": "200", "side": "SELL", "hash": "96bc21b9d45182276cabf1b3b9d3244267add490", "best_bid": "0.17", "best_ask": "0.21"}], "timestamp": "1769384469302", "event_type": "price_change"}}
{"_local_timestamp": "2026-01-25T23:41:09.689605+00:00", "data": {"market": "0x0bd390a2c7c8fce851fcfe72c02f347686c0a362f5aaab331ffa9c54416c6aa2", "price_changes": [{"asset_id": "17398793204722166217660817067265905985425481568989568628103768246608609488761", "price": "0.08", "size": "4657.32", "side": "BUY", "hash": "d5c539e0e7d445ad71c93808295af4d117cb0c4c", "best_bid": "0.79", "best_ask": "0.83"}, {"asset_id": "88768287981663040695907057042576315713786188072326767683529020944040826691423", "price": "0.92", "size": "4657.32", "side": "SELL", "hash": "a1d89a0ab1bd83110ef2a11a32341f262abdd138", "best_bid": "0.17", "best_ask": "0.21"}], "timestamp": "1769384469599", "event_type": "price_change"}}
{"_local_timestamp": "2026-01-25T23:41:11.742861+00:00", "data": {"market": "0x0bd390a2c7c8fce851fcfe72c02f347686c0a362f5aaab331ffa9c54416c6aa2", "price_changes": [{"asset_id": "17398793204722166217660817067265905985425481568989568628103768246608609488761", "price": "0.12", "size": "100", "side": "BUY", "hash": "cbd35d04ee80290fa115e9bf723f7dc54eee97cf", "best_bid": "0.79", "best_ask": "0.83"}, {"asset_id": "88768287981663040695907057042576315713786188072326767683529020944040826691423", "price": "0.88", "size": "100", "side": "SELL", "hash": "7bb189bc068071338b2bc2f287880915be6e4b97", "best_bid": "0.17", "best_ask": "0.21"}], "timestamp": "1769384471657", "event_type": "price_change"}}
{"_local_timestamp": "2026-01-25T23:41:11.860144+00:00", "data": {"market": "0x0bd390a2c7c8fce851fcfe72c02f347686c0a362f5aaab331ffa9c54416c6aa2", "price_changes": [{"asset_id": "88768287981663040695907057042576315713786188072326767683529020944040826691423", "price": "0.21", "size": "69", "side": "SELL", "hash": "f12b838aa7645c928535dd5b4cda68d945a41d8b", "best_bid": "0.17", "best_ask": "0.21"}, {"asset_id": "17398793204722166217660817067265905985425481568989568628103768246608609488761", "price": "0.79", "size": "69", "side": "BUY", "hash": "2f6706a91445079d53593b710ca0c0909968edff", "best_bid": "0.79", "best_ask": "0.83"}], "timestamp": "1769384471788", "event_type": "price_change"}}
{"_local_timestamp": "2026-01-25T23:41:12.050359+00:00", "data": {"market": "0x0bd390a2c7c8fce851fcfe72c02f347686c0a362f5aaab331ffa9c54416c6aa2", "price_changes": [{"asset_id": "17398793204722166217660817067265905985425481568989568628103768246608609488761", "price": "0.08", "size": "4757.32", "side": "BUY", "hash": "20a6664cb060c8c2fcdf7c44d7933c266e81ffce", "best_bid": "0.79", "best_ask": "0.83"}, {"asset_id": "88768287981663040695907057042576315713786188072326767683529020944040826691423", "price": "0.92", "size": "4757.32", "side": "SELL", "hash": "cac0c53ee39f5021d097400999c877e800f4adfe", "best_bid": "0.17", "best_ask": "0.21"}], "timestamp": "1769384471944", "event_type": "price_change"}}
{"_local_timestamp": "2026-01-25T23:41:12.174148+00:00", "data": {"market": "0x0bd390a2c7c8fce851fcfe72c02f347686c0a362f5aaab331ffa9c54416c6aa2", "price_changes": [{"asset_id": "17398793204722166217660817067265905985425481568989568628103768246608609488761", "price": "0.09", "size": "1289.1", "side": "BUY", "hash": "fff12c92d4453f43988fc28cf260043e5ab25962", "best_bid": "0.79", "best_ask": "0.83"}, {"asset_id": "88768287981663040695907057042576315713786188072326767683529020944040826691423", "price": "0.91", "size": "1289.1", "side": "SELL", "hash": "93ccdcd11d6fc70e1d7e1ffb64638b78777f6b05", "best_bid": "0.17", "best_ask": "0.21"}], "timestamp": "1769384472048", "event_type": "price_change"}}
{"_local_timestamp": "2026-01-25T23:41:12.176457+00:00", "data": {"market": "0x0bd390a2c7c8fce851fcfe72c02f347686c0a362f5aaab331ffa9c54416c6aa2", "price_changes": [{"asset_id": "17398793204722166217660817067265905985425481568989568628103768246608609488761", "price": "0.09", "size": "2179.21", "side": "BUY", "hash": "a81aff73ec46a0c32bed85da0cb8d7798698cd8e", "best_bid": "0.79", "best_ask": "0.83"}, {"asset_id": "88768287981663040695907057042576315713786188072326767683529020944040826691423", "price": "0.91", "size": "2179.21", "side": "SELL", "hash": "7e1919646e0152a409f721799b958271f986140e", "best_bid": "0.17", "best_ask": "0.21"}], "timestamp": "1769384472050", "event_type": "price_change"}}
{"_local_timestamp": "2026-01-25T23:41:12.180204+00:00", "data": {"market": "0x0bd390a2c7c8fce851fcfe72c02f347686c0a362f5aaab331ffa9c54416c6aa2", "price_changes": [{"asset_id": "17398793204722166217660817067265905985425481568989568628103768246608609488761", "price": "0.09", "size": "4176.32", "side": "BUY", "hash": "114ec4677b23c10da84b918d53256b31ce078ee3", "best_bid": "0.79", "best_ask": "0.83"}, {"asset_id": "88768287981663040695907057042576315713786188072326767683529020944040826691423", "price": "0.91", "size": "4176.32", "side": "SELL", "hash": "e62a8d28ded51105c1738fca5f0c96a2f2887852", "best_bid": "0.17", "best_ask": "0.21"}], "timestamp": "1769384472053", "event_type": "price_change"}}
{"_local_timestamp": "2026-01-25T23:41:13.333203+00:00", "data": {"market": "0x0bd390a2c7c8fce851fcfe72c02f347686c0a362f5aaab331ffa9c54416c6aa2", "price_changes": [{"asset_id": "17398793204722166217660817067265905985425481568989568628103768246608609488761", "price": "0.12", "size": "0", "side": "BUY", "hash": "457e9eb1212e17d33f2c17b5bf2225e9abc4fcc7", "best_bid": "0.79", "best_ask": "0.83"}, {"asset_id": "88768287981663040695907057042576315713786188072326767683529020944040826691423", "price": "0.88", "size": "0", "side": "SELL", "hash": "80588a9f6340c9345f6fcf2eeb8b15caf7da2b62", "best_bid": "0.17", "best_ask": "0.21"}], "timestamp": "1769384473267", "event_type": "price_change"}}
{"_local_timestamp": "2026-01-25T23:41:13.613312+00:00", "data": {"market": "0x0bd390a2c7c8fce851fcfe72c02f347686c0a362f5aaab331ffa9c54416c6aa2", "price_changes": [{"asset_id": "17398793204722166217660817067265905985425481568989568628103768246608609488761", "price": "0.08", "size": "4857.32", "side": "BUY", "hash": "a65b1685c72c5834b62894ae72c4176e65b5f44d", "best_bid": "0.79", "best_ask": "0.83"}, {"asset_id": "88768287981663040695907057042576315713786188072326767683529020944040826691423", "price": "0.92", "size": "4857.32", "side": "SELL", "hash": "a0d9f952d06f89411633f48d57298537990c4d00", "best_bid": "0.17", "best_ask": "0.21"}], "timestamp": "1769384473540", "event_type": "price_change"}}
{"_local_timestamp": "2026-01-25T23:41:21.456803+00:00", "data": {"market": "0x0bd390a2c7c8fce851fcfe72c02f347686c0a362f5aaab331ffa9c54416c6aa2", "price_changes": [{"asset_id": "17398793204722166217660817067265905985425481568989568628103768246608609488761", "price": "0.09", "size": "4276.32", "side": "BUY", "hash": "6acf33a00fe1e9083044cf4589d16d8e144b9731", "best_bid": "0.79", "best_ask": "0.83"}, {"asset_id": "88768287981663040695907057042576315713786188072326767683529020944040826691423", "price": "0.91", "size": "4276.32", "side": "SELL", "hash": "181f7bb2f0b31fe8a22da839a73c1af232ab383b", "best_bid": "0.17", "best_ask": "0.21"}], "timestamp": "1769384481356", "event_type": "price_change"}}
{"_local_timestamp": "2026-01-25T23:41:21.462765+00:00", "data": {"market": "0x0bd390a2c7c8fce851fcfe72c02f347686c0a362f5aaab331ffa9c54416c6aa2", "price_changes": [{"asset_id": "88768287981663040695907057042576315713786188072326767683529020944040826691423", "price": "0.02", "size": "1198.75", "side": "BUY", "hash": "582a7f96dc5a666555a7d8e7af92e5fe90e129a3", "best_bid": "0.17", "best_ask": "0.21"}, {"asset_id": "17398793204722166217660817067265905985425481568989568628103768246608609488761", "price": "0.98", "size": "1198.75", "side": "SELL", "hash": "d0b4af44a80c134b41f916ac6fa939a984ab3e9b", "best_bid": "0.79", "best_ask": "0.83"}], "timestamp": "1769384481357", "event_type": "price_change"}}
{"_local_timestamp": "2026-01-25T23:41:21.504329+00:00", "data": {"market": "0x0bd390a2c7c8fce851fcfe72c02f347686c0a362f5aaab331ffa9c54416c6aa2", "price_changes": [{"asset_id": "17398793204722166217660817067265905985425481568989568628103768246608609488761", "price": "0.08", "size": "700", "side": "BUY", "hash": "218b02103604cbb411805a26c7b324af905de240", "best_bid": "0.79", "best_ask": "0.83"}, {"asset_id": "88768287981663040695907057042576315713786188072326767683529020944040826691423", "price": "0.92", "size": "700", "side": "SELL", "hash": "b26c9311d45c79dbc4732903d329751be0f5ed1e", "best_bid": "0.17", "best_ask": "0.21"}], "timestamp": "1769384481439", "event_type": "price_change"}}
{"_local_timestamp": "2026-01-25T23:41:21.661264+00:00", "data": {"market": "0x0bd390a2c7c8fce851fcfe72c02f347686c0a362f5aaab331ffa9c54416c6aa2", "price_changes": [{"asset_id": "88768287981663040695907057042576315713786188072326767683529020944040826691423", "price": "0.03", "size": "900.36", "side": "BUY", "hash": "c79f9db8ea3fb9ad62256ed576719def6d1d5007", "best_bid": "0.17", "best_ask": "0.21"}, {"asset_id": "17398793204722166217660817067265905985425481568989568628103768246608609488761", "price": "0.97", "size": "900.36", "side": "SELL", "hash": "ae7cfda23147da2c314bc21c1f26748140f30f43", "best_bid": "0.79", "best_ask": "0.83"}], "timestamp": "1769384481567", "event_type": "price_change"}}
{"_local_timestamp": "2026-01-25T23:41:25.662649+00:00", "data": {"market": "0x0bd390a2c7c8fce851fcfe72c02f347686c0a362f5aaab331ffa9c54416c6aa2", "price_changes": [{"asset_id": "88768287981663040695907057042576315713786188072326767683529020944040826691423", "price": "0.21", "size": "89.48", "side": "SELL", "hash": "d965090c4eed5aab667c575065061f56418ba686", "best_bid": "0.17", "best_ask": "0.21"}, {"asset_id": "17398793204722166217660817067265905985425481568989568628103768246608609488761", "price": "0.79", "size": "89.48", "side": "BUY", "hash": "73251763845342d9c28ff9d2077475e4ae70d017", "best_bid": "0.79", "best_ask": "0.83"}], "timestamp": "1769384485595", "event_type": "price_change"}}
{"_local_timestamp": "2026-01-25T23:41:25.668506+00:00", "data": {"market": "0x0bd390a2c7c8fce851fcfe72c02f347686c0a362f5aaab331ffa9c54416c6aa2", "price_changes": [{"asset_id": "88768287981663040695907057042576315713786188072326767683529020944040826691423", "price": "0.21", "size": "109.96", "side": "SELL", "hash": "9131b36b09053c3d38a2457e088d70ebbb1e2c6b", "best_bid": "0.17", "best_ask": "0.21"}, {"asset_id": "17398793204722166217660817067265905985425481568989568628103768246608609488761", "price": "0.79", "size": "109.96", "side": "BUY", "hash": "9f68c8a52a3e98c62f0828dbe364a81ab560a5fd", "best_bid": "0.79", "best_ask": "0.83"}], "timestamp": "1769384485595", "event_type": "price_change"}}
{"_local_timestamp": "2026-01-25T23:41:25.672547+00:00", "data": {"market": "0x0bd390a2c7c8fce851fcfe72c02f347686c0a362f5aaab331ffa9c54416c6aa2", "price_changes": [{"asset_id": "88768287981663040695907057042576315713786188072326767683529020944040826691423", "price": "0.21", "size": "130.44", "side": "SELL", "hash": "fffdae696a563382e4efd870072c6abfb0f40cf7", "best_bid": "0.17", "best_ask": "0.21"}, {"asset_id": "17398793204722166217660817067265905985425481568989568628103768246608609488761", "price": "0.79", "size": "130.44", "side": "BUY", "hash": "ddf6712032950397c90e0646f74bdb356a8b15ae", "best_bid": "0.79", "best_ask": "0.83"}], "timestamp": "1769384485596", "event_type": "price_change"}}
{"_local_timestamp": "2026-01-25T23:41:25.685536+00:00", "data": {"market": "0x0bd390a2c7c8fce851fcfe72c02f347686c0a362f5aaab331ffa9c54416c6aa2", "price_changes": [{"asset_id": "88768287981663040695907057042576315713786188072326767683529020944040826691423", "price": "0.21", "size": "150.92", "side": "SELL", "hash": "7b9c7e6ac9f17b5e6b1d9706aac7c495f3db1f0a", "best_bid": "0.17", "best_ask": "0.21"}, {"asset_id": "17398793204722166217660817067265905985425481568989568628103768246608609488761", "price": "0.79", "size": "150.92", "side": "BUY", "hash": "454761a47fb9d04b337f6487e9477dd83c968f3d", "best_bid": "0.79", "best_ask": "0.83"}], "timestamp": "1769384485596", "event_type": "price_change"}}
{"_local_timestamp": "2026-01-25T23:41:25.725112+00:00", "data": {"market": "0x0bd390a2c7c8fce851fcfe72c02f347686c0a362f5aaab331ffa9c54416c6aa2", "price_changes": [{"asset_id": "88768287981663040695907057042576315713786188072326767683529020944040826691423", "price": "0.01", "size": "4442.44", "side": "BUY", "hash": "550b41a4268f12df16421228fc8ad51b367ffbf1", "best_bid": "0.17", "best_ask": "0.21"}, {"asset_id": "17398793204722166217660817067265905985425481568989568628103768246608609488761", "price": "0.99", "size": "4442.44", "side": "SELL", "hash": "a4d951f644e208e335b9a17e7178ce64398c81fc", "best_bid": "0.79", "best_ask": "0.83"}], "timestamp": "1769384485656", "event_type": "price_change"}}
{"_local_timestamp": "2026-01-25T23:41:33.518597+00:00", "data": {"market": "0x0bd390a2c7c8fce851fcfe72c02f347686c0a362f5aaab331ffa9c54416c6aa2", "price_changes": [{"asset_id": "88768287981663040695907057042576315713786188072326767683529020944040826691423", "price": "0.02", "size": "898.75", "side": "BUY", "hash": "4917a79fb3b13f5b01fb207f7782cbcdfe588892", "best_bid": "0.17", "best_ask": "0.21"}, {"asset_id": "17398793204722166217660817067265905985425481568989568628103768246608609488761", "price": "0.98", "size": "898.75", "side": "SELL", "hash": "2145f41a539730af0b6133c1fa98e940da42c19f", "best_bid": "0.79", "best_ask": "0.83"}], "timestamp": "1769384493429", "event_type": "price_change"}}
{"_local_timestamp": "2026-01-25T23:41:33.604106+00:00", "data": {"market": "0x0bd390a2c7c8fce851fcfe72c02f347686c0a362f5aaab331ffa9c54416c6aa2", "price_changes": [{"asset_id": "88768287981663040695907057042576315713786188072326767683529020944040826691423", "price": "0.01", "size": "5332.55", "side": "BUY", "hash": "49b85ee9a32546a961bd0de878d08673d30c100f", "best_bid": "0.17", "best_ask": "0.21"}, {"asset_id": "17398793204722166217660817067265905985425481568989568628103768246608609488761", "price": "0.99", "size": "5332.55", "side": "SELL", "hash": "3474c92108be5f3879c2eecac94f7a01c899a1f2", "best_bid": "0.79", "best_ask": "0.83"}], "timestamp": "1769384493538", "event_type": "price_change"}}
{"_local_timestamp": "2026-01-25T23:41:33.714750+00:00", "data": {"market": "0x0bd390a2c7c8fce851fcfe72c02f347686c0a362f5aaab331ffa9c54416c6aa2", "price_changes": [{"asset_id": "88768287981663040695907057042576315713786188072326767683529020944040826691423", "price": "0.03", "size": "1200.36", "side": "BUY", "hash": "b21e59eed5d51e249a0322c1ca8db41a14c09e20", "best_bid": "0.17", "best_ask": "0.21"}, {"asset_id": "17398793204722166217660817067265905985425481568989568628103768246608609488761", "price": "0.97", "size": "1200.36", "side": "SELL", "hash": "c952d53608e78ea747c03b5f15108a2b49eccf7b", "best_bid": "0.79", "best_ask": "0.83"}], "timestamp": "1769384493645", "event_type": "price_change"}}
{"_local_timestamp": "2026-01-25T23:41:33.876386+00:00", "data": {"market": "0x0bd390a2c7c8fce851fcfe72c02f347686c0a362f5aaab331ffa9c54416c6aa2", "price_changes": [{"asset_id": "88768287981663040695907057042576315713786188072326767683529020944040826691423", "price": "0.02", "size": "2168.85", "side": "BUY", "hash": "41ebc4af84ee48ddab8be737ca4c4607a655e1e9", "best_bid": "0.17", "best_ask": "0.21"}, {"asset_id": "17398793204722166217660817067265905985425481568989568628103768246608609488761", "price": "0.98", "size": "2168.85", "side": "SELL", "hash": "02b50b7c671b3452d702459e241747adafd79cc4", "best_bid": "0.79", "best_ask": "0.83"}], "timestamp": "1769384493808", "event_type": "price_change"}}
{"_local_timestamp": "2026-01-25T23:41:33.880314+00:00", "data": {"market": "0x0bd390a2c7c8fce851fcfe72c02f347686c0a362f5aaab331ffa9c54416c6aa2", "price_changes": [{"asset_id": "88768287981663040695907057042576315713786188072326767683529020944040826691423", "price": "0.02", "size": "3058.96", "side": "BUY", "hash": "9e7ed4fe6be042dc027b966825ec3595d4646db4", "best_bid": "0.17", "best_ask": "0.21"}, {"asset_id": "17398793204722166217660817067265905985425481568989568628103768246608609488761", "price": "0.98", "size": "3058.96", "side": "SELL", "hash": "654d1a82a466254cd2884b64f5ad702fa4068b84", "best_bid": "0.79", "best_ask": "0.83"}], "timestamp": "1769384493809", "event_type": "price_change"}}
