{"_local_timestamp": "2026-01-25T23:34:23.571238+00:00", "data": [{"market": "0x87b305b207d4f9a7a3c89e9fefae23b24746369be8cdff510560157d047ff610", "asset_id": "51236445488026517020561907319437785050105613240236249285369117070513537940151", "timestamp": "1769383986046", "hash": "4c451a2c81ef401e77e0016191fa570aa88351a4", "bids": [{"price": "0.01", "size": "6997.14"}, {"price": "0.02", "size": "4457.32"}, {"price": "0.03", "size": "27.32"}, {"price": "0.12", "size": "1140.11"}, {"price": "0.13", "size": "967.11"}], "asks": [{"price": "0.99", "size": "6593.9"}, {"price": "0.98", "size": "4564.01"}, {"price": "0.97", "size": "23.94"}, {"price": "0.94", "size": "1140.11"}, {"price": "0.93", "size": "1038.58"}], "event_type": "book", "last_trade_price": ""}, {"market": "0x87b305b207d4f9a7a3c89e9fefae23b24746369be8cdff510560157d047ff610", "asset_id": "41333901774958225885562635172264876633370803617414525801383690048155702825885", "timestamp": "1769383986046", "hash": "52cfa4b2ca722a23a29a525daa8fb1379ae6dc06", "bids": [{"price": "0.01", "size": "6593.9"}, {"price": "0.02", "size": "4564.01"}, {"price": "0.03", "size": "23.94"}, {"price": "0.06", "size": "1140.11"}, {"price": "0.07", "size": "1038.58"}], "asks": [{"price": "0.99", "size": "6997.14"}, {"price": "0.98", "size": "4457.32"}, {"price": "0.97", "size": "27.32"}, {"price": "0.88", "size": "1140.11"}, {"price": "0.87", "size": "967.11"}], "event_type": "book", "last_trade_price": ""}, {"market": "0xcbdec0a1b1f6bb14b2dcee2b52c43d01821391be88989cc628d824e793c9e42e", "asset_id": "53865404218463177361721524950148447631739561080643793463732556776683984434265", "timestamp": "1769383974647", "hash": "5d23d412c1be9d26da85c48685837551f54b99a4", "bids": [{"price": "0.01", "size": "11345.35"}, {"price": "0.02", "size": "25.56"}, {"price": "0.04", "size": "250"}, {"price": "0.05", "size": "6.01"}], "asks": [{"price": "0.99", "size": "11341.33"}, {"price": "0.98", "size": "42.6"}, {"price": "0.94", "size": "250"}, {"price": "0.93", "size": "5.47"}], "event_type": "book", "last_trade_price": ""}, {"market": "0x19a0f08b7a18caf291a5b0b232ead39be4467585729a799417b80bc3dcc611fc", "asset_id": "67949989830852440296960750325401086155617913757515735445971588392990711688192", "timestamp": "1769383983025", "hash": "495052f22473effc05e1e8c29a3362313c0da6eb", "bids": [{"price": "0.01", "size": "202.04"}, {"price": "0.02", "size": "117.48"}, {"price": "0.03", "size": "18.99"}, {"price": "0.04", "size": "29.99"}], "asks": [{"price": "0.99", "size": "195.21"}, {"price": "0.98", "size": "97.03"}, {"price": "0.97", "size": "23.57"}, {"price": "0.95", "size": "23.99"}, {"price": "0.94", "size": "5.47"}], "event_type": "book", "last_trade_price": ""}, {"market": "0xca859ab5380299dd835ba3f2c48afd441e25fcd7e0259fbeba2dd614c4f870a2", "asset_id": "15840259062449160025450139636110812711708994381423187385086324170940002043843", "timestamp": "1769383974557", "hash": "f0b7939bf30e744bdb6d858467e31e5cb7c7fbdd", "bids": [{"price": "0.01", "size": "11298.35"}, {"price": "0.02", "size": "25.56"}, {"price": "0.04", "size": "250"}, {"price": "0.05", "size": "6.01"}], "asks": [{"price": "0.99", "size": "11289.74"}, {"price": "0.98", "size": "50.36"}, {"price": "0.89", "size": "250"}], "event_type": "book", "last_trade_price": ""}, {"market": "0xcbdec0a1b1f6bb14b2dcee2b52c43d01821391be88989cc628d824e793c9e42e", "asset_id": "37849951533204294925890602861649888151196903756723161552716580461942163813007", "timestamp": "1769383974647", "hash": "0ba8681e4b6de1a3189b6d882de13d4b6409018f", "bids": [{"price": "0.01", "size": "11341.33"}, {"price": "0.02", "size": "42.6"}, {"price": "0.06", "size": "250"}, {"price": "0.07", "size": "5.47"}], "asks": [{"price": "0.99", "size": "11345.35"}, {"price": "0.98", "size": "25.56"}, {"price": "0.96", "size": "250"}, {"price": "0.95", "size": "6.01"}], "event_type": "book", "last_trade_price": ""}, {"market": "0xca859ab5380299dd835ba3f2c48afd441e25fcd7e0259fbeba2dd614c4f870a2", "asset_id": "2366548889329278541459612710138089612527881198602751105417741495638135716774", "timestamp": "1769383974557", "hash": "1d78797f193f0ad16c970faa4fb06c6f9b311671", "bids": [{"price": "0.01", "size": "11289.74"}, {"price": "0.02", "size": "50.36"}, {"price": "0.11", "size": "250"}], "asks": [{"price": "0.99", "size": "11298.35"}, {"price": "0.98", "size": "25.56"}, {"price": "0.96", "size": "250"}, {"price": "0.95", "size": "6.01"}], "event_type": "book", "last_trade_price": ""}, {"market": "0x19a0f08b7a18caf291a5b0b232ead39be4467585729a799417b80bc3dcc611fc", "asset_id": "106051610562876265402470707121919839785725730273516489131474350783401307573962", "timestamp": "1769383983025", "hash": "bad23e12317d58aec2a019047a547abf2aa38e9d", "bids": [{"price": "0.01", "size": "195.21"}, {"price": "0.02", "size": "97.03"}, {"price": "0.03", "size": "23.57"}, {"price": "0.05", "size": "23.99"}, {"price": "0.06", "size": "5.47"}], "asks": [{"price": "0.99", "size": "202.04"}, {"price": "0.98", "size": "117.48"}, {"price": "0.97", "size": "18.99"}, {"price": "0.96", "size": "29.99"}], "event_type": "book", "last_trade_price": ""}, {"market": "0xeb9e3c8adef33cc5ed98ef091791b4031a32d8a72399fede3d69fa5fe60e97e0", "asset_id": "2467346048472678701486634748038634163214363415199182829194606652781756370012", "timestamp": "1769383974608", "hash": "5c5dea97c29220bd93661ac8ce6a8c01b172a2f2", "bids": [{"price": "0.01", "size": "11341.33"}, {"price": "0.02", "size": "26.15"}, {"price": "0.05", "size": "250"}, {"price": "0.06", "size": "5.48"}], "asks": [{"price": "0.99", "size": "11338.93"}, {"price": "0.98", "size": "49.27"}, {"price": "0.92", "size": "250"}], "event_type": "book", "last_trade_price": ""}, {"market": "0xeb9e3c8adef33cc5ed98ef091791b4031a32d8a72399fede3d69fa5fe60e97e0", "asset_id": "70043949213608563139437729392553992522252153787752917036553698592122595063068", "timestamp": "1769383974608", "hash": "31e05277ec5a4314d03f45432de634cfaa9c085f", "bids": [{"price": "0.01", "size": "11338.93"}, {"price": "0.02", "size": "49.27"}, {"price": "0.08", "size": "250"}], "asks": [{"price": "0.99", "size": "11341.33"}, {"price": "0.98", "size": "26.15"}, {"price": "0.95", "size": "250"}, {"price": "0.94", "size": "5.48"}], "event_type": "book", "last_trade_price": ""}]}
{"_local_timestamp": "2026-01-25T23:34:33.681680+00:00", "data": {"market": "0x19a0f08b7a18caf291a5b0b232ead39be4467585729a799417b80bc3dcc611fc", "price_changes": [{"asset_id": "106051610562876265402470707121919839785725730273516489131474350783401307573962", "price": "0.05", "size": "0", "side": "BUY", "hash": "6e2890bb03b373ce53a3c43d4085283f187d22d7", "best_bid": "0.06", "best_ask": "0.96"}, {"asset_id": "67949989830852440296960750325401086155617913757515735445971588392990711688192", "price": "0.95", "size": "0", "side": "SELL", "hash": "241b1c3fc366ca210fbf24dd336a13ee0bb34307", "best_bid": "0.04", "best_ask": "0.94"}], "timestamp": "1769384073594", "event_type": "price_change"}}
{"_local_timestamp": "2026-01-25T23:34:35.141404+00:00", "data": {"market": "0x19a0f08b7a18caf291a5b0b232ead39be4467585729a799417b80bc3dcc611fc", "price_changes": [{"asset_id": "106051610562876265402470707121919839785725730273516489131474350783401307573962", "price": "0.06", "size": "0", "side": "BUY", "hash": "3a018591ddd7f8209b1503740609a9e36bc37b08", "best_bid": "0.03", "best_ask": "0.96"}, {"asset_id": "67949989830852440296960750325401086155617913757515735445971588392990711688192", "price": "0.94", "size": "0", "side": "SELL", "hash": "e95e7337a9275a9ac4c86ad6b764f6a49fd02a3d", "best_bid": "0.04", "best_ask": "0.97"}], "timestamp": "1769384075057", "event_type": "price_change"}}
{"_local_timestamp": "2026-01-25T23:34:35.473044+00:00", "data": {"market": "0x19a0f08b7a18caf291a5b0b232ead39be4467585729a799417b80bc3dcc611fc", "price_changes": [{"asset_id": "106051610562876265402470707121919839785725730273516489131474350783401307573962", "price": "0.04", "size": "5.47", "side": "BUY", "hash": "2745cdf5f1e313927f6473c7e201552f0661557d", "best_bid": "0.04", "best_ask": "0.96"}, {"asset_id": "67949989830852440296960750325401086155617913757515735445971588392990711688192", "price": "0.96", "size": "5.47", "side": "SELL", "hash": "66efc377324a1833a78a4376d3d3c01f5a45c88c", "best_bid": "0.04", "best_ask": "0.96"}], "timestamp": "1769384075390", "event_type": "price_change"}}
{"_local_timestamp": "2026-01-25T23:35:47.022814+00:00", "data": {"market": "0x19a0f08b7a18caf291a5b0b232ead39be4467585729a799417b80bc3dcc611fc", "price_changes": [{"asset_id": "106051610562876265402470707121919839785725730273516489131474350783401307573962", "price": "0.03", "size": "12.56", "side": "BUY", "hash": "fe88f3bd45ff7f192c94d22bad696bd804ed4761", "best_bid": "0.04", "best_ask": "0.96"}, {"asset_id": "67949989830852440296960750325401086155617913757515735445971588392990711688192", "price": "0.97", "size": "12.56", "side": "SELL", "hash": "2bf9cc37b1633532645be29352ba485275450bbb", "best_bid": "0.04", "best_ask": "0.96"}], "timestamp": "1769384146951", "event_type": "price_change"}}
{"_local_timestamp": "2026-01-25T23:35:47.323879+00:00", "data": {"market": "0x19a0f08b7a18caf291a5b0b232ead39be4467585729a799417b80bc3dcc611fc", "price_changes": [{"asset_id": "106051610562876265402470707121919839785725730273516489131474350783401307573962", "price": "0.03", "size": "20.69", "side": "BUY", "hash": "8b45fe85d9131079ef1714f909666636a3123185", "best_bid": "0.04", "best_ask": "0.96"}, {"asset_id": "67949989830852440296960750325401086155617913757515735445971588392990711688192", "price": "0.97", "size": "20.69", "side": "SELL", "hash": "62e78089f38dba188fcbfa366724cf0e539f5512", "best_bid": "0.04", "best_ask": "0.96"}], "timestamp": "1769384147255", "event_type": "price_change"}}
{"_local_timestamp": "2026-01-25T23:35:47.324855+00:00", "data": {"market": "0x19a0f08b7a18caf291a5b0b232ead39be4467585729a799417b80bc3dcc611fc", "price_changes": [{"asset_id": "106051610562876265402470707121919839785725730273516489131474350783401307573962", "price": "0.01", "size": "203.85", "side": "BUY", "hash": "4a7d7b4d509187def7f8d2d530872f65df31d1dc", "best_bid": "0.04", "best_ask": "0.96"}, {"asset_id": "67949989830852440296960750325401086155617913757515735445971588392990711688192", "price": "0.99", "size": "203.85", "side": "SELL", "hash": "aeb25ce8ba18b957108882aeb681be38775420ab", "best_bid": "0.04", "best_ask": "0.96"}], "timestamp": "1769384147255", "event_type": "price_change"}}
{"_local_timestamp": "2026-01-25T23:36:05.856897+00:00", "data": {"market": "0x19a0f08b7a18caf291a5b0b232ead39be4467585729a799417b80bc3dcc611fc", "price_changes": [{"asset_id": "106051610562876265402470707121919839785725730273516489131474350783401307573962", "price": "0.05", "size": "23.99", "side": "BUY", "hash": "af3c33ab0bfa46e215d64cef47e1c7b245caacff", "best_bid": "0.05", "best_ask": "0.96"}, {"asset_id": "67949989830852440296960750325401086155617913757515735445971588392990711688192", "price": "0.95", "size": "23.99", "side": "SELL", "hash": "478e1139193037cc8f61938595b73b75712a4a43", "best_bid": "0.04", "best_ask": "0.95"}], "timestamp": "1769384165775", "event_type": "price_change"}}
{"_local_timestamp": "2026-01-25T23:36:09.252122+00:00", "data": {"market": "0x19a0f08b7a18caf291a5b0b232ead39be4467585729a799417b80bc3dcc611fc", "price_changes": [{"asset_id": "106051610562876265402470707121919839785725730273516489131474350783401307573962", "price": "0.04", "size": "0", "side": "BUY", "hash": "23908b05928b50ed87b08ffd1e7e300ad2d73da0", "best_bid": "0.05", "best_ask": "0.96"}, {"asset_id": "67949989830852440296960750325401086155617913757515735445971588392990711688192", "price": "0.96", "size": "0", "side": "SELL", "hash": "56e841b34f4c5101b1d8a9fbd7b89ccaabb9bfcd", "best_bid": "0.04", "best_ask": "0.95"}], "timestamp": "1769384169171", "event_type": "price_change"}}
{"_local_timestamp": "2026-01-25T23:36:09.639423+00:00", "data": {"market": "0x19a0f08b7a18caf291a5b0b232ead39be4467585729a799417b80bc3dcc611fc", "price_changes": [{"asset_id": "106051610562876265402470707121919839785725730273516489131474350783401307573962", "price": "0.06", "size": "5.47", "side": "BUY", "hash": "3ed0148aabd62945d7d7ea31e203e5f53b3ee8e3", "best_bid": "0.06", "best_ask": "0.96"}, {"asset_id": "67949989830852440296960750325401086155617913757515735445971588392990711688192", "price": "0.94", "size": "5.47", "side": "SELL", "hash": "3743957e46a0edf8409e71eb8b8c4c8532ccd305", "best_bid": "0.04", "best_ask": "0.94"}], "timestamp": "1769384169563", "event_type": "price_change"}}
{"_local_timestamp": "2026-01-25T23:36:58.332909+00:00", "data": {"market": "0xca859ab5380299dd835ba3f2c48afd441e25fcd7e0259fbeba2dd614c4f870a2", "price_changes": [{"asset_id": "2366548889329278541459612710138089612527881198602751105417741495638135716774", "price": "0.11", "size": "0", "side": "BUY", "hash": "fafc523c7f50e61b929079cdeb216237751c9350", "best_bid": "0.02", "best_ask": "0.95"}, {"asset_id": "15840259062449160025450139636110812711708994381423187385086324170940002043843", "price": "0.89", "size": "0", "side": "SELL", "hash": "34daa83de84779e071983b69b4399499280a7833", "best_bid": "0.05", "best_ask": "0.98"}], "timestamp": "1769384218085", "event_type": "price_change"}}
{"_local_timestamp": "2026-01-25T23:36:58.414550+00:00", "data": {"market": "0xeb9e3c8adef33cc5ed98ef091791b4031a32d8a72399fede3d69fa5fe60e97e0", "price_changes": [{"asset_id": "70043949213608563139437729392553992522252153787752917036553698592122595063068", "price": "0.08", "size": "0", "side": "BUY", "hash": "c7d4015bc1d4ab2126abb0fb8a0f5baa1c4971c6", "best_bid": "0.02", "best_ask": "0.94"}, {"asset_id": "2467346048472678701486634748038634163214363415199182829194606652781756370012", "price": "0.92", "size": "0", "side": "SELL", "hash": "22ac8e8a2fdb94a55ad09fbb4ff0fff45ea195f7", "best_bid": "0.06", "best_ask": "0.98"}], "timestamp": "1769384218088", "event_type": "price_change"}}
{"_local_timestamp": "2026-01-25T23:36:58.472106+00:00", "data": {"market": "0xca859ab5380299dd835ba3f2c48afd441e25fcd7e0259fbeba2dd614c4f870a2", "price_changes": [{"asset_id": "15840259062449160025450139636110812711708994381423187385086324170940002043843", "price": "0.05", "size": "896.12", "side": "BUY", "hash": "47bea942a92487b9057f03e27d9f072de27a3826", "best_bid": "0.05", "best_ask": "0.98"}, {"asset_id": "2366548889329278541459612710138089612527881198602751105417741495638135716774", "price": "0.95", "size": "896.12", "side": "SELL", "hash": "1bbb9f61f45772d17d1b4dd88ecdb2ab2385259e", "best_bid": "0.02", "best_ask": "0.95"}], "timestamp": "1769384218202", "event_type": "price_change"}}
{"_local_timestamp": "2026-01-25T23:36:58.472747+00:00", "data": {"market": "0xca859ab5380299dd835ba3f2c48afd441e25fcd7e0259fbeba2dd614c4f870a2", "price_changes": [{"asset_id": "2366548889329278541459612710138089612527881198602751105417741495638135716774", "price": "0.02", "size": "940.47", "side": "BUY", "hash": "bc5bb28bb73f6428ef7fffd94335254e6de9119a", "best_bid": "0.02", "best_ask": "0.95"}, {"asset_id": "15840259062449160025450139636110812711708994381423187385086324170940002043843", "price": "0.98", "size": "940.47", "side": "SELL", "hash": "7d522f73340518181c108d305b5a2b38e5a0ad24", "best_bid": "0.05", "best_ask": "0.98"}], "timestamp": "1769384218202", "event_type": "price_change"}}
{"_local_timestamp": "2026-01-25T23:36:58.482065+00:00", "data": {"market": "0xca859ab5380299dd835ba3f2c48afd441e25fcd7e0259fbeba2dd614c4f870a2", "price_changes": [{"asset_id": "15840259062449160025450139636110812711708994381423187385086324170940002043843", "price": "0.04", "size": "1140.11", "side": "BUY", "hash": "652d77142c713e4372fdcaf2d652a274b674b462", "best_bid": "0.05", "best_ask": "0.98"}, {"asset_id": "2366548889329278541459612710138089612527881198602751105417741495638135716774", "price": "0.96", "size": "1140.11", "side": "SELL", "hash": "70176b2f020741f01a012026500aded223de596d", "best_bid": "0.02", "best_ask": "0.95"}], "timestamp": "1769384218203", "event_type": "price_change"}}
{"_local_timestamp": "2026-01-25T23:36:58.490009+00:00", "data": {"market": "0xca859ab5380299dd835ba3f2c48afd441e25fcd7e0259fbeba2dd614c4f870a2", "price_changes": [{"asset_id": "15840259062449160025450139636110812711708994381423187385086324170940002043843", "price": "0.01", "size": "10408.24", "side": "BUY", "hash": "1c7c269a88fc752a6ddc48978c42b993a29d3e1e", "best_bid": "0.05", "best_ask": "0.98"}, {"asset_id": "2366548889329278541459612710138089612527881198602751105417741495638135716774", "price": "0.99", "size": "10408.24", "side": "SELL", "hash": "e4546a4ae52f3471252dc2557168c4c521a19868", "best_bid": "0.02", "best_ask": "0.95"}], "timestamp": "1769384218227", "event_type": "price_change"}}
{"_local_timestamp": "2026-01-25T23:36:58.572506+00:00", "data": {"market": "0xeb9e3c8adef33cc5ed98ef091791b4031a32d8a72399fede3d69fa5fe60e97e0", "price_changes": [{"asset_id": "2467346048472678701486634748038634163214363415199182829194606652781756370012", "price": "0.01", "size": "10451.22", "side": "BUY", "hash": "f4730ac9cff3f946390ae5459d7779a516a0c428", "best_bid": "0.06", "best_ask": "0.98"}, {"asset_id": "70043949213608563139437729392553992522252153787752917036553698592122595063068", "price": "0.99", "size": "10451.22", "side": "SELL", "hash": "55e0d18c9f4aa64ce5550ee199a014393f3f3806", "best_bid": "0.02", "best_ask": "0.94"}], "timestamp": "1769384218335", "event_type": "price_change"}}
{"_local_timestamp": "2026-01-25T23:36:58.592633+00:00", "data": {"market": "0xeb9e3c8adef33cc5ed98ef091791b4031a32d8a72399fede3d69fa5fe60e97e0", "price_changes": [{"asset_id": "70043949213608563139437729392553992522252153787752917036553698592122595063068", "price": "0.02", "size": "939.38", "side": "BUY", "hash": "88980e79dde64208c77afa5f27323710e2f8cab2", "best_bid": "0.02", "best_ask": "0.94"}, {"asset_id": "2467346048472678701486634748038634163214363415199182829194606652781756370012", "price": "0.98", "size": "939.38", "side": "SELL", "hash": "e133ec5fc9bd449ac90649e4f2575378546925f4", "best_bid": "0.06", "best_ask": "0.98"}], "timestamp": "1769384218381", "event_type": "price_change"}}
{"_local_timestamp": "2026-01-25T23:36:58.592993+00:00", "data": {"market": "0xeb9e3c8adef33cc5ed98ef091791b4031a32d8a72399fede3d69fa5fe60e97e0", "price_changes": [{"asset_id": "2467346048472678701486634748038634163214363415199182829194606652781756370012", "price": "0.05", "size": "1140.11", "side": "BUY", "hash": "81ef7f50caf10ef03d8876239ba512c5769ad9d0", "best_bid": "0.06", "best_ask": "0.98"}, {"asset_id": "70043949213608563139437729392553992522252153787752917036553698592122595063068", "price": "0.95", "size": "1140.11", "side": "SELL", "hash": "fa43121591621c7c6b5f6a2999f65b7fa74f8b11", "best_bid": "0.02", "best_ask": "0.94"}], "timestamp": "1769384218382", "event_type": "price_change"}}
{"_local_timestamp": "2026-01-25T23:36:58.593329+00:00", "data": {"market": "0xeb9e3c8adef33cc5ed98ef091791b4031a32d8a72399fede3d69fa5fe60e97e0", "price_changes": [{"asset_id": "2467346048472678701486634748038634163214363415199182829194606652781756370012", "price": "0.06", "size": "895.59", "side": "BUY", "hash": "f1e857df1e44d052689a173a8206919452fb2551", "best_bid": "0.06", "best_ask": "0.98"}, {"asset_id": "70043949213608563139437729392553992522252153787752917036553698592122595063068", "price": "0.94", "size": "895.59", "side": "SELL", "hash": "06b42667f907a5a4fc2ae4d3582121a29045b408", "best_bid": "0.02", "best_ask": "0.94"}], "timestamp": "1769384218383", "event_type": "price_change"}}
{"_local_timestamp": "2026-01-25T23:36:58.696350+00:00", "data": {"market": "0xca859ab5380299dd835ba3f2c48afd441e25fcd7e0259fbeba2dd614c4f870a2", "price_changes": [{"asset_id": "15840259062449160025450139636110812711708994381423187385086324170940002043843", "price": "0.02", "size": "2022.67", "side": "BUY", "hash": "168443dac77d924df0e4ab939b251436f7a9931b", "best_bid": "0.05", "best_ask": "0.98"}, {"asset_id": "2366548889329278541459612710138089612527881198602751105417741495638135716774", "price": "0.98", "size": "2022.67", "side": "SELL", "hash": "f14be42b7414683041677cd644e00c4204fef9f7", "best_bid": "0.02", "best_ask": "0.95"}], "timestamp": "1769384218491", "event_type": "price_change"}}
{"_local_timestamp": "2026-01-25T23:36:58.702744+00:00", "data": {"market": "0xca859ab5380299dd835ba3f2c48afd441e25fcd7e0259fbeba2dd614c4f870a2", "price_changes": [{"asset_id": "15840259062449160025450139636110812711708994381423187385086324170940002043843", "price": "0.02", "size": "3292.77", "side": "BUY", "hash": "48543fa427f882fc6ff380f75048df3181b43f0c", "best_bid": "0.05", "best_ask": "0.98"}, {"asset_id": "2366548889329278541459612710138089612527881198602751105417741495638135716774", "price": "0.98", "size": "3292.77", "side": "SELL", "hash": "c32a97ce287966b7087761854254dd18babc7e56", "best_bid": "0.02", "best_ask": "0.95"}], "timestamp": "1769384218493", "event_type": "price_change"}}
{"_local_timestamp": "2026-01-25T23:36:59.091897+00:00", "data": {"market": "0xca859ab5380299dd835ba3f2c48afd441e25fcd7e0259fbeba2dd614c4f870a2", "price_changes": [{"asset_id": "15840259062449160025450139636110812711708994381423187385086324170940002043843", "price": "0.02", "size": "4182.88", "side": "BUY", "hash": "429f82ed8d37524fedb846247f463f5c0aad652f", "best_bid": "0.05", "best_ask": "0.98"}, {"asset_id": "2366548889329278541459612710138089612527881198602751105417741495638135716774", "price": "0.98", "size": "4182.88", "side": "SELL", "hash": "130881953fb00952104ae0636a2ba3dd79a241b0", "best_bid": "0.02", "best_ask": "0.95"}], "timestamp": "1769384218728", "event_type": "price_change"}}
{"_local_timestamp": "2026-01-25T23:37:43.245855+00:00", "data": {"market": "0x19a0f08b7a18caf291a5b0b232ead39be4467585729a799417b80bc3dcc611fc", "price_changes": [{"asset_id": "106051610562876265402470707121919839785725730273516489131474350783401307573962", "price": "0.05", "size": "0", "side": "BUY", "hash": "d5833034b7aff71fc90b1da622d715564bbb2e21", "best_bid": "0.06", "best_ask": "0.96"}, {"asset_id": "67949989830852440296960750325401086155617913757515735445971588392990711688192", "price": "0.95", "size": "0", "side": "SELL", "hash": "9dfa2f1ffa6c8183d6ce60979004f85ae73ea7dd", "best_bid": "0.04", "best_ask": "0.94"}], "timestamp": "1769384263172", "event_type": "price_change"}}
{"_local_timestamp": "2026-01-25T23:37:46.261566+00:00", "data": {"market": "0x19a0f08b7a18caf291a5b0b232ead39be4467585729a799417b80bc3dcc611fc", "price_changes": [{"asset_id": "106051610562876265402470707121919839785725730273516489131474350783401307573962", "price": "0.06", "size": "0", "side": "BUY", "hash": "0a6326327bc4f5d7fd27c2b7b294281b0e5dbbba", "best_bid": "0.03", "best_ask": "0.96"}, {"asset_id": "67949989830852440296960750325401086155617913757515735445971588392990711688192", "price": "0.94", "size": "0", "side": "SELL", "hash": "a274cb3776018b6e6d5e2a09f369aaa63a9d5cbd", "best_bid": "0.04", "best_ask": "0.97"}], "timestamp": "1769384266142", "event_type": "price_change"}}
{"_local_timestamp": "2026-01-25T23:37:46.543031+00:00", "data": {"market": "0x19a0f08b7a18caf291a5b0b232ead39be4467585729a799417b80bc3dcc611fc", "price_changes": [{"asset_id": "106051610562876265402470707121919839785725730273516489131474350783401307573962", "price": "0.04", "size": "5.47", "side": "BUY", "hash": "88c200232110aab2cd82bc6e6ae6f4388c1836c8", "best_bid": "0.04", "best_ask": "0.96"}, {"asset_id": "67949989830852440296960750325401086155617913757515735445971588392990711688192", "price": "0.96", "size": "5.47", "side": "SELL", "hash": "105ab5a79d6599c63865e6c779a321dfbd7f6f8c", "best_bid": "0.04", "best_ask": "0.96"}], "timestamp": "1769384266466", "event_type": "price_change"}}
