{"_local_timestamp": "2026-01-25T23:41:24.221888+00:00", "data": [{"market": "0xcbea6c3471ea8b215444d67f846b854e3521052ca81c5da54e28c67b75e2b4af", "asset_id": "33099871202932815813672406852650911685480454775588544697727678676727391722745", "timestamp": "1769383981552", "hash": "6928c6f9e66e82e2071f4334826dabf91652af23", "bids": [{"price": "0.01", "size": "10451.22"}, {"price": "0.02", "size": "42.6"}, {"price": "0.06", "size": "1140.11"}, {"price": "0.07", "size": "895.58"}], "asks": [{"price": "0.99", "size": "10457.81"}, {"price": "0.98", "size": "1150.28"}, {"price": "0.97", "size": "942.68"}], "event_type": "book", "last_trade_price": ""}, {"market": "0xc1977bee61f67d9d6cea3f7b16d094896bdb1faefa0f9df9ea0a067daab48981", "asset_id": "78110974122162464943361433845382554746323675076814300820011415551303694081660", "timestamp": "1769383981299", "hash": "a83e895882be1f79abe76ae168c18c8aa03b7e3e", "bids": [{"price": "0.01", "size": "10402.72"}, {"price": "0.02", "size": "157.03"}, {"price": "0.03", "size": "23.71"}, {"price": "0.06", "size": "1140.11"}, {"price": "0.07", "size": "895.58"}], "asks": [{"price": "0.99", "size": "11300.08"}, {"price": "0.98", "size": "1050.59"}, {"price": "0.97", "size": "81.65"}, {"price": "0.96", "size": "39.24"}], "event_type": "book", "last_trade_price": ""}, {"market": "0x1d6d4f714e1be97bfd2a112c13ced647780bd0829b3e545910c1091757b18c81", "asset_id": "94751106162810758469635598299477140880810029265761105387257884537048035917975", "timestamp": "1769383972889", "hash": "392810b7efd9ae333548a52b958b06ea6c7e4692", "bids": [{"price": "0.01", "size": "11347.92"}, {"price": "0.02", "size": "260.17"}, {"price": "0.03", "size": "52.57"}], "asks": [{"price": "0.99", "size": "11341.33"}, {"price": "0.98", "size": "42.6"}, {"price": "0.94", "size": "250"}, {"price": "0.93", "size": "5.47"}], "event_type": "book", "last_trade_price": ""}, {"market": "0x14a59fd43a48ef0bb90a5f63a6940fb6a62acf00f14710407cb340a6e555e427", "asset_id": "32309374624748192362666880759096858495442910952630564264751928146985382753863", "timestamp": "1769384272330", "hash": "f6621ddda37f9e40f6a5af5eacd10cfea3152558", "bids": [{"price": "0.01", "size": "202.09"}, {"price": "0.02", "size": "160.48"}, {"price": "0.03", "size": "94.65"}, {"price": "0.04", "size": "9.25"}, {"price": "0.05", "size": "5.47"}], "asks": [{"price": "0.99", "size": "202.04"}, {"price": "0.98", "size": "217.48"}, {"price": "0.97", "size": "18.99"}, {"price": "0.96", "size": "29.99"}], "event_type": "book", "last_trade_price": ""}, {"market": "0xcbea6c3471ea8b215444d67f846b854e3521052ca81c5da54e28c67b75e2b4af", "asset_id": "107998120458739374164579880988037485263306867024048287454086251494415567001697", "timestamp": "1769383981552", "hash": "f55265fedc6992d6908fc679f5ec93e4bbd7306e", "bids": [{"price": "0.01", "size": "10457.81"}, {"price": "0.02", "size": "1150.28"}, {"price": "0.03", "size": "942.68"}], "asks": [{"price": "0.99", "size": "10451.22"}, {"price": "0.98", "size": "42.6"}, {"price": "0.94", "size": "1140.11"}, {"price": "0.93", "size": "895.58"}], "event_type": "book", "last_trade_price": ""}, {"market": "0x14a59fd43a48ef0bb90a5f63a6940fb6a62acf00f14710407cb340a6e555e427", "asset_id": "33860025332294261066339194986447657969774333993404072754488955408971762620870", "timestamp": "1769384272330", "hash": "68db6c33f506b31ac5dbad461a16478aec9dcf8a", "bids": [{"price": "0.01", "size": "202.04"}, {"price": "0.02", "size": "217.48"}, {"price": "0.03", "size": "18.99"}, {"price": "0.04", "size": "29.99"}], "asks": [{"price": "0.99", "size": "202.09"}, {"price": "0.98", "size": "160.48"}, {"price": "0.97", "size": "94.65"}, {"price": "0.96", "size": "9.25"}, {"price": "0.95", "size": "5.47"}], "event_type": "book", "last_trade_price": ""}, {"market": "0xfaba55442a17a201a46f7ac19fd9394364f04959cdebfa420bc0c5ab2da00f59", "asset_id": "76829378806632943504106553503686063944439990588195206882350689917773385019771", "timestamp": "1769384442851", "hash": "ea7edf8861335d6eb1097b84d1a3ae15b45a5a6c", "bids": [{"price": "0.01", "size": "8888.99"}, {"price": "0.02", "size": "2100"}, {"price": "0.03", "size": "9.24"}, {"price": "0.07", "size": "1700"}, {"price": "0.09", "size": "6.93"}, {"price": "0.1", "size": "700"}, {"price": "0.15", "size": "250"}, {"price": "0.2", "size": "400"}, {"price": "0.32", "size": "300"}, {"price": "0.36", "size": "200"}, {"price": "0.39", "size": "125"}, {"price": "0.42", "size": "75"}, {"price": "0.5", "size": "10"}, {"price": "0.51", "size": "1090.11"}, {"price": "0.52", "size": "890.11"}, {"price": "0.58", "size": "100"}, {"price": "0.64", "size": "10"}, {"price": "0.65", "size": "147"}], "asks": [{"price": "0.99", "size": "4442.84"}, {"price": "0.98", "size": "19.96"}, {"price": "0.94", "size": "500"}, {"price": "0.93", "size": "200"}, {"price": "0.91", "size": "1196.17"}, {"price": "0.9", "size": "890.11"}, {"price": "0.87", "size": "10"}, {"price": "0.82", "size": "150"}, {"price": "0.81", "size": "10"}], "event_type": "book", "last_trade_price": "0.610"}, {"market": "0xc1977bee61f67d9d6cea3f7b16d094896bdb1faefa0f9df9ea0a067daab48981", "asset_id": "9107106424097962766712091054809455692614685520938052843170925105261136451803", "timestamp": "1769383981299", "hash": "8a020cb7d39a7e15611bc2ca71bca612a5f8e4c3", "bids": [{"price": "0.01", "size": "11300.08"}, {"price": "0.02", "size": "1050.59"}, {"price": "0.03", "size": "81.65"}, {"price": "0.04", "size": "39.24"}], "asks": [{"price": "0.99", "size": "10402.72"}, {"price": "0.98", "size": "157.03"}, {"price": "0.97", "size": "23.71"}, {"price": "0.94", "size": "1140.11"}, {"price": "0.93", "size": "895.58"}], "event_type": "book", "last_trade_price": ""}, {"market": "0x1d6d4f714e1be97bfd2a112c13ced647780bd0829b3e545910c1091757b18c81", "asset_id": "33666667036043018404210254603112951549362289355609395556964374214631339766666", "timestamp": "1769383972889", "hash": "7db0dff9bbc5f18acb42c73c3ac0ff645565ac26", "bids": [{"price": "0.01", "size": "11341.33"}, {"price": "0.02", "size": "42.6"}, {"price": "0.06", "size": "250"}, {"price": "0.07", "size": "5.47"}], "asks": [{"price": "0.99", "size": "11347.92"}, {"price": "0.98", "size": "260.17"}, {"price": "0.97", "size": "52.57"}], "event_type": "book", "last_trade_price": ""}, {"market": "0xfaba55442a17a201a46f7ac19fd9394364f04959cdebfa420bc0c5ab2da00f59", "asset_id": "103206131584345534219777803662235735845312981950233075829729747631018349006817", "timestamp": "1769384442851", "hash": "219fd33fbd58b93849b047a2252abbc00ac8fced", "bids": [{"price": "0.01", "size": "4442.84"}, {"price": "0.02", "size": "19.96"}, {"price": "0.06", "size": "500"}, {"price": "0.07", "size": "200"}, {"price": "0.09", "size": "1196.17"}, {"price": "0.1", "size": "890.11"}, {"price": "0.13", "size": "10"}, {"price": "0.18", "size": "150"}, {"price": "0.19", "size": "10"}], "asks": [{"price": "0.99", "size": "8888.99"}, {"price": "0.98", "size": "2100"}, {"price": "0.97", "size": "9.24"}, {"price": "0.93", "size": "1700"}, {"price": "0.91", "size": "6.93"}, {"price": "0.9", "size": "700"}, {"price": "0.85", "size": "250"}, {"price": "0.8", "size": "400"}, {"price": "0.68", "size": "300"}, {"price": "0.64", "size": "200"}, {"price": "0.61", "size": "125"}, {"price": "0.58", "size": "75"}, {"price": "0.5", "size": "10"}, {"price": "0.49", "size": "1090.11"}, {"price": "0.48", "size": "890.11"}, {"price": "0.42", "size": "100"}, {"price": "0.36", "size": "10"}, {"price": "0.35", "size": "147"}], "event_type": "book", "last_trade_price": "0.610"}]}
{"_local_timestamp": "2026-01-25T23:41:27.147742+00:00", "data": {"market": "0xc1977bee61f67d9d6cea3f7b16d094896bdb1faefa0f9df9ea0a067daab48981", "price_changes": [{"asset_id": "9107106424097962766712091054809455692614685520938052843170925105261136451803", "price": "0.02", "size": "900.59", "side": "BUY", "hash": "e6a1d98f8973d3d915f8e1e21d6286c4bc96cdfd", "best_bid": "0.04", "best_ask": "0.93"}, {"asset_id": "78110974122162464943361433845382554746323675076814300820011415551303694081660", "price": "0.98", "size": "900.59", "side": "SELL", "hash": "d68cf7753b1f52bc5975c2e64237ebe36e37c24e", "best_bid": "0.07", "best_ask": "0.96"}], "timestamp": "1769384487000", "event_type": "price_change"}}
{"_local_timestamp": "2026-01-25T23:41:27.151123+00:00", "data": {"market": "0xc1977bee61f67d9d6cea3f7b16d094896bdb1faefa0f9df9ea0a067daab48981", "price_changes": [{"asset_id": "78110974122162464943361433845382554746323675076814300820011415551303694081660", "price": "0.02", "size": "7.03", "side": "BUY", "hash": "7a4d535993039f732c3a439b017f41c5444b48be", "best_bid": "0.07", "best_ask": "0.96"}, {"asset_id": "9107106424097962766712091054809455692614685520938052843170925105261136451803", "price": "0.98", "size": "7.03", "side": "SELL", "hash": "8eb107dfe1e34176886c2332928c277cccc8a807", "best_bid": "0.04", "best_ask": "0.93"}], "timestamp": "1769384487001", "event_type": "price_change"}}
{"_local_timestamp": "2026-01-25T23:41:33.931371+00:00", "data": {"market": "0xc1977bee61f67d9d6cea3f7b16d094896bdb1faefa0f9df9ea0a067daab48981", "price_changes": [{"asset_id": "9107106424097962766712091054809455692614685520938052843170925105261136451803", "price": "0.02", "size": "1050.59", "side": "BUY", "hash": "5a9b99b895246ad7d0518e61a81021fecc3e689a", "best_bid": "0.04", "best_ask": "0.93"}, {"asset_id": "78110974122162464943361433845382554746323675076814300820011415551303694081660", "price": "0.98", "size": "1050.59", "side": "SELL", "hash": "4a57496f9fa967f151b77d761aaf2157350d8015", "best_bid": "0.07", "best_ask": "0.96"}], "timestamp": "1769384493776", "event_type": "price_change"}}
{"_local_timestamp": "2026-01-25T23:41:33.934384+00:00", "data": {"market": "0xc1977bee61f67d9d6cea3f7b16d094896bdb1faefa0f9df9ea0a067daab48981", "price_changes": [{"asset_id": "78110974122162464943361433845382554746323675076814300820011415551303694081660", "price": "0.02", "size": "157.03", "side": "BUY", "hash": "1b75034e7fedd4f555de8c4c315b757957a5f460", "best_bid": "0.07", "best_ask": "0.96"}, {"asset_id": "9107106424097962766712091054809455692614685520938052843170925105261136451803", "price": "0.98", "size": "157.03", "side": "SELL", "hash": "fd68b0f0cdad86f42afba0fdde6328329ea8b061", "best_bid": "0.04", "best_ask": "0.93"}], "timestamp": "1769384493778", "event_type": "price_change"}}
{"_local_timestamp": "2026-01-25T23:43:01.095491+00:00", "data": {"market": "0xfaba55442a17a201a46f7ac19fd9394364f04959cdebfa420bc0c5ab2da00f59", "price_changes": [{"asset_id": "76829378806632943504106553503686063944439990588195206882350689917773385019771", "price": "0.09", "size": "0", "side": "BUY", "hash": "991a261d496cc35a2d8cf3d08d41a98c2db5b026", "best_bid": "0.65", "best_ask": "0.81"}, {"asset_id": "103206131584345534219777803662235735845312981950233075829729747631018349006817", "price": "0.91", "size": "0", "side": "SELL", "hash": "fefd09817f2b2ed9ee730bf759b1f9f075ce23a0", "best_bid": "0.19", "best_ask": "0.35"}], "timestamp": "1769384580867", "event_type": "price_change"}}
{"_local_timestamp": "2026-01-25T23:43:01.298404+00:00", "data": {"market": "0xfaba55442a17a201a46f7ac19fd9394364f04959cdebfa420bc0c5ab2da00f59", "price_changes": [{"asset_id": "76829378806632943504106553503686063944439990588195206882350689917773385019771", "price": "0.11", "size": "1997.11", "side": "BUY", "hash": "de5cb83c26eb9239e60a06cd541786761da7db0c", "best_bid": "0.65", "best_ask": "0.81"}, {"asset_id": "103206131584345534219777803662235735845312981950233075829729747631018349006817", "price": "0.89", "size": "1997.11", "side": "SELL", "hash": "fc51c2a9a48ea94433a6a5b8eaf4aac43d3d5c22", "best_bid": "0.19", "best_ask": "0.35"}], "timestamp": "1769384581030", "event_type": "price_change"}}
{"_local_timestamp": "2026-01-25T23:43:01.299302+00:00", "data": {"market": "0xfaba55442a17a201a46f7ac19fd9394364f04959cdebfa420bc0c5ab2da00f59", "price_changes": [{"asset_id": "76829378806632943504106553503686063944439990588195206882350689917773385019771", "price": "0.11", "size": "2887.22", "side": "BUY", "hash": "6bd784a72456a9b8a6a0a3bc20b065f27b727083", "best_bid": "0.65", "best_ask": "0.81"}, {"asset_id": "103206131584345534219777803662235735845312981950233075829729747631018349006817", "price": "0.89", "size": "2887.22", "side": "SELL", "hash": "163662f03d474e8a91965b263bded07272e5a39f", "best_bid": "0.19", "best_ask": "0.35"}], "timestamp": "1769384581031", "event_type": "price_change"}}
{"_local_timestamp": "2026-01-25T23:43:01.300040+00:00", "data": {"market": "0xfaba55442a17a201a46f7ac19fd9394364f04959cdebfa420bc0c5ab2da00f59", "price_changes": [{"asset_id": "76829378806632943504106553503686063944439990588195206882350689917773385019771", "price": "0.11", "size": "4157.32", "side": "BUY", "hash": "092f9d8bf7fbd19450954d76ef6d84d6ff90aed8", "best_bid": "0.65", "best_ask": "0.81"}, {"asset_id": "103206131584345534219777803662235735845312981950233075829729747631018349006817", "price": "0.89", "size": "4157.32", "side": "SELL", "hash": "16c1f1fc3d83d00367a32113d7412b8f67a57c2c", "best_bid": "0.19", "best_ask": "0.35"}], "timestamp": "1769384581031", "event_type": "price_change"}}
{"_local_timestamp": "2026-01-25T23:43:01.312513+00:00", "data": {"market": "0xfaba55442a17a201a46f7ac19fd9394364f04959cdebfa420bc0c5ab2da00f59", "price_changes": [{"asset_id": "76829378806632943504106553503686063944439990588195206882350689917773385019771", "price": "0.11", "size": "4162.99", "side": "BUY", "hash": "9f45febcc46e0efab736824b3441fd59bf6172f8", "best_bid": "0.65", "best_ask": "0.81"}, {"asset_id": "103206131584345534219777803662235735845312981950233075829729747631018349006817", "price": "0.89", "size": "4162.99", "side": "SELL", "hash": "6fec45f1784c8aa68ebcbf54f925af44390715cd", "best_bid": "0.19", "best_ask": "0.35"}], "timestamp": "1769384581075", "event_type": "price_change"}}
{"_local_timestamp": "2026-01-25T23:43:15.517520+00:00", "data": {"market": "0xfaba55442a17a201a46f7ac19fd9394364f04959cdebfa420bc0c5ab2da00f59", "price_changes": [{"asset_id": "76829378806632943504106553503686063944439990588195206882350689917773385019771", "price": "0.1", "size": "300", "side": "BUY", "hash": "735c7beee4f043158409fc86d0f46496dee30d5c", "best_bid": "0.65", "best_ask": "0.81"}, {"asset_id": "103206131584345534219777803662235735845312981950233075829729747631018349006817", "price": "0.9", "size": "300", "side": "SELL", "hash": "108741a25541f1aca52124027270481bd74f8f46", "best_bid": "0.19", "best_ask": "0.35"}], "timestamp": "1769384595447", "event_type": "price_change"}}
{"_local_timestamp": "2026-01-25T23:43:15.708968+00:00", "data": {"market": "0xfaba55442a17a201a46f7ac19fd9394364f04959cdebfa420bc0c5ab2da00f59", "price_changes": [{"asset_id": "76829378806632943504106553503686063944439990588195206882350689917773385019771", "price": "0.08", "size": "890.11", "side": "BUY", "hash": "1b90a476cb2eb86989da5b1aef4ce2452d4634f1", "best_bid": "0.65", "best_ask": "0.81"}, {"asset_id": "103206131584345534219777803662235735845312981950233075829729747631018349006817", "price": "0.92", "size": "890.11", "side": "SELL", "hash": "c94e6a14542d8d9378496cc2946a725a86cccab8", "best_bid": "0.19", "best_ask": "0.35"}], "timestamp": "1769384595637", "event_type": "price_change"}}
{"_local_timestamp": "2026-01-25T23:43:15.716810+00:00", "data": {"market": "0xfaba55442a17a201a46f7ac19fd9394364f04959cdebfa420bc0c5ab2da00f59", "price_changes": [{"asset_id": "76829378806632943504106553503686063944439990588195206882350689917773385019771", "price": "0.08", "size": "2887.22", "side": "BUY", "hash": "241608eed593a06a9c41ce1cfd82220f53fc3ea2", "best_bid": "0.65", "best_ask": "0.81"}, {"asset_id": "103206131584345534219777803662235735845312981950233075829729747631018349006817", "price": "0.92", "size": "2887.22", "side": "SELL", "hash": "649133def2f89f8c426054928e4ee0c669465b4c", "best_bid": "0.19", "best_ask": "0.35"}], "timestamp": "1769384595637", "event_type": "price_change"}}
{"_local_timestamp": "2026-01-25T23:43:15.717742+00:00", "data": {"market": "0xfaba55442a17a201a46f7ac19fd9394364f04959cdebfa420bc0c5ab2da00f59", "price_changes": [{"asset_id": "76829378806632943504106553503686063944439990588195206882350689917773385019771", "price": "0.08", "size": "4157.32", "side": "BUY", "hash": "574a343a0366f8eaa8010daa957c1a195ddfe1a3", "best_bid": "0.65", "best_ask": "0.81"}, {"asset_id": "103206131584345534219777803662235735845312981950233075829729747631018349006817", "price": "0.92", "size": "4157.32", "side": "SELL", "hash": "e0f460edf7aa20944a7fa1a444488312a4b69d22", "best_bid": "0.19", "best_ask": "0.35"}], "timestamp": "1769384595638", "event_type": "price_change"}}
{"_local_timestamp": "2026-01-25T23:43:15.837192+00:00", "data": {"market": "0xfaba55442a17a201a46f7ac19fd9394364f04959cdebfa420bc0c5ab2da00f59", "price_changes": [{"asset_id": "76829378806632943504106553503686063944439990588195206882350689917773385019771", "price": "0.11", "size": "4562.99", "side": "BUY", "hash": "f42d6b276150286ac15778ce4c161fbf24be9653", "best_bid": "0.65", "best_ask": "0.81"}, {"asset_id": "103206131584345534219777803662235735845312981950233075829729747631018349006817", "price": "0.89", "size": "4562.99", "side": "SELL", "hash": "b603fcda0c1bcf03cbd3a13931905669a8cd42f0", "best_bid": "0.19", "best_ask": "0.35"}], "timestamp": "1769384595727", "event_type": "price_change"}}
{"_local_timestamp": "2026-01-25T23:43:40.673076+00:00", "data": {"market": "0xfaba55442a17a201a46f7ac19fd9394364f04959cdebfa420bc0c5ab2da00f59", "price_changes": [{"asset_id": "103206131584345534219777803662235735845312981950233075829729747631018349006817", "price": "0.09", "size": "1190.11", "side": "BUY", "hash": "d8b4f2941223fa2bcb4fdab0a8ff895b0cab4bb9", "best_bid": "0.19", "best_ask": "0.35"}, {"asset_id": "76829378806632943504106553503686063944439990588195206882350689917773385019771", "price": "0.91", "size": "1190.11", "side": "SELL", "hash": "e91266a40403170d7576a3f19c39e7446fb548c9", "best_bid": "0.65", "best_ask": "0.81"}], "timestamp": "1769384620600", "event_type": "price_change"}}
{"_local_timestamp": "2026-01-25T23:43:40.737321+00:00", "data": {"market": "0xfaba55442a17a201a46f7ac19fd9394364f04959cdebfa420bc0c5ab2da00f59", "price_changes": [{"asset_id": "76829378806632943504106553503686063944439990588195206882350689917773385019771", "price": "0.11", "size": "1675.77", "side": "BUY", "hash": "3957c59c317ec47fce887d4b38af3cdbe1de5d89", "best_bid": "0.65", "best_ask": "0.81"}, {"asset_id": "103206131584345534219777803662235735845312981950233075829729747631018349006817", "price": "0.89", "size": "1675.77", "side": "SELL", "hash": "49e7b0b0571b69c49e80586738666c451f29118a", "best_bid": "0.19", "best_ask": "0.35"}], "timestamp": "1769384620665", "event_type": "price_change"}}
{"_local_timestamp": "2026-01-25T23:43:40.820490+00:00", "data": {"market": "0xfaba55442a17a201a46f7ac19fd9394364f04959cdebfa420bc0c5ab2da00f59", "price_changes": [{"asset_id": "76829378806632943504106553503686063944439990588195206882350689917773385019771", "price": "0.11", "size": "405.67", "side": "BUY", "hash": "af91bb3dfc5fe74732d91e19df6bdc197c40869d", "best_bid": "0.65", "best_ask": "0.81"}, {"asset_id": "103206131584345534219777803662235735845312981950233075829729747631018349006817", "price": "0.89", "size": "405.67", "side": "SELL", "hash": "df48bb63376190aad0a8b7325c70ff80532b362f", "best_bid": "0.19", "best_ask": "0.35"}], "timestamp": "1769384620745", "event_type": "price_change"}}
{"_local_timestamp": "2026-01-25T23:43:40.954898+00:00", "data": {"market": "0xfaba55442a17a201a46f7ac19fd9394364f04959cdebfa420bc0c5ab2da00f59", "price_changes": [{"asset_id": "76829378806632943504106553503686063944439990588195206882350689917773385019771", "price": "0.12", "size": "890.11", "side": "BUY", "hash": "892fd9412958e0ce85bf9b9d7679502d264dae51", "best_bid": "0.65", "best_ask": "0.81"}, {"asset_id": "103206131584345534219777803662235735845312981950233075829729747631018349006817", "price": "0.88", "size": "890.11", "side": "SELL", "hash": "b6d5978eb097eafb905ff5006d19c7fae49235d3", "best_bid": "0.19", "best_ask": "0.35"}], "timestamp": "1769384620884", "event_type": "price_change"}}
{"_local_timestamp": "2026-01-25T23:43:40.955649+00:00", "data": {"market": "0xfaba55442a17a201a46f7ac19fd9394364f04959cdebfa420bc0c5ab2da00f59", "price_changes": [{"asset_id": "76829378806632943504106553503686063944439990588195206882350689917773385019771", "price": "0.12", "size": "2160.21", "side": "BUY", "hash": "02d33aa05586a046957ac0228a5140d6770b8cc7", "best_bid": "0.65", "best_ask": "0.81"}, {"asset_id": "103206131584345534219777803662235735845312981950233075829729747631018349006817", "price": "0.88", "size": "2160.21", "side": "SELL", "hash": "dac5179f51efc4de2533969d46650ed5c67a3914", "best_bid": "0.19", "best_ask": "0.35"}], "timestamp": "1769384620885", "event_type": "price_change"}}
{"_local_timestamp": "2026-01-25T23:43:40.956348+00:00", "data": {"market": "0xfaba55442a17a201a46f7ac19fd9394364f04959cdebfa420bc0c5ab2da00f59", "price_changes": [{"asset_id": "76829378806632943504106553503686063944439990588195206882350689917773385019771", "price": "0.12", "size": "4157.32", "side": "BUY", "hash": "23d28b48fc7772e298fda38cd377de75cb250e05", "best_bid": "0.65", "best_ask": "0.81"}, {"asset_id": "103206131584345534219777803662235735845312981950233075829729747631018349006817", "price": "0.88", "size": "4157.32", "side": "SELL", "hash": "c877359076d78a9d54142b298416b2ab1dbdbd8d", "best_bid": "0.19", "best_ask": "0.35"}], "timestamp": "1769384620886", "event_type": "price_change"}}
{"_local_timestamp": "2026-01-25T23:43:41.149754+00:00", "data": {"market": "0x14a59fd43a48ef0bb90a5f63a6940fb6a62acf00f14710407cb340a6e555e427", "price_changes": [{"asset_id": "32309374624748192362666880759096858495442910952630564264751928146985382753863", "price": "0.01", "size": "180", "side": "BUY", "hash": "b8c08320d3b7cce1ce51e06e362bb003ff39d5b5", "best_bid": "0.05", "best_ask": "0.96"}, {"asset_id": "33860025332294261066339194986447657969774333993404072754488955408971762620870", "price": "0.99", "size": "180", "side": "SELL", "hash": "6fb70ca56e6b68c436278bdb2ef7e719164ca5fb", "best_bid": "0.04", "best_ask": "0.95"}], "timestamp": "1769384621077", "event_type": "price_change"}}
{"_local_timestamp": "2026-01-25T23:43:41.445383+00:00", "data": {"market": "0x14a59fd43a48ef0bb90a5f63a6940fb6a62acf00f14710407cb340a6e555e427", "price_changes": [{"asset_id": "32309374624748192362666880759096858495442910952630564264751928146985382753863", "price": "0.01", "size": "202.09", "side": "BUY", "hash": "b657362ae1f206713be93b84f9c19ea13f36d5e8", "best_bid": "0.05", "best_ask": "0.96"}, {"asset_id": "33860025332294261066339194986447657969774333993404072754488955408971762620870", "price": "0.99", "size": "202.09", "side": "SELL", "hash": "e42b04eab770c045285e1232e8159f087ef135c1", "best_bid": "0.04", "best_ask": "0.95"}], "timestamp": "1769384621378", "event_type": "price_change"}}
{"_local_timestamp": "2026-01-25T23:43:41.844352+00:00", "data": {"market": "0xfaba55442a17a201a46f7ac19fd9394364f04959cdebfa420bc0c5ab2da00f59", "price_changes": [{"asset_id": "103206131584345534219777803662235735845312981950233075829729747631018349006817", "price": "0.08", "size": "6.81", "side": "BUY", "hash": "95772b9fb4c443627610db1e3bf93574b08bcc37", "best_bid": "0.19", "best_ask": "0.35"}, {"asset_id": "76829378806632943504106553503686063944439990588195206882350689917773385019771", "price": "0.92", "size": "6.81", "side": "SELL", "hash": "3b29191cc2170abf0bcefdf5e4c1f71677e25579", "best_bid": "0.65", "best_ask": "0.81"}], "timestamp": "1769384621767", "event_type": "price_change"}}
{"_local_timestamp": "2026-01-25T23:43:44.789131+00:00", "data": {"market": "0xfaba55442a17a201a46f7ac19fd9394364f04959cdebfa420bc0c5ab2da00f59", "price_changes": [{"asset_id": "76829378806632943504106553503686063944439990588195206882350689917773385019771", "price": "0.1", "size": "200", "side": "BUY", "hash": "e818e727e341be27aded046757034317391a62e7", "best_bid": "0.65", "best_ask": "0.81"}, {"asset_id": "103206131584345534219777803662235735845312981950233075829729747631018349006817", "price": "0.9", "size": "200", "side": "SELL", "hash": "413ab290e17db188094712e9a9c87dacca72c4fa", "best_bid": "0.19", "best_ask": "0.35"}], "timestamp": "1769384624698", "event_type": "price_change"}}
{"_local_timestamp": "2026-01-25T23:43:44.916067+00:00", "data": {"market": "0xfaba55442a17a201a46f7ac19fd9394364f04959cdebfa420bc0c5ab2da00f59", "price_changes": [{"asset_id": "76829378806632943504106553503686063944439990588195206882350689917773385019771", "price": "0.12", "size": "0", "side": "BUY", "hash": "4bd0ac2de9e156eb26eda48e526d225a055a0e08", "best_bid": "0.65", "best_ask": "0.81"}, {"asset_id": "103206131584345534219777803662235735845312981950233075829729747631018349006817", "price": "0.88", "size": "0", "side": "SELL", "hash": "ef3893f1bff7dbdc9d381788121a5625033f1ee5", "best_bid": "0.19", "best_ask": "0.35"}], "timestamp": "1769384624832", "event_type": "price_change"}}
{"_local_timestamp": "2026-01-25T23:43:45.030072+00:00", "data": {"market": "0xfaba55442a17a201a46f7ac19fd9394364f04959cdebfa420bc0c5ab2da00f59", "price_changes": [{"asset_id": "76829378806632943504106553503686063944439990588195206882350689917773385019771", "price": "0.11", "size": "505.67", "side": "BUY", "hash": "b887fef8cecb5f3ebe250cc20ece7d596699e4c5", "best_bid": "0.65", "best_ask": "0.81"}, {"asset_id": "103206131584345534219777803662235735845312981950233075829729747631018349006817", "price": "0.89", "size": "505.67", "side": "SELL", "hash": "f9d0fd2bbe615becf12b9d12cc1e5ec63c0ee72e", "best_bid": "0.19", "best_ask": "0.35"}], "timestamp": "1769384624960", "event_type": "price_change"}}
{"_local_timestamp": "2026-01-25T23:43:47.805347+00:00", "data": {"market": "0xfaba55442a17a201a46f7ac19fd9394364f04959cdebfa420bc0c5ab2da00f59", "price_changes": [{"asset_id": "76829378806632943504106553503686063944439990588195206882350689917773385019771", "price": "0.1", "size": "100", "side": "BUY", "hash": "c5095eb324fbe529f7ced6db69969a439ea791ca", "best_bid": "0.65", "best_ask": "0.81"}, {"asset_id": "103206131584345534219777803662235735845312981950233075829729747631018349006817", "price": "0.9", "size": "100", "side": "SELL", "hash": "57553651101178e88f9bfa3f9729e35d4b81a9cf", "best_bid": "0.19", "best_ask": "0.35"}], "timestamp": "1769384627733", "event_type": "price_change"}}
{"_local_timestamp": "2026-01-25T23:43:48.124764+00:00", "data": {"market": "0xfaba55442a17a201a46f7ac19fd9394364f04959cdebfa420bc0c5ab2da00f59", "price_changes": [{"asset_id": "76829378806632943504106553503686063944439990588195206882350689917773385019771", "price": "0.11", "size": "605.67", "side": "BUY", "hash": "77ee8ddfa37be0f20dfb2cba2f3be700b46538f6", "best_bid": "0.65", "best_ask": "0.81"}, {"asset_id": "103206131584345534219777803662235735845312981950233075829729747631018349006817", "price": "0.89", "size": "605.67", "side": "SELL", "hash": "945675dfb75e5e2a5c0e8c25620ee278dd77eb2f", "best_bid": "0.19", "best_ask": "0.35"}], "timestamp": "1769384628039", "event_type": "price_change"}}
{"_local_timestamp": "2026-01-25T23:43:48.270113+00:00", "data": {"market": "0xfaba55442a17a201a46f7ac19fd9394364f04959cdebfa420bc0c5ab2da00f59", "price_changes": [{"asset_id": "76829378806632943504106553503686063944439990588195206882350689917773385019771", "price": "0.12", "size": "1270.1", "side": "BUY", "hash": "6c00710942bdced9ef670c2fc8356e198bda46e2", "best_bid": "0.65", "best_ask": "0.81"}, {"asset_id": "103206131584345534219777803662235735845312981950233075829729747631018349006817", "price": "0.88", "size": "1270.1", "side": "SELL", "hash": "738377cb13e17e42715457ecc00c3f677ad80fa6", "best_bid": "0.19", "best_ask": "0.35"}], "timestamp": "1769384628198", "event_type": "price_change"}}
{"_local_timestamp": "2026-01-25T23:43:48.303551+00:00", "data": {"market": "0xfaba55442a17a201a46f7ac19fd9394364f04959cdebfa420bc0c5ab2da00f59", "price_changes": [{"asset_id": "76829378806632943504106553503686063944439990588195206882350689917773385019771", "price": "0.12", "size": "3267.21", "side": "BUY", "hash": "a7352c3f32b26638237a7cb0423bb8cdb24b7c07", "best_bid": "0.65", "best_ask": "0.81"}, {"asset_id": "103206131584345534219777803662235735845312981950233075829729747631018349006817", "price": "0.88", "size": "3267.21", "side": "SELL", "hash": "bc51bf6df9ed69e09589a7ad580ba5dcae74c2b4", "best_bid": "0.19", "best_ask": "0.35"}], "timestamp": "1769384628236", "event_type": "price_change"}}
{"_local_timestamp": "2026-01-25T23:43:48.304451+00:00", "data": {"market": "0xfaba55442a17a201a46f7ac19fd9394364f04959cdebfa420bc0c5ab2da00f59", "price_changes": [{"asset_id": "76829378806632943504106553503686063944439990588195206882350689917773385019771", "price": "0.12", "size": "4157.32", "side": "BUY", "hash": "7fb68f43eb2c688303d831736bc4d0c48af89c0c", "best_bid": "0.65", "best_ask": "0.81"}, {"asset_id": "103206131584345534219777803662235735845312981950233075829729747631018349006817", "price": "0.88", "size": "4157.32", "side": "SELL", "hash": "fb6b97fee78a0573adcd4a806e56de4cbffc76ed", "best_bid": "0.19", "best_ask": "0.35"}], "timestamp": "1769384628237", "event_type": "price_change"}}
{"_local_timestamp": "2026-01-25T23:43:49.821387+00:00", "data": {"market": "0xfaba55442a17a201a46f7ac19fd9394364f04959cdebfa420bc0c5ab2da00f59", "price_changes": [{"asset_id": "76829378806632943504106553503686063944439990588195206882350689917773385019771", "price": "0.1", "size": "0", "side": "BUY", "hash": "28ab26636951333c37aafeb73f0b2b1c39c2c888", "best_bid": "0.65", "best_ask": "0.81"}, {"asset_id": "103206131584345534219777803662235735845312981950233075829729747631018349006817", "price": "0.9", "size": "0", "side": "SELL", "hash": "28ae8126711c3c230f32898e9ef380b2981dc610", "best_bid": "0.19", "best_ask": "0.35"}], "timestamp": "1769384629747", "event_type": "price_change"}}
{"_local_timestamp": "2026-01-25T23:43:50.116375+00:00", "data": {"market": "0xfaba55442a17a201a46f7ac19fd9394364f04959cdebfa420bc0c5ab2da00f59", "price_changes": [{"asset_id": "76829378806632943504106553503686063944439990588195206882350689917773385019771", "price": "0.11", "size": "705.67", "side": "BUY", "hash": "5817e4c2eb56807e475b3cc549a17ee435793845", "best_bid": "0.65", "best_ask": "0.81"}, {"asset_id": "103206131584345534219777803662235735845312981950233075829729747631018349006817", "price": "0.89", "size": "705.67", "side": "SELL", "hash": "e65108b9830c7da271d92cf0a10ec3db572177d6", "best_bid": "0.19", "best_ask": "0.35"}], "timestamp": "1769384630018", "event_type": "price_change"}}
{"_local_timestamp": "2026-01-25T23:44:01.505849+00:00", "data": {"market": "0xfaba55442a17a201a46f7ac19fd9394364f04959cdebfa420bc0c5ab2da00f59", "price_changes": [{"asset_id": "76829378806632943504106553503686063944439990588195206882350689917773385019771", "price": "0.11", "size": "305.67", "side": "BUY", "hash": "afe5be36e5932f9b96ba23f09df5caf3a10d2096", "best_bid": "0.65", "best_ask": "0.81"}, {"asset_id": "103206131584345534219777803662235735845312981950233075829729747631018349006817", "price": "0.89", "size": "305.67", "side": "SELL", "hash": "4c7a6b1e06656e3ed764902043b0cd0a000e79ed", "best_bid": "0.19", "best_ask": "0.35"}], "timestamp": "1769384641432", "event_type": "price_change"}}
{"_local_timestamp": "2026-01-25T23:44:01.788625+00:00", "data": {"market": "0xfaba55442a17a201a46f7ac19fd9394364f04959cdebfa420bc0c5ab2da00f59", "price_changes": [{"asset_id": "76829378806632943504106553503686063944439990588195206882350689917773385019771", "price": "0.08", "size": "4557.32", "side": "BUY", "hash": "e7e65dd219f1af2e2d39fabf4835fd7126920168", "best_bid": "0.65", "best_ask": "0.81"}, {"asset_id": "103206131584345534219777803662235735845312981950233075829729747631018349006817", "price": "0.92", "size": "4557.32", "side": "SELL", "hash": "858a420b8b9a2d90efb481a9a89d170ab40207d4", "best_bid": "0.19", "best_ask": "0.35"}], "timestamp": "1769384641718", "event_type": "price_change"}}
{"_local_timestamp": "2026-01-25T23:44:06.293613+00:00", "data": {"market": "0xfaba55442a17a201a46f7ac19fd9394364f04959cdebfa420bc0c5ab2da00f59", "price_changes": [{"asset_id": "76829378806632943504106553503686063944439990588195206882350689917773385019771", "price": "0.11", "size": "205.67", "side": "BUY", "hash": "f93061c489f1ed02dc41f97edd53127155d20581", "best_bid": "0.65", "best_ask": "0.81"}, {"asset_id": "103206131584345534219777803662235735845312981950233075829729747631018349006817", "price": "0.89", "size": "205.67", "side": "SELL", "hash": "e5ed4ceaee32c31ab75a4ee0f1c1be3aa46c4211", "best_bid": "0.19", "best_ask": "0.35"}], "timestamp": "1769384646218", "event_type": "price_change"}}
{"_local_timestamp": "2026-01-25T23:44:06.402199+00:00", "data": {"market": "0xfaba55442a17a201a46f7ac19fd9394364f04959cdebfa420bc0c5ab2da00f59", "price_changes": [{"asset_id": "76829378806632943504106553503686063944439990588195206882350689917773385019771", "price": "0.12", "size": "0", "side": "BUY", "hash": "552891891f7b2dec75bb27108fb81511ab2622a3", "best_bid": "0.65", "best_ask": "0.81"}, {"asset_id": "103206131584345534219777803662235735845312981950233075829729747631018349006817", "price": "0.88", "size": "0", "side": "SELL", "hash": "a9f9bd6a0b0d394bdffb7c7afb61c9640d866000", "best_bid": "0.19", "best_ask": "0.35"}], "timestamp": "1769384646332", "event_type": "price_change"}}
{"_local_timestamp": "2026-01-25T23:44:06.569876+00:00", "data": {"market": "0xfaba55442a17a201a46f7ac19fd9394364f04959cdebfa420bc0c5ab2da00f59", "price_changes": [{"asset_id": "76829378806632943504106553503686063944439990588195206882350689917773385019771", "price": "0.12", "size": "100", "side": "BUY", "hash": "64da3440cf8da6cf67ec50d094819a9046acb437", "best_bid": "0.65", "best_ask": "0.81"}, {"asset_id": "103206131584345534219777803662235735845312981950233075829729747631018349006817", "price": "0.88", "size": "100", "side": "SELL", "hash": "041c9ac10789aacc9a75d15c7c7bb24ce348430e", "best_bid": "0.19", "best_ask": "0.35"}], "timestamp": "1769384646491", "event_type": "price_change"}}
{"_local_timestamp": "2026-01-25T23:44:18.095618+00:00", "data": {"market": "0xfaba55442a17a201a46f7ac19fd9394364f04959cdebfa420bc0c5ab2da00f59", "price_changes": [{"asset_id": "76829378806632943504106553503686063944439990588195206882350689917773385019771", "price": "0.11", "size": "105.67", "side": "BUY", "hash": "4773907044ed853021a0ca39af7061ee1dfd9c1f", "best_bid": "0.65", "best_ask": "0.81"}, {"asset_id": "103206131584345534219777803662235735845312981950233075829729747631018349006817", "price": "0.89", "size": "105.67", "side": "SELL", "hash": "6c186b4f8a2aa97c1b890d71bc5d87a9c28f9c13", "best_bid": "0.19", "best_ask": "0.35"}], "timestamp": "1769384658004", "event_type": "price_change"}}
{"_local_timestamp": "2026-01-25T23:44:18.386208+00:00", "data": {"market": "0xfaba55442a17a201a46f7ac19fd9394364f04959cdebfa420bc0c5ab2da00f59", "price_changes": [{"asset_id": "76829378806632943504106553503686063944439990588195206882350689917773385019771", "price": "0.12", "size": "200", "side": "BUY", "hash": "c446b6fcf5ca81395b712632c1ee85678bc6a632", "best_bid": "0.65", "best_ask": "0.81"}, {"asset_id": "103206131584345534219777803662235735845312981950233075829729747631018349006817", "price": "0.88", "size": "200", "side": "SELL", "hash": "10777abd1c436922877b4512e552eb6b5f862d57", "best_bid": "0.19", "best_ask": "0.35"}], "timestamp": "1769384658315", "event_type": "price_change"}}
{"_local_timestamp": "2026-01-25T23:44:23.462434+00:00", "data": {"market": "0xfaba55442a17a201a46f7ac19fd9394364f04959cdebfa420bc0c5ab2da00f59", "price_changes": [{"asset_id": "76829378806632943504106553503686063944439990588195206882350689917773385019771", "price": "0.11", "size": "5.67", "side": "BUY", "hash": "d7fbfc9a5165c357bfe8a1151c9551862472b683", "best_bid": "0.65", "best_ask": "0.81"}, {"asset_id": "103206131584345534219777803662235735845312981950233075829729747631018349006817", "price": "0.89", "size": "5.67", "side": "SELL", "hash": "f0c2165849fe32d8a0afe4b9cfa9ed66783e7598", "best_bid": "0.19", "best_ask": "0.35"}], "timestamp": "1769384663386", "event_type": "price_change"}}
{"_local_timestamp": "2026-01-25T23:44:23.726510+00:00", "data": {"market": "0xfaba55442a17a201a46f7ac19fd9394364f04959cdebfa420bc0c5ab2da00f59", "price_changes": [{"asset_id": "76829378806632943504106553503686063944439990588195206882350689917773385019771", "price": "0.12", "size": "300", "side": "BUY", "hash": "931d4a4ecc1ce29b9b8e6ff9b7df8c48c2c21a64", "best_bid": "0.65", "best_ask": "0.81"}, {"asset_id": "103206131584345534219777803662235735845312981950233075829729747631018349006817", "price": "0.88", "size": "300", "side": "SELL", "hash": "0f2186f076e9766c78b86a32fda210677f7032ec", "best_bid": "0.19", "best_ask": "0.35"}], "timestamp": "1769384663655", "event_type": "price_change"}}
{"_local_timestamp": "2026-01-25T23:44:27.067764+00:00", "data": {"market": "0xfaba55442a17a201a46f7ac19fd9394364f04959cdebfa420bc0c5ab2da00f59", "price_changes": [{"asset_id": "76829378806632943504106553503686063944439990588195206882350689917773385019771", "price": "0.12", "size": "200", "side": "BUY", "hash": "939a52b11aad0e30d0109dfc92f3819e3d750f6a", "best_bid": "0.65", "best_ask": "0.81"}, {"asset_id": "103206131584345534219777803662235735845312981950233075829729747631018349006817", "price": "0.88", "size": "200", "side": "SELL", "hash": "ca5865345a1b712bd4311cb71d11815a0f4c3946", "best_bid": "0.19", "best_ask": "0.35"}], "timestamp": "1769384666975", "event_type": "price_change"}}
{"_local_timestamp": "2026-01-25T23:44:27.310350+00:00", "data": {"market": "0xfaba55442a17a201a46f7ac19fd9394364f04959cdebfa420bc0c5ab2da00f59", "price_changes": [{"asset_id": "76829378806632943504106553503686063944439990588195206882350689917773385019771", "price": "0.08", "size": "4657.32", "side": "BUY", "hash": "dcbd1682cb83d8fa2c997c1172ed16701586ebec", "best_bid": "0.65", "best_ask": "0.81"}, {"asset_id": "103206131584345534219777803662235735845312981950233075829729747631018349006817", "price": "0.92", "size": "4657.32", "side": "SELL", "hash": "94e75a2b8dfcf3ea32f4db43997730d5466da9d7", "best_bid": "0.19", "best_ask": "0.35"}], "timestamp": "1769384667235", "event_type": "price_change"}}
