{"_local_timestamp": "2026-01-25T23:41:29.060975+00:00", "data": [{"market": "0xcf3bdf479e31addf0d920776325a8759c37e977d8ccd16d84bb8a7c9b319f5b4", "asset_id": "79800804285394431406313674956566735663577258418418362056340026872565628701860", "timestamp": "1769384488124", "hash": "58ea6c9202770b40c3f568f13053e0ac4555b7c3", "bids": [{"price": "0.01", "size": "8389.4"}, {"price": "0.02", "size": "1800"}, {"price": "0.03", "size": "9.19"}, {"price": "0.07", "size": "1500"}, {"price": "0.08", "size": "4157.32"}, {"price": "0.09", "size": "300"}, {"price": "0.15", "size": "300"}, {"price": "0.17", "size": "1090.11"}, {"price": "0.18", "size": "890.11"}, {"price": "0.19", "size": "125"}, {"price": "0.2", "size": "75"}, {"price": "0.24", "size": "10"}, {"price": "0.33", "size": "50"}, {"price": "0.37", "size": "150"}, {"price": "0.38", "size": "31"}], "asks": [{"price": "0.99", "size": "8789.27"}, {"price": "0.98", "size": "1800"}, {"price": "0.97", "size": "9.51"}, {"price": "0.93", "size": "1500"}, {"price": "0.92", "size": "4564.98"}, {"price": "0.88", "size": "300"}, {"price": "0.87", "size": "4157.32"}, {"price": "0.86", "size": "200"}, {"price": "0.78", "size": "300"}, {"price": "0.76", "size": "1090.11"}, {"price": "0.75", "size": "890.11"}, {"price": "0.74", "size": "125"}, {"price": "0.73", "size": "62"}, {"price": "0.72", "size": "75"}, {"price": "0.5", "size": "10"}, {"price": "0.48", "size": "50"}, {"price": "0.46", "size": "169"}], "event_type": "book", "last_trade_price": "0.540"}, {"market": "0xcf3bdf479e31addf0d920776325a8759c37e977d8ccd16d84bb8a7c9b319f5b4", "asset_id": "19423897484252245381031724860563835455358662770351298411785241621776824540110", "timestamp": "1769384488124", "hash": "79773f97a11775c38810c265f495487e4409446f", "bids": [{"price": "0.01", "size": "8789.27"}, {"price": "0.02", "size": "1800"}, {"price": "0.03", "size": "9.51"}, {"price": "0.07", "size": "1500"}, {"price": "0.08", "size": "4564.98"}, {"price": "0.12", "size": "300"}, {"price": "0.13", "size": "4157.32"}, {"price": "0.14", "size": "200"}, {"price": "0.22", "size": "300"}, {"price": "0.24", "size": "1090.11"}, {"price": "0.25", "size": "890.11"}, {"price": "0.26", "size": "125"}, {"price": "0.27", "size": "62"}, {"price": "0.28", "size": "75"}, {"price": "0.5", "size": "10"}, {"price": "0.52", "size": "50"}, {"price": "0.54", "size": "169"}], "asks": [{"price": "0.99", "size": "8389.4"}, {"price": "0.98", "size": "1800"}, {"price": "0.97", "size": "9.19"}, {"price": "0.93", "size": "1500"}, {"price": "0.92", "size": "4157.32"}, {"price": "0.91", "size": "300"}, {"price": "0.85", "size": "300"}, {"price": "0.83", "size": "1090.11"}, {"price": "0.82", "size": "890.11"}, {"price": "0.81", "size": "125"}, {"price": "0.8", "size": "75"}, {"price": "0.76", "size": "10"}, {"price": "0.67", "size": "50"}, {"price": "0.63", "size": "150"}, {"price": "0.62", "size": "31"}], "event_type": "book", "last_trade_price": "0.540"}]}
{"_local_timestamp": "2026-01-25T23:41:33.499430+00:00", "data": {"market": "0xcf3bdf479e31addf0d920776325a8759c37e977d8ccd16d84bb8a7c9b319f5b4", "price_changes": [{"asset_id": "19423897484252245381031724860563835455358662770351298411785241621776824540110", "price": "0.12", "size": "200", "side": "BUY", "hash": "7476c736fea69bc276c0d999077a1b699c7c5530", "best_bid": "0.54", "best_ask": "0.62"}, {"asset_id": "79800804285394431406313674956566735663577258418418362056340026872565628701860", "price": "0.88", "size": "200", "side": "SELL", "hash": "bd20ff18a6b2ac38c1932d0e481680e611e98d5f", "best_bid": "0.38", "best_ask": "0.46"}], "timestamp": "1769384493419", "event_type": "price_change"}}
{"_local_timestamp": "2026-01-25T23:41:33.576191+00:00", "data": {"market": "0xcf3bdf479e31addf0d920776325a8759c37e977d8ccd16d84bb8a7c9b319f5b4", "price_changes": [{"asset_id": "19423897484252245381031724860563835455358662770351298411785241621776824540110", "price": "0.13", "size": "0", "side": "BUY", "hash": "17275409fdf3a5186ea6de215731ed9f8484ba99", "best_bid": "0.54", "best_ask": "0.62"}, {"asset_id": "79800804285394431406313674956566735663577258418418362056340026872565628701860", "price": "0.87", "size": "0", "side": "SELL", "hash": "1452807da67f069076e62fcdd590937506eb8582", "best_bid": "0.38", "best_ask": "0.46"}], "timestamp": "1769384493478", "event_type": "price_change"}}
{"_local_timestamp": "2026-01-25T23:41:33.676300+00:00", "data": {"market": "0xcf3bdf479e31addf0d920776325a8759c37e977d8ccd16d84bb8a7c9b319f5b4", "price_changes": [{"asset_id": "19423897484252245381031724860563835455358662770351298411785241621776824540110", "price": "0.08", "size": "4557.32", "side": "BUY", "hash": "338cffa0626898ed116ac144fd004ad379464966", "best_bid": "0.54", "best_ask": "0.62"}, {"asset_id": "79800804285394431406313674956566735663577258418418362056340026872565628701860", "price": "0.92", "size": "4557.32", "side": "SELL", "hash": "dc6213af7ca3cf0ddcdbedf28ea35ce816e46fca", "best_bid": "0.38", "best_ask": "0.46"}], "timestamp": "1769384493601", "event_type": "price_change"}}
{"_local_timestamp": "2026-01-25T23:41:33.797071+00:00", "data": {"market": "0xcf3bdf479e31addf0d920776325a8759c37e977d8ccd16d84bb8a7c9b319f5b4", "price_changes": [{"asset_id": "19423897484252245381031724860563835455358662770351298411785241621776824540110", "price": "0.13", "size": "100", "side": "BUY", "hash": "36574e60f2dbec72de16a8bd68fb6499aa232c61", "best_bid": "0.54", "best_ask": "0.62"}, {"asset_id": "79800804285394431406313674956566735663577258418418362056340026872565628701860", "price": "0.87", "size": "100", "side": "SELL", "hash": "6a5c5e26d7cb4bf95d82b072c8fd638e9e71ebe5", "best_bid": "0.38", "best_ask": "0.46"}], "timestamp": "1769384493716", "event_type": "price_change"}}
{"_local_timestamp": "2026-01-25T23:41:33.890757+00:00", "data": {"market": "0xcf3bdf479e31addf0d920776325a8759c37e977d8ccd16d84bb8a7c9b319f5b4", "price_changes": [{"asset_id": "19423897484252245381031724860563835455358662770351298411785241621776824540110", "price": "0.09", "size": "6.81", "side": "BUY", "hash": "ecd432482abd62686b194904979956d3b153ae2b", "best_bid": "0.54", "best_ask": "0.62"}, {"asset_id": "79800804285394431406313674956566735663577258418418362056340026872565628701860", "price": "0.91", "size": "6.81", "side": "SELL", "hash": "6c35830eee0f6135d1144b20b725e5990b88dfbf", "best_bid": "0.38", "best_ask": "0.46"}], "timestamp": "1769384493821", "event_type": "price_change"}}
{"_local_timestamp": "2026-01-25T23:41:42.455922+00:00", "data": {"market": "0xcf3bdf479e31addf0d920776325a8759c37e977d8ccd16d84bb8a7c9b319f5b4", "price_changes": [{"asset_id": "19423897484252245381031724860563835455358662770351298411785241621776824540110", "price": "0.12", "size": "100", "side": "BUY", "hash": "8b5c67da897f86823ea42ff62346e2f6db396684", "best_bid": "0.54", "best_ask": "0.62"}, {"asset_id": "79800804285394431406313674956566735663577258418418362056340026872565628701860", "price": "0.88", "size": "100", "side": "SELL", "hash": "627e81f6e17a46fd30b0d94fbd3894cd84535c05", "best_bid": "0.38", "best_ask": "0.46"}], "timestamp": "1769384502368", "event_type": "price_change"}}
{"_local_timestamp": "2026-01-25T23:41:42.749099+00:00", "data": {"market": "0xcf3bdf479e31addf0d920776325a8759c37e977d8ccd16d84bb8a7c9b319f5b4", "price_changes": [{"asset_id": "19423897484252245381031724860563835455358662770351298411785241621776824540110", "price": "0.13", "size": "200", "side": "BUY", "hash": "8d1f8f37bd58a56f582fdab9e791b5e7a19cd9cd", "best_bid": "0.54", "best_ask": "0.62"}, {"asset_id": "79800804285394431406313674956566735663577258418418362056340026872565628701860", "price": "0.87", "size": "200", "side": "SELL", "hash": "944ebcc17acc3e46a931289e09c6af6a6054d808", "best_bid": "0.38", "best_ask": "0.46"}], "timestamp": "1769384502658", "event_type": "price_change"}}
{"_local_timestamp": "2026-01-25T23:41:44.453978+00:00", "data": {"market": "0xcf3bdf479e31addf0d920776325a8759c37e977d8ccd16d84bb8a7c9b319f5b4", "price_changes": [{"asset_id": "19423897484252245381031724860563835455358662770351298411785241621776824540110", "price": "0.12", "size": "0", "side": "BUY", "hash": "661c74659c5cd841bb72da5626650042cefe592c", "best_bid": "0.54", "best_ask": "0.62"}, {"asset_id": "79800804285394431406313674956566735663577258418418362056340026872565628701860", "price": "0.88", "size": "0", "side": "SELL", "hash": "ad7a7e71686c5ba96d13f691221bc4e3d00618e6", "best_bid": "0.38", "best_ask": "0.46"}], "timestamp": "1769384504381", "event_type": "price_change"}}
{"_local_timestamp": "2026-01-25T23:41:44.769476+00:00", "data": {"market": "0xcf3bdf479e31addf0d920776325a8759c37e977d8ccd16d84bb8a7c9b319f5b4", "price_changes": [{"asset_id": "19423897484252245381031724860563835455358662770351298411785241621776824540110", "price": "0.13", "size": "300", "side": "BUY", "hash": "05b3c59acd83afe4875ef8c169571715ab4528af", "best_bid": "0.54", "best_ask": "0.62"}, {"asset_id": "79800804285394431406313674956566735663577258418418362056340026872565628701860", "price": "0.87", "size": "300", "side": "SELL", "hash": "8c1ee7d799431daee061f7893447811f714e241a", "best_bid": "0.38", "best_ask": "0.46"}], "timestamp": "1769384504696", "event_type": "price_change"}}
{"_local_timestamp": "2026-01-25T23:41:59.956437+00:00", "data": {"market": "0xcf3bdf479e31addf0d920776325a8759c37e977d8ccd16d84bb8a7c9b319f5b4", "price_changes": [{"asset_id": "19423897484252245381031724860563835455358662770351298411785241621776824540110", "price": "0.13", "size": "200", "side": "BUY", "hash": "b70bbfefb17d08797024e90f1331c5e93dfe639f", "best_bid": "0.54", "best_ask": "0.62"}, {"asset_id": "79800804285394431406313674956566735663577258418418362056340026872565628701860", "price": "0.87", "size": "200", "side": "SELL", "hash": "e7c948632b14c4d5f1c18638aa31a6838c43f881", "best_bid": "0.38", "best_ask": "0.46"}], "timestamp": "1769384519879", "event_type": "price_change"}}
{"_local_timestamp": "2026-01-25T23:42:00.236569+00:00", "data": {"market": "0xcf3bdf479e31addf0d920776325a8759c37e977d8ccd16d84bb8a7c9b319f5b4", "price_changes": [{"asset_id": "19423897484252245381031724860563835455358662770351298411785241621776824540110", "price": "0.08", "size": "4657.32", "side": "BUY", "hash": "6914e8f03033330c68dc121e411f3cf8f530b79c", "best_bid": "0.54", "best_ask": "0.62"}, {"asset_id": "79800804285394431406313674956566735663577258418418362056340026872565628701860", "price": "0.92", "size": "4657.32", "side": "SELL", "hash": "e618ac2b86ac7f889aad0b3a86c1f1c08e400d1c", "best_bid": "0.38", "best_ask": "0.46"}], "timestamp": "1769384520156", "event_type": "price_change"}}
