{"_local_timestamp": "2026-01-25T23:34:18.035754+00:00", "data": [{"market": "0x001c353c244069dd4cec7256cffa9fc72b8b2a2bd81e11f314915952383b797c", "asset_id": "4589173697576215557807730046205275848276913777924790840802497320319533822442", "timestamp": "1769383827152", "hash": "ffbd2c352a499b6f1938a9b6e43ae03b23356fff", "bids": [{"price": "0.01", "size": "2789.96"}, {"price": "0.02", "size": "2100"}, {"price": "0.03", "size": "10.41"}, {"price": "0.05", "size": "20"}, {"price": "0.07", "size": "1700"}, {"price": "0.1", "size": "800"}, {"price": "0.11", "size": "5.34"}, {"price": "0.2", "size": "400"}, {"price": "0.27", "size": "200"}, {"price": "0.34", "size": "100"}, {"price": "0.5", "size": "35"}, {"price": "0.56", "size": "150"}, {"price": "0.57", "size": "200"}, {"price": "0.58", "size": "50"}, {"price": "0.6", "size": "70"}, {"price": "0.61", "size": "62"}, {"price": "0.62", "size": "142"}, {"price": "0.63", "size": "11692.49"}, {"price": "0.64", "size": "20337.31"}], "asks": [{"price": "0.99", "size": "2788.76"}, {"price": "0.98", "size": "1000"}, {"price": "0.97", "size": "6.99"}, {"price": "0.96", "size": "2100"}, {"price": "0.95", "size": "800"}, {"price": "0.94", "size": "11.71"}, {"price": "0.79", "size": "119"}, {"price": "0.72", "size": "50"}, {"price": "0.7", "size": "300"}, {"price": "0.69", "size": "14533"}, {"price": "0.68", "size": "15688"}, {"price": "0.67", "size": "33899"}, {"price": "0.66", "size": "19654"}, {"price": "0.65", "size": "4883.93"}], "event_type": "book", "last_trade_price": "0.640"}, {"market": "0x430aab94313e8455c1f733d721e644ece2ff011f9361e40792e0ef0078f1db7f", "asset_id": "95430313138053455452669233555625407095764588616214506709885886231580096928546", "timestamp": "1769383858462", "hash": "c4489b1a6dd58c0af44c4d75a1cafba763d12b84", "bids": [{"price": "0.01", "size": "1080"}, {"price": "0.02", "size": "50"}, {"price": "0.29", "size": "10000"}, {"price": "0.31", "size": "10000"}], "asks": [{"price": "0.99", "size": "1085.1"}, {"price": "0.98", "size": "47.44"}, {"price": "0.8", "size": "200"}, {"price": "0.73", "size": "200"}, {"price": "0.41", "size": "10000"}, {"price": "0.39", "size": "10000"}], "event_type": "book", "last_trade_price": ""}, {"market": "0x328130f0da1f2c17aac372d21fe4c70578148b75a0e7fd5cb9d447a3ab0abcca", "asset_id": "48515630200218192130095781577889005928645379611634750543937984784940018019452", "timestamp": "1769382697889", "hash": "fcab4c6f32c5966f46ec967cae7b7f1c73e61811", "bids": [{"price": "0.01", "size": "192.39"}, {"price": "0.02", "size": "43.8"}, {"price": "0.06", "size": "5.47"}, {"price": "0.07", "size": "5.47"}], "asks": [{"price": "0.99", "size": "1185.78"}, {"price": "0.98", "size": "47.1"}, {"price": "0.85", "size": "10"}, {"price": "0.64", "size": "3000"}], "event_type": "book", "last_trade_price": ""}, {"market": "0x69c21de45081ceb2599dabad7f481aaacc0e7f3b22d55ea0667cd26cb7cbaa5d", "asset_id": "100233781824635313531098218672545101599006374140235361511227178660459237562434", "timestamp": "1769382279543", "hash": "4c8771210f1feebd74c5322e6f9db5a57263d7c2", "bids": [{"price": "0.01", "size": "185.48"}, {"price": "0.02", "size": "47.25"}, {"price": "0.43", "size": "50"}], "asks": [{"price": "0.99", "size": "1185.78"}, {"price": "0.98", "size": "47.11"}, {"price": "0.85", "size": "10"}, {"price": "0.7", "size": "500"}, {"price": "0.66", "size": "1000"}, {"price": "0.65", "size": "80"}, {"price": "0.64", "size": "3000"}], "event_type": "book", "last_trade_price": "0.530"}, {"market": "0x001c353c244069dd4cec7256cffa9fc72b8b2a2bd81e11f314915952383b797c", "asset_id": "98867440143782499399674888810263190696616181738650068135963226850224142943896", "timestamp": "1769383827152", "hash": "3f91c18b197bca3636d2a8c5642dc85b234c9d3d", "bids": [{"price": "0.01", "size": "2788.76"}, {"price": "0.02", "size": "1000"}, {"price": "0.03", "size": "6.99"}, {"price": "0.04", "size": "2100"}, {"price": "0.05", "size": "800"}, {"price": "0.06", "size": "11.71"}, {"price": "0.21", "size": "119"}, {"price": "0.28", "size": "50"}, {"price": "0.3", "size": "300"}, {"price": "0.31", "size": "14533"}, {"price": "0.32", "size": "15688"}, {"price": "0.33", "size": "33899"}, {"price": "0.34", "size": "19654"}, {"price": "0.35", "size": "4883.93"}], "asks": [{"price": "0.99", "size": "2789.96"}, {"price": "0.98", "size": "2100"}, {"price": "0.97", "size": "10.41"}, {"price": "0.95", "size": "20"}, {"price": "0.93", "size": "1700"}, {"price": "0.9", "size": "800"}, {"price": "0.89", "size": "5.34"}, {"price": "0.8", "size": "400"}, {"price": "0.73", "size": "200"}, {"price": "0.66", "size": "100"}, {"price": "0.5", "size": "35"}, {"price": "0.44", "size": "150"}, {"price": "0.43", "size": "200"}, {"price": "0.42", "size": "50"}, {"price": "0.4", "size": "70"}, {"price": "0.39", "size": "62"}, {"price": "0.38", "size": "142"}, {"price": "0.37", "size": "11692.49"}, {"price": "0.36", "size": "20337.31"}], "event_type": "book", "last_trade_price": "0.640"}, {"market": "0x430aab94313e8455c1f733d721e644ece2ff011f9361e40792e0ef0078f1db7f", "asset_id": "37560777106562476203921852514162124504473992802704816748679251849099198183778", "timestamp": "1769383858462", "hash": "574b846fef5226e11275f555798cdf51864cc2a6", "bids": [{"price": "0.01", "size": "1085.1"}, {"price": "0.02", "size": "47.44"}, {"price": "0.2", "size": "200"}, {"price": "0.27", "size": "200"}, {"price": "0.59", "size": "10000"}, {"price": "0.61", "size": "10000"}], "asks": [{"price": "0.99", "size": "1080"}, {"price": "0.98", "size": "50"}, {"price": "0.71", "size": "10000"}, {"price": "0.69", "size": "10000"}], "event_type": "book", "last_trade_price": ""}, {"market": "0x23d78e552ce471bd8023e53b85bb0eba8d379ed35e8f1b70fbdbf1665f740b45", "asset_id": "66915594789967838607151324918562992863882459697767761737579063950722083587758", "timestamp": "1769384055636", "hash": "5c3d7bb1744d705f1989c9913c5aa4218b6fe8a7", "bids": [{"price": "0.01", "size": "1136.79"}, {"price": "0.02", "size": "47.35"}, {"price": "0.2", "size": "200"}, {"price": "0.5", "size": "10000"}], "asks": [{"price": "0.99", "size": "1136.89"}, {"price": "0.98", "size": "47.3"}, {"price": "0.55", "size": "5000"}, {"price": "0.54", "size": "10020"}], "event_type": "book", "last_trade_price": ""}, {"market": "0x328130f0da1f2c17aac372d21fe4c70578148b75a0e7fd5cb9d447a3ab0abcca", "asset_id": "30857296026074536312265576593963624541093088013639808793889303170254514526472", "timestamp": "1769382697889", "hash": "556cdefca694c0ad0e837a801e781e250ca7754a", "bids": [{"price": "0.01", "size": "1185.78"}, {"price": "0.02", "size": "47.1"}, {"price": "0.15", "size": "10"}, {"price": "0.36", "size": "3000"}], "asks": [{"price": "0.99", "size": "192.39"}, {"price": "0.98", "size": "43.8"}, {"price": "0.94", "size": "5.47"}, {"price": "0.93", "size": "5.47"}], "event_type": "book", "last_trade_price": ""}, {"market": "0x69c21de45081ceb2599dabad7f481aaacc0e7f3b22d55ea0667cd26cb7cbaa5d", "asset_id": "95833687944204395178644553938557402901807372021065005817737904173376861684535", "timestamp": "1769382279543", "hash": "5283cd30a77804390e2f2f94e449563ec9a0a5f2", "bids": [{"price": "0.01", "size": "1185.78"}, {"price": "0.02", "size": "47.11"}, {"price": "0.15", "size": "10"}, {"price": "0.3", "size": "500"}, {"price": "0.34", "size": "1000"}, {"price": "0.35", "size": "80"}, {"price": "0.36", "size": "3000"}], "asks": [{"price": "0.99", "size": "185.48"}, {"price": "0.98", "size": "47.25"}, {"price": "0.57", "size": "50"}], "event_type": "book", "last_trade_price": "0.530"}, {"market": "0x23d78e552ce471bd8023e53b85bb0eba8d379ed35e8f1b70fbdbf1665f740b45", "asset_id": "46018653459074182322336622707504864205815553648701542511774269745333148626006", "timestamp": "1769384055636", "hash": "667630122b86ac074231ebc18efb15fa43210094", "bids": [{"price": "0.01", "size": "1136.89"}, {"price": "0.02", "size": "47.3"}, {"price": "0.45", "size": "5000"}, {"price": "0.46", "size": "10020"}], "asks": [{"price": "0.99", "size": "1136.79"}, {"price": "0.98", "size": "47.35"}, {"price": "0.8", "size": "200"}, {"price": "0.5", "size": "10000"}], "event_type": "book", "last_trade_price": ""}]}
{"_local_timestamp": "2026-01-25T23:35:06.698785+00:00", "data": {"market": "0x23d78e552ce471bd8023e53b85bb0eba8d379ed35e8f1b70fbdbf1665f740b45", "price_changes": [{"asset_id": "66915594789967838607151324918562992863882459697767761737579063950722083587758", "price": "0.52", "size": "275.88", "side": "BUY", "hash": "a0b4808ccab65bb7c70194991a6955df3dadb45a", "best_bid": "0.52", "best_ask": "0.54"}, {"asset_id": "46018653459074182322336622707504864205815553648701542511774269745333148626006", "price": "0.48", "size": "275.88", "side": "SELL", "hash": "d7b0cec7f246918319d5d2274385195c91e8f72c", "best_bid": "0.46", "best_ask": "0.48"}], "timestamp": "1769384106631", "event_type": "price_change"}}
{"_local_timestamp": "2026-01-25T23:35:15.870575+00:00", "data": {"market": "0x23d78e552ce471bd8023e53b85bb0eba8d379ed35e8f1b70fbdbf1665f740b45", "price_changes": [{"asset_id": "66915594789967838607151324918562992863882459697767761737579063950722083587758", "price": "0.52", "size": "0", "side": "BUY", "hash": "cb3a33875daf162ab7d39f92287697fd1315aff4", "best_bid": "0.5", "best_ask": "0.54"}, {"asset_id": "46018653459074182322336622707504864205815553648701542511774269745333148626006", "price": "0.48", "size": "0", "side": "SELL", "hash": "6abd8b2149368956210249d24aea59327fd0b9fa", "best_bid": "0.46", "best_ask": "0.5"}], "timestamp": "1769384115797", "event_type": "price_change"}}
{"_local_timestamp": "2026-01-25T23:36:07.261723+00:00", "data": {"market": "0x23d78e552ce471bd8023e53b85bb0eba8d379ed35e8f1b70fbdbf1665f740b45", "price_changes": [{"asset_id": "66915594789967838607151324918562992863882459697767761737579063950722083587758", "price": "0.52", "size": "275.88", "side": "BUY", "hash": "51efb48f2806899fac4ae43e315d321645c9aa5e", "best_bid": "0.52", "best_ask": "0.54"}, {"asset_id": "46018653459074182322336622707504864205815553648701542511774269745333148626006", "price": "0.48", "size": "275.88", "side": "SELL", "hash": "5034b06cce0c8860651c4a0d36dd3a0a7a1aca78", "best_bid": "0.46", "best_ask": "0.48"}], "timestamp": "1769384167184", "event_type": "price_change"}}
{"_local_timestamp": "2026-01-25T23:36:16.331133+00:00", "data": {"market": "0x23d78e552ce471bd8023e53b85bb0eba8d379ed35e8f1b70fbdbf1665f740b45", "price_changes": [{"asset_id": "66915594789967838607151324918562992863882459697767761737579063950722083587758", "price": "0.52", "size": "0", "side": "BUY", "hash": "5c1e74ac459285ae02180ea2514e271641ffeaf1", "best_bid": "0.5", "best_ask": "0.54"}, {"asset_id": "46018653459074182322336622707504864205815553648701542511774269745333148626006", "price": "0.48", "size": "0", "side": "SELL", "hash": "8657e22aa4f7189b87d624d64294efd385a24b8e", "best_bid": "0.46", "best_ask": "0.5"}], "timestamp": "1769384176249", "event_type": "price_change"}}
{"_local_timestamp": "2026-01-25T23:36:41.090568+00:00", "data": {"market": "0x23d78e552ce471bd8023e53b85bb0eba8d379ed35e8f1b70fbdbf1665f740b45", "price_changes": [{"asset_id": "66915594789967838607151324918562992863882459697767761737579063950722083587758", "price": "0.53", "size": "8", "side": "BUY", "hash": "b4408b8bea3a87cde9b034191a74417b33939fce", "best_bid": "0.53", "best_ask": "0.54"}, {"asset_id": "46018653459074182322336622707504864205815553648701542511774269745333148626006", "price": "0.47", "size": "8", "side": "SELL", "hash": "153a6739474a67a22fad04af791f7b4a1ffec082", "best_bid": "0.46", "best_ask": "0.47"}], "timestamp": "1769384201003", "event_type": "price_change"}}
{"_local_timestamp": "2026-01-25T23:36:43.634075+00:00", "data": {"market": "0x23d78e552ce471bd8023e53b85bb0eba8d379ed35e8f1b70fbdbf1665f740b45", "price_changes": [{"asset_id": "66915594789967838607151324918562992863882459697767761737579063950722083587758", "price": "0.53", "size": "0", "side": "BUY", "hash": "24e81be777576102da8b170b85ec95f3af5a5eb9", "best_bid": "0.5", "best_ask": "0.54"}, {"asset_id": "46018653459074182322336622707504864205815553648701542511774269745333148626006", "price": "0.47", "size": "0", "side": "SELL", "hash": "2f9750c3bc8299b54f515ab1e12a711c340008c9", "best_bid": "0.46", "best_ask": "0.5"}], "timestamp": "1769384203557", "event_type": "price_change"}}
{"_local_timestamp": "2026-01-25T23:36:43.634534+00:00", "data": {"market": "0x23d78e552ce471bd8023e53b85bb0eba8d379ed35e8f1b70fbdbf1665f740b45", "asset_id": "46018653459074182322336622707504864205815553648701542511774269745333148626006", "bids": [{"price": "0.01", "size": "1136.89"}, {"price": "0.02", "size": "47.3"}, {"price": "0.45", "size": "5000"}, {"price": "0.46", "size": "10020"}], "asks": [{"price": "0.99", "size": "1136.79"}, {"price": "0.98", "size": "47.35"}, {"price": "0.8", "size": "200"}, {"price": "0.5", "size": "10000"}], "hash": "2f9750c3bc8299b54f515ab1e12a711c340008c9", "timestamp": "1769384203557", "event_type": "book"}}
{"_local_timestamp": "2026-01-25T23:36:43.634891+00:00", "data": {"market": "0x23d78e552ce471bd8023e53b85bb0eba8d379ed35e8f1b70fbdbf1665f740b45", "asset_id": "66915594789967838607151324918562992863882459697767761737579063950722083587758", "bids": [{"price": "0.01", "size": "1136.79"}, {"price": "0.02", "size": "47.35"}, {"price": "0.2", "size": "200"}, {"price": "0.5", "size": "10000"}], "asks": [{"price": "0.99", "size": "1136.89"}, {"price": "0.98", "size": "47.3"}, {"price": "0.55", "size": "5000"}, {"price": "0.54", "size": "10020"}], "hash": "24e81be777576102da8b170b85ec95f3af5a5eb9", "timestamp": "1769384203557", "event_type": "book"}}
{"_local_timestamp": "2026-01-25T23:36:43.666877+00:00", "data": {"market": "0x23d78e552ce471bd8023e53b85bb0eba8d379ed35e8f1b70fbdbf1665f740b45", "asset_id": "46018653459074182322336622707504864205815553648701542511774269745333148626006", "price": "0.47", "size": "8", "fee_rate_bps": "0", "side": "BUY", "timestamp": "1769384203586", "event_type": "last_trade_price", "transaction_hash": "0x2c583d700c588d7b12c016b0567da78b9da49ac3164a7f8190be5be72fb34b27"}}
{"_local_timestamp": "2026-01-25T23:37:08.034098+00:00", "data": {"market": "0x23d78e552ce471bd8023e53b85bb0eba8d379ed35e8f1b70fbdbf1665f740b45", "price_changes": [{"asset_id": "66915594789967838607151324918562992863882459697767761737579063950722083587758", "price": "0.52", "size": "275.88", "side": "BUY", "hash": "627d0fce40c40b37174f1784048e26e1903e8072", "best_bid": "0.52", "best_ask": "0.54"}, {"asset_id": "46018653459074182322336622707504864205815553648701542511774269745333148626006", "price": "0.48", "size": "275.88", "side": "SELL", "hash": "983747e5bc42cae1f77aecb249e2e37b65df5ba9", "best_bid": "0.46", "best_ask": "0.48"}], "timestamp": "1769384227955", "event_type": "price_change"}}
{"_local_timestamp": "2026-01-25T23:37:16.303704+00:00", "data": {"market": "0x23d78e552ce471bd8023e53b85bb0eba8d379ed35e8f1b70fbdbf1665f740b45", "price_changes": [{"asset_id": "66915594789967838607151324918562992863882459697767761737579063950722083587758", "price": "0.52", "size": "0", "side": "BUY", "hash": "da3251685c715aabadb681a9af727f1313fa5401", "best_bid": "0.5", "best_ask": "0.54"}, {"asset_id": "46018653459074182322336622707504864205815553648701542511774269745333148626006", "price": "0.48", "size": "0", "side": "SELL", "hash": "6564038efc79a8e571fde9450d0774b7debf5250", "best_bid": "0.46", "best_ask": "0.5"}], "timestamp": "1769384236227", "event_type": "price_change"}}
{"_local_timestamp": "2026-01-25T23:37:33.844235+00:00", "data": {"market": "0x430aab94313e8455c1f733d721e644ece2ff011f9361e40792e0ef0078f1db7f", "price_changes": [{"asset_id": "95430313138053455452669233555625407095764588616214506709885886231580096928546", "price": "0.02", "size": "0", "side": "BUY", "hash": "d4cd4d785c24dd4905acb1d889355894a279dbda", "best_bid": "0.31", "best_ask": "0.39"}, {"asset_id": "37560777106562476203921852514162124504473992802704816748679251849099198183778", "price": "0.98", "size": "0", "side": "SELL", "hash": "891826ec833343b6b5ec15d6f2a68b95454b0194", "best_bid": "0.61", "best_ask": "0.69"}], "timestamp": "1769384253777", "event_type": "price_change"}}
{"_local_timestamp": "2026-01-25T23:37:34.112698+00:00", "data": {"market": "0x430aab94313e8455c1f733d721e644ece2ff011f9361e40792e0ef0078f1db7f", "price_changes": [{"asset_id": "95430313138053455452669233555625407095764588616214506709885886231580096928546", "price": "0.02", "size": "50", "side": "BUY", "hash": "7ceeb5e05a6590610a12cf407067e7a366b28557", "best_bid": "0.31", "best_ask": "0.39"}, {"asset_id": "37560777106562476203921852514162124504473992802704816748679251849099198183778", "price": "0.98", "size": "50", "side": "SELL", "hash": "632ada9b63d3529a58f2a1d851799374932d6411", "best_bid": "0.61", "best_ask": "0.69"}], "timestamp": "1769384254019", "event_type": "price_change"}}
{"_local_timestamp": "2026-01-25T23:38:05.631143+00:00", "data": {"market": "0x23d78e552ce471bd8023e53b85bb0eba8d379ed35e8f1b70fbdbf1665f740b45", "price_changes": [{"asset_id": "66915594789967838607151324918562992863882459697767761737579063950722083587758", "price": "0.52", "size": "275.88", "side": "BUY", "hash": "e6f0ccaabb255a482503ed77f33f9340d3327704", "best_bid": "0.52", "best_ask": "0.54"}, {"asset_id": "46018653459074182322336622707504864205815553648701542511774269745333148626006", "price": "0.48", "size": "275.88", "side": "SELL", "hash": "c1c205c49914f07c9db0c0fdeec48404f08cc48b", "best_bid": "0.46", "best_ask": "0.48"}], "timestamp": "1769384285556", "event_type": "price_change"}}
{"_local_timestamp": "2026-01-25T23:38:14.941239+00:00", "data": {"market": "0x23d78e552ce471bd8023e53b85bb0eba8d379ed35e8f1b70fbdbf1665f740b45", "price_changes": [{"asset_id": "66915594789967838607151324918562992863882459697767761737579063950722083587758", "price": "0.52", "size": "0", "side": "BUY", "hash": "c1dac3337eb7303abcbcdf39fbcc342d9c1db884", "best_bid": "0.5", "best_ask": "0.54"}, {"asset_id": "46018653459074182322336622707504864205815553648701542511774269745333148626006", "price": "0.48", "size": "0", "side": "SELL", "hash": "0e3b99f4a566799976514ffe125726861686d448", "best_bid": "0.46", "best_ask": "0.5"}], "timestamp": "1769384294870", "event_type": "price_change"}}
{"_local_timestamp": "2026-01-25T23:39:02.119184+00:00", "data": {"market": "0x001c353c244069dd4cec7256cffa9fc72b8b2a2bd81e11f314915952383b797c", "price_changes": [{"asset_id": "98867440143782499399674888810263190696616181738650068135963226850224142943896", "price": "0.35", "size": "4865.93", "side": "BUY", "hash": "1dc7d139da4352470a5e679a139348be30f19651", "best_bid": "0.35", "best_ask": "0.36"}, {"asset_id": "4589173697576215557807730046205275848276913777924790840802497320319533822442", "price": "0.65", "size": "4865.93", "side": "SELL", "hash": "7622d68ad4a7db5fa7228851ca0cfad53c5994b2", "best_bid": "0.64", "best_ask": "0.65"}], "timestamp": "1769384342030", "event_type": "price_change"}}
{"_local_timestamp": "2026-01-25T23:39:02.119906+00:00", "data": {"market": "0x001c353c244069dd4cec7256cffa9fc72b8b2a2bd81e11f314915952383b797c", "price_changes": [{"asset_id": "98867440143782499399674888810263190696616181738650068135963226850224142943896", "price": "0.34", "size": "19630", "side": "BUY", "hash": "1dc7d139da4352470a5e679a139348be30f19651", "best_bid": "0.35", "best_ask": "0.36"}, {"asset_id": "4589173697576215557807730046205275848276913777924790840802497320319533822442", "price": "0.66", "size": "19630", "side": "SELL", "hash": "7622d68ad4a7db5fa7228851ca0cfad53c5994b2", "best_bid": "0.64", "best_ask": "0.65"}], "timestamp": "1769384342030", "event_type": "price_change"}}
{"_local_timestamp": "2026-01-25T23:39:02.120558+00:00", "data": {"market": "0x001c353c244069dd4cec7256cffa9fc72b8b2a2bd81e11f314915952383b797c", "price_changes": [{"asset_id": "4589173697576215557807730046205275848276913777924790840802497320319533822442", "price": "0.58", "size": "0", "side": "BUY", "hash": "5947fa335b9b827fa6727665dd07a4b76ab83d87", "best_bid": "0.64", "best_ask": "0.65"}, {"asset_id": "98867440143782499399674888810263190696616181738650068135963226850224142943896", "price": "0.42", "size": "0", "side": "SELL", "hash": "8ec7d325052fee62c642494b0919890f9e87866c", "best_bid": "0.35", "best_ask": "0.36"}], "timestamp": "1769384342030", "event_type": "price_change"}}
{"_local_timestamp": "2026-01-25T23:39:02.120903+00:00", "data": {"market": "0x001c353c244069dd4cec7256cffa9fc72b8b2a2bd81e11f314915952383b797c", "price_changes": [{"asset_id": "4589173697576215557807730046205275848276913777924790840802497320319533822442", "price": "0.5", "size": "83", "side": "BUY", "hash": "4d4f81b880803af8d9b8faf7e5c00fbc5e483580", "best_bid": "0.64", "best_ask": "0.65"}, {"asset_id": "98867440143782499399674888810263190696616181738650068135963226850224142943896", "price": "0.5", "size": "83", "side": "SELL", "hash": "5686fe7f96a07b561440a03690ae8c78eaa77543", "best_bid": "0.35", "best_ask": "0.36"}], "timestamp": "1769384342032", "event_type": "price_change"}}
{"_local_timestamp": "2026-01-25T23:39:02.121244+00:00", "data": {"market": "0x001c353c244069dd4cec7256cffa9fc72b8b2a2bd81e11f314915952383b797c", "price_changes": [{"asset_id": "98867440143782499399674888810263190696616181738650068135963226850224142943896", "price": "0.33", "size": "33917", "side": "BUY", "hash": "f3d4bc0997109261ef4eb0c5967c23e0f9da6ef7", "best_bid": "0.35", "best_ask": "0.36"}, {"asset_id": "4589173697576215557807730046205275848276913777924790840802497320319533822442", "price": "0.67", "size": "33917", "side": "SELL", "hash": "96f7dcfdebaae39c04c0e52db98d76511f884359", "best_bid": "0.64", "best_ask": "0.65"}], "timestamp": "1769384342033", "event_type": "price_change"}}
{"_local_timestamp": "2026-01-25T23:39:04.116814+00:00", "data": {"market": "0x001c353c244069dd4cec7256cffa9fc72b8b2a2bd81e11f314915952383b797c", "price_changes": [{"asset_id": "4589173697576215557807730046205275848276913777924790840802497320319533822442", "price": "0.63", "size": "11722.49", "side": "BUY", "hash": "e6a40228c09ee59f5d9ff18bb22e0c4760c8aa7f", "best_bid": "0.64", "best_ask": "0.65"}, {"asset_id": "98867440143782499399674888810263190696616181738650068135963226850224142943896", "price": "0.37", "size": "11722.49", "side": "SELL", "hash": "5dd7a05edc4ed211ba9a888ba1c22492aacb0aa1", "best_bid": "0.35", "best_ask": "0.36"}], "timestamp": "1769384344031", "event_type": "price_change"}}
{"_local_timestamp": "2026-01-25T23:39:04.117298+00:00", "data": {"market": "0x001c353c244069dd4cec7256cffa9fc72b8b2a2bd81e11f314915952383b797c", "price_changes": [{"asset_id": "98867440143782499399674888810263190696616181738650068135963226850224142943896", "price": "0.32", "size": "15706", "side": "BUY", "hash": "4b98589ba13ad1a75f4ae9c23340d9c87a345711", "best_bid": "0.35", "best_ask": "0.36"}, {"asset_id": "4589173697576215557807730046205275848276913777924790840802497320319533822442", "price": "0.68", "size": "15706", "side": "SELL", "hash": "516a55bc057b29183ed527c3a471528ed75399e4", "best_bid": "0.64", "best_ask": "0.65"}], "timestamp": "1769384344031", "event_type": "price_change"}}
{"_local_timestamp": "2026-01-25T23:39:04.117853+00:00", "data": {"market": "0x001c353c244069dd4cec7256cffa9fc72b8b2a2bd81e11f314915952383b797c", "price_changes": [{"asset_id": "4589173697576215557807730046205275848276913777924790840802497320319533822442", "price": "0.6", "size": "40", "side": "BUY", "hash": "fe998e61beafce78656e516c8eefe270530c150b", "best_bid": "0.64", "best_ask": "0.65"}, {"asset_id": "98867440143782499399674888810263190696616181738650068135963226850224142943896", "price": "0.4", "size": "40", "side": "SELL", "hash": "f8d23a6c42625d4970fa634dc78729528eb22732", "best_bid": "0.35", "best_ask": "0.36"}], "timestamp": "1769384344032", "event_type": "price_change"}}
{"_local_timestamp": "2026-01-25T23:39:04.135024+00:00", "data": {"market": "0x001c353c244069dd4cec7256cffa9fc72b8b2a2bd81e11f314915952383b797c", "price_changes": [{"asset_id": "4589173697576215557807730046205275848276913777924790840802497320319533822442", "price": "0.61", "size": "33", "side": "BUY", "hash": "fe998e61beafce78656e516c8eefe270530c150b", "best_bid": "0.64", "best_ask": "0.65"}, {"asset_id": "98867440143782499399674888810263190696616181738650068135963226850224142943896", "price": "0.39", "size": "33", "side": "SELL", "hash": "f8d23a6c42625d4970fa634dc78729528eb22732", "best_bid": "0.35", "best_ask": "0.36"}], "timestamp": "1769384344032", "event_type": "price_change"}}
{"_local_timestamp": "2026-01-25T23:39:04.135445+00:00", "data": {"market": "0x001c353c244069dd4cec7256cffa9fc72b8b2a2bd81e11f314915952383b797c", "price_changes": [{"asset_id": "98867440143782499399674888810263190696616181738650068135963226850224142943896", "price": "0.33", "size": "33899", "side": "BUY", "hash": "09f945a3afc89045170457f42a4b60afdfae8393", "best_bid": "0.35", "best_ask": "0.36"}, {"asset_id": "4589173697576215557807730046205275848276913777924790840802497320319533822442", "price": "0.67", "size": "33899", "side": "SELL", "hash": "bbb9eca42b61b9ffc217d6881bc37a410c0086b2", "best_bid": "0.64", "best_ask": "0.65"}], "timestamp": "1769384344032", "event_type": "price_change"}}
{"_local_timestamp": "2026-01-25T23:39:06.322709+00:00", "data": {"market": "0x23d78e552ce471bd8023e53b85bb0eba8d379ed35e8f1b70fbdbf1665f740b45", "price_changes": [{"asset_id": "66915594789967838607151324918562992863882459697767761737579063950722083587758", "price": "0.52", "size": "275.88", "side": "BUY", "hash": "a632c2ab930076868ba1f5e3b0b425cfe1c6730d", "best_bid": "0.52", "best_ask": "0.54"}, {"asset_id": "46018653459074182322336622707504864205815553648701542511774269745333148626006", "price": "0.48", "size": "275.88", "side": "SELL", "hash": "104cc34f53d1b01548238fd9e5c204e77ccd7e1b", "best_bid": "0.46", "best_ask": "0.48"}], "timestamp": "1769384346234", "event_type": "price_change"}}
