{"_local_timestamp": "2026-01-25T23:41:07.890707+00:00", "data": [{"market": "0xa10b3d27570f31a72d6f3423faaaf746ad969dc49f39325425041fcb80161608", "asset_id": "67502762968645714869002345805010352311871702593328714183166200318860465838709", "timestamp": "1769384465357", "hash": "d6d60f0079199cb417c8e69ff09965fbe8a529a0", "bids": [{"price": "0.01", "size": "9882.21"}, {"price": "0.02", "size": "2100"}, {"price": "0.03", "size": "9.45"}, {"price": "0.07", "size": "1700"}, {"price": "0.08", "size": "4657.32"}, {"price": "0.09", "size": "896.94"}, {"price": "0.1", "size": "200"}, {"price": "0.2", "size": "1290.11"}, {"price": "0.21", "size": "890.11"}, {"price": "0.35", "size": "130"}, {"price": "0.5", "size": "20"}, {"price": "0.52", "size": "50"}, {"price": "0.54", "size": "100"}, {"price": "0.56", "size": "1000"}, {"price": "0.57", "size": "43"}], "asks": [{"price": "0.99", "size": "9881.72"}, {"price": "0.98", "size": "2100"}, {"price": "0.97", "size": "9.18"}, {"price": "0.93", "size": "1700"}, {"price": "0.92", "size": "4857.32"}, {"price": "0.91", "size": "106.98"}, {"price": "0.68", "size": "112"}, {"price": "0.64", "size": "1268.11"}, {"price": "0.63", "size": "890.11"}, {"price": "0.62", "size": "23"}, {"price": "0.6", "size": "740.29"}, {"price": "0.59", "size": "410.52"}], "event_type": "book", "last_trade_price": "0.430"}, {"market": "0xa10b3d27570f31a72d6f3423faaaf746ad969dc49f39325425041fcb80161608", "asset_id": "84236884021542303032638452986954039824644750541397101214796644511947794899788", "timestamp": "1769384465357", "hash": "5d15f0c80cd90fcd2805ce9a1c454c13afb015ad", "bids": [{"price": "0.01", "size": "9881.72"}, {"price": "0.02", "size": "2100"}, {"price": "0.03", "size": "9.18"}, {"price": "0.07", "size": "1700"}, {"price": "0.08", "size": "4857.32"}, {"price": "0.09", "size": "106.98"}, {"price": "0.32", "size": "112"}, {"price": "0.36", "size": "1268.11"}, {"price": "0.37", "size": "890.11"}, {"price": "0.38", "size": "23"}, {"price": "0.4", "size": "740.29"}, {"price": "0.41", "size": "410.52"}], "asks": [{"price": "0.99", "size": "9882.21"}, {"price": "0.98", "size": "2100"}, {"price": "0.97", "size": "9.45"}, {"price": "0.93", "size": "1700"}, {"price": "0.92", "size": "4657.32"}, {"price": "0.91", "size": "896.94"}, {"price": "0.9", "size": "200"}, {"price": "0.8", "size": "1290.11"}, {"price": "0.79", "size": "890.11"}, {"price": "0.65", "size": "130"}, {"price": "0.5", "size": "20"}, {"price": "0.48", "size": "50"}, {"price": "0.46", "size": "100"}, {"price": "0.44", "size": "1000"}, {"price": "0.43", "size": "43"}], "event_type": "book", "last_trade_price": "0.430"}]}
{"_local_timestamp": "2026-01-25T23:41:09.382273+00:00", "data": {"market": "0xa10b3d27570f31a72d6f3423faaaf746ad969dc49f39325425041fcb80161608", "price_changes": [{"asset_id": "67502762968645714869002345805010352311871702593328714183166200318860465838709", "price": "0.1", "size": "100", "side": "BUY", "hash": "a893128e1143906b2c593c694f417f04963c1b6e", "best_bid": "0.57", "best_ask": "0.59"}, {"asset_id": "84236884021542303032638452986954039824644750541397101214796644511947794899788", "price": "0.9", "size": "100", "side": "SELL", "hash": "8bc997efb7806bcbaec7abebdb8994ef5bf6c093", "best_bid": "0.41", "best_ask": "0.43"}], "timestamp": "1769384469302", "event_type": "price_change"}}
{"_local_timestamp": "2026-01-25T23:41:09.435039+00:00", "data": {"market": "0xa10b3d27570f31a72d6f3423faaaf746ad969dc49f39325425041fcb80161608", "price_changes": [{"asset_id": "84236884021542303032638452986954039824644750541397101214796644511947794899788", "price": "0.08", "size": "700", "side": "BUY", "hash": "6064fb9033e8467a1463041c1adbabd4b9a6521c", "best_bid": "0.41", "best_ask": "0.43"}, {"asset_id": "67502762968645714869002345805010352311871702593328714183166200318860465838709", "price": "0.92", "size": "700", "side": "SELL", "hash": "0523c9b36792c773de498cf84134027c8644cc00", "best_bid": "0.57", "best_ask": "0.59"}], "timestamp": "1769384469362", "event_type": "price_change"}}
{"_local_timestamp": "2026-01-25T23:41:09.435509+00:00", "data": {"market": "0xa10b3d27570f31a72d6f3423faaaf746ad969dc49f39325425041fcb80161608", "price_changes": [{"asset_id": "67502762968645714869002345805010352311871702593328714183166200318860465838709", "price": "0.09", "size": "6.83", "side": "BUY", "hash": "4733df9dd1f6b7dbb13f00a493d097b32c3c3e43", "best_bid": "0.57", "best_ask": "0.59"}, {"asset_id": "84236884021542303032638452986954039824644750541397101214796644511947794899788", "price": "0.91", "size": "6.83", "side": "SELL", "hash": "c70e610329939df0c872fa907c4247c2f8577243", "best_bid": "0.41", "best_ask": "0.43"}], "timestamp": "1769384469363", "event_type": "price_change"}}
{"_local_timestamp": "2026-01-25T23:41:09.447412+00:00", "data": {"market": "0xa10b3d27570f31a72d6f3423faaaf746ad969dc49f39325425041fcb80161608", "price_changes": [{"asset_id": "84236884021542303032638452986954039824644750541397101214796644511947794899788", "price": "0.09", "size": "1377.08", "side": "BUY", "hash": "43d2cb377974fee7bc4fa1b828041d29bc6b427d", "best_bid": "0.41", "best_ask": "0.43"}, {"asset_id": "67502762968645714869002345805010352311871702593328714183166200318860465838709", "price": "0.91", "size": "1377.08", "side": "SELL", "hash": "66afcd1566ef337b2d05713295a8a58d265ff421", "best_bid": "0.57", "best_ask": "0.59"}], "timestamp": "1769384469366", "event_type": "price_change"}}
{"_local_timestamp": "2026-01-25T23:41:09.447775+00:00", "data": {"market": "0xa10b3d27570f31a72d6f3423faaaf746ad969dc49f39325425041fcb80161608", "price_changes": [{"asset_id": "84236884021542303032638452986954039824644750541397101214796644511947794899788", "price": "0.09", "size": "2267.19", "side": "BUY", "hash": "98f0e154cbf399af0a4ea1cd4f3122bf28d258e9", "best_bid": "0.41", "best_ask": "0.43"}, {"asset_id": "67502762968645714869002345805010352311871702593328714183166200318860465838709", "price": "0.91", "size": "2267.19", "side": "SELL", "hash": "e77a23cdd77d968ca86963911cf48edca176cd80", "best_bid": "0.57", "best_ask": "0.59"}], "timestamp": "1769384469367", "event_type": "price_change"}}
{"_local_timestamp": "2026-01-25T23:41:09.448045+00:00", "data": {"market": "0xa10b3d27570f31a72d6f3423faaaf746ad969dc49f39325425041fcb80161608", "price_changes": [{"asset_id": "84236884021542303032638452986954039824644750541397101214796644511947794899788", "price": "0.09", "size": "4264.3", "side": "BUY", "hash": "112c96adc533a751a9039a8b6eb44e4eda328758", "best_bid": "0.41", "best_ask": "0.43"}, {"asset_id": "67502762968645714869002345805010352311871702593328714183166200318860465838709", "price": "0.91", "size": "4264.3", "side": "SELL", "hash": "1ec72a0adddef86a367142c3a6cb98d4108acb23", "best_bid": "0.57", "best_ask": "0.59"}], "timestamp": "1769384469368", "event_type": "price_change"}}
{"_local_timestamp": "2026-01-25T23:41:09.691592+00:00", "data": {"market": "0xa10b3d27570f31a72d6f3423faaaf746ad969dc49f39325425041fcb80161608", "price_changes": [{"asset_id": "67502762968645714869002345805010352311871702593328714183166200318860465838709", "price": "0.08", "size": "4757.32", "side": "BUY", "hash": "9bc6aed16ae16860dec6e4796cbd9e3c9fe29d29", "best_bid": "0.57", "best_ask": "0.59"}, {"asset_id": "84236884021542303032638452986954039824644750541397101214796644511947794899788", "price": "0.92", "size": "4757.32", "side": "SELL", "hash": "694ed01fea6fecd4aec0789b210ef23251e2b215", "best_bid": "0.41", "best_ask": "0.43"}], "timestamp": "1769384469599", "event_type": "price_change"}}
{"_local_timestamp": "2026-01-25T23:41:11.741648+00:00", "data": {"market": "0xa10b3d27570f31a72d6f3423faaaf746ad969dc49f39325425041fcb80161608", "price_changes": [{"asset_id": "67502762968645714869002345805010352311871702593328714183166200318860465838709", "price": "0.1", "size": "0", "side": "BUY", "hash": "0e218aed9d95e2c4fa95e3d1ed84a90df2c8aa3d", "best_bid": "0.57", "best_ask": "0.59"}, {"asset_id": "84236884021542303032638452986954039824644750541397101214796644511947794899788", "price": "0.9", "size": "0", "side": "SELL", "hash": "dfc1a1711fe028b4ae365e0e623c148cc74ca499", "best_bid": "0.41", "best_ask": "0.43"}], "timestamp": "1769384471657", "event_type": "price_change"}}
{"_local_timestamp": "2026-01-25T23:41:12.052722+00:00", "data": {"market": "0xa10b3d27570f31a72d6f3423faaaf746ad969dc49f39325425041fcb80161608", "price_changes": [{"asset_id": "67502762968645714869002345805010352311871702593328714183166200318860465838709", "price": "0.08", "size": "4857.32", "side": "BUY", "hash": "0d098e59fdae28771e25db4de5e335e707f37bf3", "best_bid": "0.57", "best_ask": "0.59"}, {"asset_id": "84236884021542303032638452986954039824644750541397101214796644511947794899788", "price": "0.92", "size": "4857.32", "side": "SELL", "hash": "4d6a97986b915a2db05865db9f3af971327470f3", "best_bid": "0.41", "best_ask": "0.43"}], "timestamp": "1769384471944", "event_type": "price_change"}}
