{"_local_timestamp": "2026-01-25T23:34:17.531985+00:00", "data": [{"market": "0xfaba55442a17a201a46f7ac19fd9394364f04959cdebfa420bc0c5ab2da00f59", "asset_id": "76829378806632943504106553503686063944439990588195206882350689917773385019771", "timestamp": "1769384047138", "hash": "2a66f381fd6526a601c7d7fbb01ba1008fa3ccf5", "bids": [{"price": "0.01", "size": "8888.99"}, {"price": "0.02", "size": "2100"}, {"price": "0.03", "size": "9.24"}, {"price": "0.07", "size": "1700"}, {"price": "0.08", "size": "600"}, {"price": "0.09", "size": "4164.25"}, {"price": "0.11", "size": "100"}, {"price": "0.15", "size": "250"}, {"price": "0.2", "size": "400"}, {"price": "0.32", "size": "300"}, {"price": "0.36", "size": "200"}, {"price": "0.39", "size": "125"}, {"price": "0.42", "size": "75"}, {"price": "0.5", "size": "10"}, {"price": "0.51", "size": "1090.11"}, {"price": "0.52", "size": "890.11"}, {"price": "0.58", "size": "100"}, {"price": "0.64", "size": "10"}, {"price": "0.65", "size": "147"}], "asks": [{"price": "0.99", "size": "4442.84"}, {"price": "0.98", "size": "19.96"}, {"price": "0.94", "size": "500"}, {"price": "0.93", "size": "1090.11"}, {"price": "0.92", "size": "890.11"}, {"price": "0.91", "size": "6.06"}, {"price": "0.87", "size": "310"}, {"price": "0.82", "size": "150"}, {"price": "0.81", "size": "10"}], "event_type": "book", "last_trade_price": "0.610"}, {"market": "0x1d6d4f714e1be97bfd2a112c13ced647780bd0829b3e545910c1091757b18c81", "asset_id": "94751106162810758469635598299477140880810029265761105387257884537048035917975", "timestamp": "1769383972889", "hash": "392810b7efd9ae333548a52b958b06ea6c7e4692", "bids": [{"price": "0.01", "size": "11347.92"}, {"price": "0.02", "size": "260.17"}, {"price": "0.03", "size": "52.57"}], "asks": [{"price": "0.99", "size": "11341.33"}, {"price": "0.98", "size": "42.6"}, {"price": "0.94", "size": "250"}, {"price": "0.93", "size": "5.47"}], "event_type": "book", "last_trade_price": ""}, {"market": "0xc1977bee61f67d9d6cea3f7b16d094896bdb1faefa0f9df9ea0a067daab48981", "asset_id": "9107106424097962766712091054809455692614685520938052843170925105261136451803", "timestamp": "1769383981299", "hash": "8a020cb7d39a7e15611bc2ca71bca612a5f8e4c3", "bids": [{"price": "0.01", "size": "11300.08"}, {"price": "0.02", "size": "1050.59"}, {"price": "0.03", "size": "81.65"}, {"price": "0.04", "size": "39.24"}], "asks": [{"price": "0.99", "size": "10402.72"}, {"price": "0.98", "size": "157.03"}, {"price": "0.97", "size": "23.71"}, {"price": "0.94", "size": "1140.11"}, {"price": "0.93", "size": "895.58"}], "event_type": "book", "last_trade_price": ""}, {"market": "0xfaba55442a17a201a46f7ac19fd9394364f04959cdebfa420bc0c5ab2da00f59", "asset_id": "103206131584345534219777803662235735845312981950233075829729747631018349006817", "timestamp": "1769384047138", "hash": "c2115eed305909a134a348aa79c4622e5950c62d", "bids": [{"price": "0.01", "size": "4442.84"}, {"price": "0.02", "size": "19.96"}, {"price": "0.06", "size": "500"}, {"price": "0.07", "size": "1090.11"}, {"price": "0.08", "size": "890.11"}, {"price": "0.09", "size": "6.06"}, {"price": "0.13", "size": "310"}, {"price": "0.18", "size": "150"}, {"price": "0.19", "size": "10"}], "asks": [{"price": "0.99", "size": "8888.99"}, {"price": "0.98", "size": "2100"}, {"price": "0.97", "size": "9.24"}, {"price": "0.93", "size": "1700"}, {"price": "0.92", "size": "600"}, {"price": "0.91", "size": "4164.25"}, {"price": "0.89", "size": "100"}, {"price": "0.85", "size": "250"}, {"price": "0.8", "size": "400"}, {"price": "0.68", "size": "300"}, {"price": "0.64", "size": "200"}, {"price": "0.61", "size": "125"}, {"price": "0.58", "size": "75"}, {"price": "0.5", "size": "10"}, {"price": "0.49", "size": "1090.11"}, {"price": "0.48", "size": "890.11"}, {"price": "0.42", "size": "100"}, {"price": "0.36", "size": "10"}, {"price": "0.35", "size": "147"}], "event_type": "book", "last_trade_price": "0.610"}, {"market": "0x14a59fd43a48ef0bb90a5f63a6940fb6a62acf00f14710407cb340a6e555e427", "asset_id": "32309374624748192362666880759096858495442910952630564264751928146985382753863", "timestamp": "1769383875002", "hash": "c3afa3063769e19bba9f701b617c979bb65f2166", "bids": [{"price": "0.01", "size": "202.09"}, {"price": "0.02", "size": "160.48"}, {"price": "0.03", "size": "94.65"}, {"price": "0.04", "size": "9.25"}, {"price": "0.05", "size": "5.47"}], "asks": [{"price": "0.99", "size": "202.04"}, {"price": "0.98", "size": "217.48"}, {"price": "0.97", "size": "18.99"}, {"price": "0.96", "size": "29.99"}], "event_type": "book", "last_trade_price": ""}, {"market": "0x14a59fd43a48ef0bb90a5f63a6940fb6a62acf00f14710407cb340a6e555e427", "asset_id": "33860025332294261066339194986447657969774333993404072754488955408971762620870", "timestamp": "1769383875002", "hash": "7ccf8cd30697799ff07533445f6f6acd165e6286", "bids": [{"price": "0.01", "size": "202.04"}, {"price": "0.02", "size": "217.48"}, {"price": "0.03", "size": "18.99"}, {"price": "0.04", "size": "29.99"}], "asks": [{"price": "0.99", "size": "202.09"}, {"price": "0.98", "size": "160.48"}, {"price": "0.97", "size": "94.65"}, {"price": "0.96", "size": "9.25"}, {"price": "0.95", "size": "5.47"}], "event_type": "book", "last_trade_price": ""}, {"market": "0x1d6d4f714e1be97bfd2a112c13ced647780bd0829b3e545910c1091757b18c81", "asset_id": "33666667036043018404210254603112951549362289355609395556964374214631339766666", "timestamp": "1769383972889", "hash": "7db0dff9bbc5f18acb42c73c3ac0ff645565ac26", "bids": [{"price": "0.01", "size": "11341.33"}, {"price": "0.02", "size": "42.6"}, {"price": "0.06", "size": "250"}, {"price": "0.07", "size": "5.47"}], "asks": [{"price": "0.99", "size": "11347.92"}, {"price": "0.98", "size": "260.17"}, {"price": "0.97", "size": "52.57"}], "event_type": "book", "last_trade_price": ""}, {"market": "0xcbea6c3471ea8b215444d67f846b854e3521052ca81c5da54e28c67b75e2b4af", "asset_id": "107998120458739374164579880988037485263306867024048287454086251494415567001697", "timestamp": "1769383981552", "hash": "f55265fedc6992d6908fc679f5ec93e4bbd7306e", "bids": [{"price": "0.01", "size": "10457.81"}, {"price": "0.02", "size": "1150.28"}, {"price": "0.03", "size": "942.68"}], "asks": [{"price": "0.99", "size": "10451.22"}, {"price": "0.98", "size": "42.6"}, {"price": "0.94", "size": "1140.11"}, {"price": "0.93", "size": "895.58"}], "event_type": "book", "last_trade_price": ""}, {"market": "0xcbea6c3471ea8b215444d67f846b854e3521052ca81c5da54e28c67b75e2b4af", "asset_id": "33099871202932815813672406852650911685480454775588544697727678676727391722745", "timestamp": "1769383981552", "hash": "6928c6f9e66e82e2071f4334826dabf91652af23", "bids": [{"price": "0.01", "size": "10451.22"}, {"price": "0.02", "size": "42.6"}, {"price": "0.06", "size": "1140.11"}, {"price": "0.07", "size": "895.58"}], "asks": [{"price": "0.99", "size": "10457.81"}, {"price": "0.98", "size": "1150.28"}, {"price": "0.97", "size": "942.68"}], "event_type": "book", "last_trade_price": ""}, {"market": "0xc1977bee61f67d9d6cea3f7b16d094896bdb1faefa0f9df9ea0a067daab48981", "asset_id": "78110974122162464943361433845382554746323675076814300820011415551303694081660", "timestamp": "1769383981299", "hash": "a83e895882be1f79abe76ae168c18c8aa03b7e3e", "bids": [{"price": "0.01", "size": "10402.72"}, {"price": "0.02", "size": "157.03"}, {"price": "0.03", "size": "23.71"}, {"price": "0.06", "size": "1140.11"}, {"price": "0.07", "size": "895.58"}], "asks": [{"price": "0.99", "size": "11300.08"}, {"price": "0.98", "size": "1050.59"}, {"price": "0.97", "size": "81.65"}, {"price": "0.96", "size": "39.24"}], "event_type": "book", "last_trade_price": ""}]}
{"_local_timestamp": "2026-01-25T23:34:29.294671+00:00", "data": {"market": "0xfaba55442a17a201a46f7ac19fd9394364f04959cdebfa420bc0c5ab2da00f59", "price_changes": [{"asset_id": "76829378806632943504106553503686063944439990588195206882350689917773385019771", "price": "0.08", "size": "500", "side": "BUY", "hash": "307ad42a288d894cbb51f614b0a23b1964da1478", "best_bid": "0.65", "best_ask": "0.81"}, {"asset_id": "103206131584345534219777803662235735845312981950233075829729747631018349006817", "price": "0.92", "size": "500", "side": "SELL", "hash": "e5cff6b7dba4f8bec8039a6c302340d4b6437a61", "best_bid": "0.19", "best_ask": "0.35"}], "timestamp": "1769384069218", "event_type": "price_change"}}
{"_local_timestamp": "2026-01-25T23:34:29.328109+00:00", "data": {"market": "0xfaba55442a17a201a46f7ac19fd9394364f04959cdebfa420bc0c5ab2da00f59", "price_changes": [{"asset_id": "76829378806632943504106553503686063944439990588195206882350689917773385019771", "price": "0.08", "size": "1770.1", "side": "BUY", "hash": "c9faa253cf4602fc5c4edf18b28e49d916c6a4f6", "best_bid": "0.65", "best_ask": "0.81"}, {"asset_id": "103206131584345534219777803662235735845312981950233075829729747631018349006817", "price": "0.92", "size": "1770.1", "side": "SELL", "hash": "ca7fdd3c17a0f40e27b16a5f73da29b9551685a7", "best_bid": "0.19", "best_ask": "0.35"}], "timestamp": "1769384069258", "event_type": "price_change"}}
{"_local_timestamp": "2026-01-25T23:34:29.328681+00:00", "data": {"market": "0xfaba55442a17a201a46f7ac19fd9394364f04959cdebfa420bc0c5ab2da00f59", "price_changes": [{"asset_id": "76829378806632943504106553503686063944439990588195206882350689917773385019771", "price": "0.08", "size": "3767.21", "side": "BUY", "hash": "828de879995833e8d781bc8ba94b1e715f286009", "best_bid": "0.65", "best_ask": "0.81"}, {"asset_id": "103206131584345534219777803662235735845312981950233075829729747631018349006817", "price": "0.92", "size": "3767.21", "side": "SELL", "hash": "94826b7401799cdcb47f89805d827fb0218dd850", "best_bid": "0.19", "best_ask": "0.35"}], "timestamp": "1769384069259", "event_type": "price_change"}}
{"_local_timestamp": "2026-01-25T23:34:29.329054+00:00", "data": {"market": "0xfaba55442a17a201a46f7ac19fd9394364f04959cdebfa420bc0c5ab2da00f59", "price_changes": [{"asset_id": "76829378806632943504106553503686063944439990588195206882350689917773385019771", "price": "0.08", "size": "4657.32", "side": "BUY", "hash": "e432723b13ca9083ba541e05f491f7164703076d", "best_bid": "0.65", "best_ask": "0.81"}, {"asset_id": "103206131584345534219777803662235735845312981950233075829729747631018349006817", "price": "0.92", "size": "4657.32", "side": "SELL", "hash": "a386488f355aded8cdde7ef097f440176594cc48", "best_bid": "0.19", "best_ask": "0.35"}], "timestamp": "1769384069260", "event_type": "price_change"}}
{"_local_timestamp": "2026-01-25T23:34:29.555867+00:00", "data": {"market": "0xfaba55442a17a201a46f7ac19fd9394364f04959cdebfa420bc0c5ab2da00f59", "price_changes": [{"asset_id": "76829378806632943504106553503686063944439990588195206882350689917773385019771", "price": "0.09", "size": "4264.25", "side": "BUY", "hash": "7294090d5f853d3359017065c36e18e0e8ed4d52", "best_bid": "0.65", "best_ask": "0.81"}, {"asset_id": "103206131584345534219777803662235735845312981950233075829729747631018349006817", "price": "0.91", "size": "4264.25", "side": "SELL", "hash": "d04bae6e370ff09a261d0cc0197bff76a7dd7e27", "best_bid": "0.19", "best_ask": "0.35"}], "timestamp": "1769384069487", "event_type": "price_change"}}
{"_local_timestamp": "2026-01-25T23:34:29.563350+00:00", "data": {"market": "0xfaba55442a17a201a46f7ac19fd9394364f04959cdebfa420bc0c5ab2da00f59", "price_changes": [{"asset_id": "76829378806632943504106553503686063944439990588195206882350689917773385019771", "price": "0.09", "size": "10263.36", "side": "BUY", "hash": "0b2a9c031e451696057a26374c549e5fe0d46b6f", "best_bid": "0.65", "best_ask": "0.81"}, {"asset_id": "103206131584345534219777803662235735845312981950233075829729747631018349006817", "price": "0.91", "size": "10263.36", "side": "SELL", "hash": "b246d219a433c44100a9e33f7dbe2c26c76e6dad", "best_bid": "0.19", "best_ask": "0.35"}], "timestamp": "1769384069493", "event_type": "price_change"}}
{"_local_timestamp": "2026-01-25T23:34:30.016658+00:00", "data": {"market": "0xfaba55442a17a201a46f7ac19fd9394364f04959cdebfa420bc0c5ab2da00f59", "price_changes": [{"asset_id": "76829378806632943504106553503686063944439990588195206882350689917773385019771", "price": "0.08", "size": "4257.32", "side": "BUY", "hash": "b94f1a4832e2461dacc1786d785a504c2cf48b0b", "best_bid": "0.65", "best_ask": "0.81"}, {"asset_id": "103206131584345534219777803662235735845312981950233075829729747631018349006817", "price": "0.92", "size": "4257.32", "side": "SELL", "hash": "c7fa1fe34172819ce5e34d2cd17118601eb4369f", "best_bid": "0.19", "best_ask": "0.35"}], "timestamp": "1769384069833", "event_type": "price_change"}}
{"_local_timestamp": "2026-01-25T23:34:30.275112+00:00", "data": {"market": "0xfaba55442a17a201a46f7ac19fd9394364f04959cdebfa420bc0c5ab2da00f59", "price_changes": [{"asset_id": "76829378806632943504106553503686063944439990588195206882350689917773385019771", "price": "0.09", "size": "10663.36", "side": "BUY", "hash": "15b07047b82b16e4ac0d207bcb07baed61dcc384", "best_bid": "0.65", "best_ask": "0.81"}, {"asset_id": "103206131584345534219777803662235735845312981950233075829729747631018349006817", "price": "0.91", "size": "10663.36", "side": "SELL", "hash": "c761bca50cd48d5a209765b4c3bb70ef16cb90ae", "best_bid": "0.19", "best_ask": "0.35"}], "timestamp": "1769384070110", "event_type": "price_change"}}
{"_local_timestamp": "2026-01-25T23:34:31.807121+00:00", "data": {"market": "0xfaba55442a17a201a46f7ac19fd9394364f04959cdebfa420bc0c5ab2da00f59", "price_changes": [{"asset_id": "76829378806632943504106553503686063944439990588195206882350689917773385019771", "price": "0.11", "size": "0", "side": "BUY", "hash": "007a1db36b51e599bc075608dbb2966ffdf9cc14", "best_bid": "0.65", "best_ask": "0.81"}, {"asset_id": "103206131584345534219777803662235735845312981950233075829729747631018349006817", "price": "0.89", "size": "0", "side": "SELL", "hash": "48c601eb082bcfeebb6cb6fde08c5640df631034", "best_bid": "0.19", "best_ask": "0.35"}], "timestamp": "1769384071736", "event_type": "price_change"}}
{"_local_timestamp": "2026-01-25T23:34:32.197858+00:00", "data": {"market": "0xfaba55442a17a201a46f7ac19fd9394364f04959cdebfa420bc0c5ab2da00f59", "price_changes": [{"asset_id": "76829378806632943504106553503686063944439990588195206882350689917773385019771", "price": "0.09", "size": "10763.36", "side": "BUY", "hash": "9b66db12bffedd608e19a879d1177ad44197bfb8", "best_bid": "0.65", "best_ask": "0.81"}, {"asset_id": "103206131584345534219777803662235735845312981950233075829729747631018349006817", "price": "0.91", "size": "10763.36", "side": "SELL", "hash": "dcf79f48917d3ccf59ec6601814ff062bf5c9afb", "best_bid": "0.19", "best_ask": "0.35"}], "timestamp": "1769384072088", "event_type": "price_change"}}
{"_local_timestamp": "2026-01-25T23:34:32.315526+00:00", "data": {"market": "0xfaba55442a17a201a46f7ac19fd9394364f04959cdebfa420bc0c5ab2da00f59", "price_changes": [{"asset_id": "76829378806632943504106553503686063944439990588195206882350689917773385019771", "price": "0.09", "size": "606.93", "side": "BUY", "hash": "a0308fcbe4bb999828b415af9df0afabef18cb96", "best_bid": "0.65", "best_ask": "0.81"}, {"asset_id": "103206131584345534219777803662235735845312981950233075829729747631018349006817", "price": "0.91", "size": "606.93", "side": "SELL", "hash": "df8575972271e1848011d06058b8ace993e27abc", "best_bid": "0.19", "best_ask": "0.35"}], "timestamp": "1769384072182", "event_type": "price_change"}}
{"_local_timestamp": "2026-01-25T23:34:32.572356+00:00", "data": {"market": "0xfaba55442a17a201a46f7ac19fd9394364f04959cdebfa420bc0c5ab2da00f59", "price_changes": [{"asset_id": "76829378806632943504106553503686063944439990588195206882350689917773385019771", "price": "0.1", "size": "890.11", "side": "BUY", "hash": "167e8779615a71d1174d5024a4b3efeefeef18dd", "best_bid": "0.65", "best_ask": "0.81"}, {"asset_id": "103206131584345534219777803662235735845312981950233075829729747631018349006817", "price": "0.9", "size": "890.11", "side": "SELL", "hash": "dd6775f5fa8d6c64b0895ee0d41cdd3cf20cdf4b", "best_bid": "0.19", "best_ask": "0.35"}], "timestamp": "1769384072501", "event_type": "price_change"}}
{"_local_timestamp": "2026-01-25T23:34:32.573075+00:00", "data": {"market": "0xfaba55442a17a201a46f7ac19fd9394364f04959cdebfa420bc0c5ab2da00f59", "price_changes": [{"asset_id": "76829378806632943504106553503686063944439990588195206882350689917773385019771", "price": "0.1", "size": "2887.22", "side": "BUY", "hash": "892107cf6f9e6af87dff4db27d496450b911b82e", "best_bid": "0.65", "best_ask": "0.81"}, {"asset_id": "103206131584345534219777803662235735845312981950233075829729747631018349006817", "price": "0.9", "size": "2887.22", "side": "SELL", "hash": "16e866ba309a7ebdd9b8ebd251ef8a36670957b6", "best_bid": "0.19", "best_ask": "0.35"}], "timestamp": "1769384072503", "event_type": "price_change"}}
{"_local_timestamp": "2026-01-25T23:34:32.573737+00:00", "data": {"market": "0xfaba55442a17a201a46f7ac19fd9394364f04959cdebfa420bc0c5ab2da00f59", "price_changes": [{"asset_id": "76829378806632943504106553503686063944439990588195206882350689917773385019771", "price": "0.1", "size": "4157.32", "side": "BUY", "hash": "af0b985d6ba39deb298b92bb44b8f5514bdf65b7", "best_bid": "0.65", "best_ask": "0.81"}, {"asset_id": "103206131584345534219777803662235735845312981950233075829729747631018349006817", "price": "0.9", "size": "4157.32", "side": "SELL", "hash": "411e6977dfbfcd8a38782bd0fe9152d7b73722d2", "best_bid": "0.19", "best_ask": "0.35"}], "timestamp": "1769384072504", "event_type": "price_change"}}
{"_local_timestamp": "2026-01-25T23:34:50.262817+00:00", "data": {"market": "0xfaba55442a17a201a46f7ac19fd9394364f04959cdebfa420bc0c5ab2da00f59", "price_changes": [{"asset_id": "76829378806632943504106553503686063944439990588195206882350689917773385019771", "price": "0.08", "size": "4157.32", "side": "BUY", "hash": "94187d18e0c50d8e648a3f363b8c45f8b2474ca4", "best_bid": "0.65", "best_ask": "0.81"}, {"asset_id": "103206131584345534219777803662235735845312981950233075829729747631018349006817", "price": "0.92", "size": "4157.32", "side": "SELL", "hash": "771e189768b25c6766893a1b961fc26a7412a94d", "best_bid": "0.19", "best_ask": "0.35"}], "timestamp": "1769384090193", "event_type": "price_change"}}
{"_local_timestamp": "2026-01-25T23:34:50.423052+00:00", "data": {"market": "0xfaba55442a17a201a46f7ac19fd9394364f04959cdebfa420bc0c5ab2da00f59", "price_changes": [{"asset_id": "76829378806632943504106553503686063944439990588195206882350689917773385019771", "price": "0.08", "size": "0", "side": "BUY", "hash": "e78eb14d9a4f814a02de9973cd7f8b7e881c02ac", "best_bid": "0.65", "best_ask": "0.81"}, {"asset_id": "103206131584345534219777803662235735845312981950233075829729747631018349006817", "price": "0.92", "size": "0", "side": "SELL", "hash": "7e1b874c4f02fe84902bae9e5bef0674a1e7e693", "best_bid": "0.19", "best_ask": "0.35"}], "timestamp": "1769384090332", "event_type": "price_change"}}
{"_local_timestamp": "2026-01-25T23:34:50.877157+00:00", "data": {"market": "0xfaba55442a17a201a46f7ac19fd9394364f04959cdebfa420bc0c5ab2da00f59", "price_changes": [{"asset_id": "76829378806632943504106553503686063944439990588195206882350689917773385019771", "price": "0.1", "size": "4257.32", "side": "BUY", "hash": "395740fcde019f5facb727bc4fe59b615e0b8573", "best_bid": "0.65", "best_ask": "0.81"}, {"asset_id": "103206131584345534219777803662235735845312981950233075829729747631018349006817", "price": "0.9", "size": "4257.32", "side": "SELL", "hash": "e7704c1acdff952de38ed7f572fbfb57768b7635", "best_bid": "0.19", "best_ask": "0.35"}], "timestamp": "1769384090478", "event_type": "price_change"}}
{"_local_timestamp": "2026-01-25T23:34:50.877555+00:00", "data": {"market": "0xfaba55442a17a201a46f7ac19fd9394364f04959cdebfa420bc0c5ab2da00f59", "price_changes": [{"asset_id": "76829378806632943504106553503686063944439990588195206882350689917773385019771", "price": "0.09", "size": "206.93", "side": "BUY", "hash": "a610cef6deaa79feec6259cd856f2ab538c0e29e", "best_bid": "0.65", "best_ask": "0.81"}, {"asset_id": "103206131584345534219777803662235735845312981950233075829729747631018349006817", "price": "0.91", "size": "206.93", "side": "SELL", "hash": "2509a93a7b6796fea7ea1f6cdd161071f0102d81", "best_bid": "0.19", "best_ask": "0.35"}], "timestamp": "1769384090679", "event_type": "price_change"}}
{"_local_timestamp": "2026-01-25T23:34:50.877852+00:00", "data": {"market": "0xfaba55442a17a201a46f7ac19fd9394364f04959cdebfa420bc0c5ab2da00f59", "price_changes": [{"asset_id": "76829378806632943504106553503686063944439990588195206882350689917773385019771", "price": "0.08", "size": "1270.1", "side": "BUY", "hash": "d50bffbadfcc9e4994cf2e8df58e5d2f86216092", "best_bid": "0.65", "best_ask": "0.81"}, {"asset_id": "103206131584345534219777803662235735845312981950233075829729747631018349006817", "price": "0.92", "size": "1270.1", "side": "SELL", "hash": "49b3bee97c434bccdf910dcd024e5bf8903cf51d", "best_bid": "0.19", "best_ask": "0.35"}], "timestamp": "1769384090792", "event_type": "price_change"}}
{"_local_timestamp": "2026-01-25T23:34:50.878153+00:00", "data": {"market": "0xfaba55442a17a201a46f7ac19fd9394364f04959cdebfa420bc0c5ab2da00f59", "price_changes": [{"asset_id": "76829378806632943504106553503686063944439990588195206882350689917773385019771", "price": "0.08", "size": "2160.21", "side": "BUY", "hash": "a6c3278868c4be62a18e041f964b8aae26163e4f", "best_bid": "0.65", "best_ask": "0.81"}, {"asset_id": "103206131584345534219777803662235735845312981950233075829729747631018349006817", "price": "0.92", "size": "2160.21", "side": "SELL", "hash": "4ba585997ea80bbe985dbff93a2c8de1f594ca00", "best_bid": "0.19", "best_ask": "0.35"}], "timestamp": "1769384090792", "event_type": "price_change"}}
{"_local_timestamp": "2026-01-25T23:34:50.878443+00:00", "data": {"market": "0xfaba55442a17a201a46f7ac19fd9394364f04959cdebfa420bc0c5ab2da00f59", "price_changes": [{"asset_id": "76829378806632943504106553503686063944439990588195206882350689917773385019771", "price": "0.08", "size": "4157.32", "side": "BUY", "hash": "8a393afc5aa74c10e7688f9ab272005df27bcb1c", "best_bid": "0.65", "best_ask": "0.81"}, {"asset_id": "103206131584345534219777803662235735845312981950233075829729747631018349006817", "price": "0.92", "size": "4157.32", "side": "SELL", "hash": "2a5390d55b4a0fadfba9216142aa5f1c1120d431", "best_bid": "0.19", "best_ask": "0.35"}], "timestamp": "1769384090793", "event_type": "price_change"}}
{"_local_timestamp": "2026-01-25T23:34:51.004953+00:00", "data": {"market": "0xfaba55442a17a201a46f7ac19fd9394364f04959cdebfa420bc0c5ab2da00f59", "price_changes": [{"asset_id": "76829378806632943504106553503686063944439990588195206882350689917773385019771", "price": "0.1", "size": "4657.32", "side": "BUY", "hash": "94d408d7cdefd81432d65f0bbfc7e63259044075", "best_bid": "0.65", "best_ask": "0.81"}, {"asset_id": "103206131584345534219777803662235735845312981950233075829729747631018349006817", "price": "0.9", "size": "4657.32", "side": "SELL", "hash": "d7d6e303b5336cbf827913ff217bf118fe84b3c3", "best_bid": "0.19", "best_ask": "0.35"}], "timestamp": "1769384090934", "event_type": "price_change"}}
{"_local_timestamp": "2026-01-25T23:34:56.662881+00:00", "data": {"market": "0xfaba55442a17a201a46f7ac19fd9394364f04959cdebfa420bc0c5ab2da00f59", "price_changes": [{"asset_id": "76829378806632943504106553503686063944439990588195206882350689917773385019771", "price": "0.09", "size": "106.93", "side": "BUY", "hash": "8b27cebdb8c9ceecc0208b9f53616dd7f93c359b", "best_bid": "0.65", "best_ask": "0.81"}, {"asset_id": "103206131584345534219777803662235735845312981950233075829729747631018349006817", "price": "0.91", "size": "106.93", "side": "SELL", "hash": "fe086a6f2ab2b866982fe8756cc47b11d1144ecc", "best_bid": "0.19", "best_ask": "0.35"}], "timestamp": "1769384096592", "event_type": "price_change"}}
{"_local_timestamp": "2026-01-25T23:34:56.746259+00:00", "data": {"market": "0xfaba55442a17a201a46f7ac19fd9394364f04959cdebfa420bc0c5ab2da00f59", "price_changes": [{"asset_id": "76829378806632943504106553503686063944439990588195206882350689917773385019771", "price": "0.1", "size": "1390.11", "side": "BUY", "hash": "e266c5e7dc4fab94a63b299fecbc2314238ccda0", "best_bid": "0.65", "best_ask": "0.81"}, {"asset_id": "103206131584345534219777803662235735845312981950233075829729747631018349006817", "price": "0.9", "size": "1390.11", "side": "SELL", "hash": "967a97dbad9c19413f002231b1623c7948b31c30", "best_bid": "0.19", "best_ask": "0.35"}], "timestamp": "1769384096672", "event_type": "price_change"}}
{"_local_timestamp": "2026-01-25T23:34:56.829425+00:00", "data": {"market": "0xfaba55442a17a201a46f7ac19fd9394364f04959cdebfa420bc0c5ab2da00f59", "price_changes": [{"asset_id": "76829378806632943504106553503686063944439990588195206882350689917773385019771", "price": "0.1", "size": "500", "side": "BUY", "hash": "b8502e8c0effa506e44a150f9efb466dba066985", "best_bid": "0.65", "best_ask": "0.81"}, {"asset_id": "103206131584345534219777803662235735845312981950233075829729747631018349006817", "price": "0.9", "size": "500", "side": "SELL", "hash": "e2e2a522cc0865fe7933f7bfc470bfda6fcf9ec7", "best_bid": "0.19", "best_ask": "0.35"}], "timestamp": "1769384096758", "event_type": "price_change"}}
{"_local_timestamp": "2026-01-25T23:34:56.838969+00:00", "data": {"market": "0xfaba55442a17a201a46f7ac19fd9394364f04959cdebfa420bc0c5ab2da00f59", "price_changes": [{"asset_id": "76829378806632943504106553503686063944439990588195206882350689917773385019771", "price": "0.11", "size": "890.11", "side": "BUY", "hash": "3c99e52a310d325d8d13a8b00a618533a78c279c", "best_bid": "0.65", "best_ask": "0.81"}, {"asset_id": "103206131584345534219777803662235735845312981950233075829729747631018349006817", "price": "0.89", "size": "890.11", "side": "SELL", "hash": "8223c758c9905cb15445bef8d4f74f57f0db962a", "best_bid": "0.19", "best_ask": "0.35"}], "timestamp": "1769384096765", "event_type": "price_change"}}
{"_local_timestamp": "2026-01-25T23:34:56.839506+00:00", "data": {"market": "0xfaba55442a17a201a46f7ac19fd9394364f04959cdebfa420bc0c5ab2da00f59", "price_changes": [{"asset_id": "76829378806632943504106553503686063944439990588195206882350689917773385019771", "price": "0.11", "size": "2160.21", "side": "BUY", "hash": "013ca7530ff9188234cc6347624789d6a4f0a02e", "best_bid": "0.65", "best_ask": "0.81"}, {"asset_id": "103206131584345534219777803662235735845312981950233075829729747631018349006817", "price": "0.89", "size": "2160.21", "side": "SELL", "hash": "22d40d84bb8d80ea13804bc1db6b4c24b0c41ade", "best_bid": "0.19", "best_ask": "0.35"}], "timestamp": "1769384096766", "event_type": "price_change"}}
{"_local_timestamp": "2026-01-25T23:34:56.937639+00:00", "data": {"market": "0xfaba55442a17a201a46f7ac19fd9394364f04959cdebfa420bc0c5ab2da00f59", "price_changes": [{"asset_id": "76829378806632943504106553503686063944439990588195206882350689917773385019771", "price": "0.1", "size": "600", "side": "BUY", "hash": "3bbd4a2193927aae61db36f8c94c6dd424284e21", "best_bid": "0.65", "best_ask": "0.81"}, {"asset_id": "103206131584345534219777803662235735845312981950233075829729747631018349006817", "price": "0.9", "size": "600", "side": "SELL", "hash": "4c8cfb091be47ef09c226e4f0c404be149eb848e", "best_bid": "0.19", "best_ask": "0.35"}], "timestamp": "1769384096853", "event_type": "price_change"}}
{"_local_timestamp": "2026-01-25T23:34:56.954813+00:00", "data": {"market": "0xfaba55442a17a201a46f7ac19fd9394364f04959cdebfa420bc0c5ab2da00f59", "price_changes": [{"asset_id": "76829378806632943504106553503686063944439990588195206882350689917773385019771", "price": "0.11", "size": "4157.32", "side": "BUY", "hash": "d8ee9a01317fb61eb80eb43ed6078e2dec8b0f16", "best_bid": "0.65", "best_ask": "0.81"}, {"asset_id": "103206131584345534219777803662235735845312981950233075829729747631018349006817", "price": "0.89", "size": "4157.32", "side": "SELL", "hash": "1a80ffe6fd6930c03468d90e6bbd1c6ae117975d", "best_bid": "0.19", "best_ask": "0.35"}], "timestamp": "1769384096884", "event_type": "price_change"}}
{"_local_timestamp": "2026-01-25T23:35:01.801145+00:00", "data": {"market": "0xfaba55442a17a201a46f7ac19fd9394364f04959cdebfa420bc0c5ab2da00f59", "price_changes": [{"asset_id": "76829378806632943504106553503686063944439990588195206882350689917773385019771", "price": "0.09", "size": "6.93", "side": "BUY", "hash": "57fd369d4e1f56e3f2ce189357a7357a901ff0af", "best_bid": "0.65", "best_ask": "0.81"}, {"asset_id": "103206131584345534219777803662235735845312981950233075829729747631018349006817", "price": "0.91", "size": "6.93", "side": "SELL", "hash": "b77477bf61a68706484c7e53925647abe637cae2", "best_bid": "0.19", "best_ask": "0.35"}], "timestamp": "1769384101738", "event_type": "price_change"}}
{"_local_timestamp": "2026-01-25T23:35:01.985742+00:00", "data": {"market": "0xfaba55442a17a201a46f7ac19fd9394364f04959cdebfa420bc0c5ab2da00f59", "price_changes": [{"asset_id": "76829378806632943504106553503686063944439990588195206882350689917773385019771", "price": "0.08", "size": "0", "side": "BUY", "hash": "c4f486c1b3cf97b3cb2a00e1ff5882d2ab23760b", "best_bid": "0.65", "best_ask": "0.81"}, {"asset_id": "103206131584345534219777803662235735845312981950233075829729747631018349006817", "price": "0.92", "size": "0", "side": "SELL", "hash": "91d2d09cd45b6319983cf4af976f741dfd10c472", "best_bid": "0.19", "best_ask": "0.35"}], "timestamp": "1769384101917", "event_type": "price_change"}}
{"_local_timestamp": "2026-01-25T23:35:02.098018+00:00", "data": {"market": "0xfaba55442a17a201a46f7ac19fd9394364f04959cdebfa420bc0c5ab2da00f59", "price_changes": [{"asset_id": "76829378806632943504106553503686063944439990588195206882350689917773385019771", "price": "0.1", "size": "700", "side": "BUY", "hash": "4e69c64f6a332ed492e065c1d360782fda8fed24", "best_bid": "0.65", "best_ask": "0.81"}, {"asset_id": "103206131584345534219777803662235735845312981950233075829729747631018349006817", "price": "0.9", "size": "700", "side": "SELL", "hash": "db10a6ac18a925dcdb398e997c6004e91aa2fb54", "best_bid": "0.19", "best_ask": "0.35"}], "timestamp": "1769384102011", "event_type": "price_change"}}
{"_local_timestamp": "2026-01-25T23:35:12.503049+00:00", "data": {"market": "0xfaba55442a17a201a46f7ac19fd9394364f04959cdebfa420bc0c5ab2da00f59", "price_changes": [{"asset_id": "76829378806632943504106553503686063944439990588195206882350689917773385019771", "price": "0.1", "size": "300", "side": "BUY", "hash": "777b2f4f6c87d19acfb87f219d64908cc209be3a", "best_bid": "0.65", "best_ask": "0.81"}, {"asset_id": "103206131584345534219777803662235735845312981950233075829729747631018349006817", "price": "0.9", "size": "300", "side": "SELL", "hash": "e5e668963ac3e029f4c12165ec5906aa561c6612", "best_bid": "0.19", "best_ask": "0.35"}], "timestamp": "1769384112427", "event_type": "price_change"}}
{"_local_timestamp": "2026-01-25T23:35:12.720067+00:00", "data": {"market": "0xfaba55442a17a201a46f7ac19fd9394364f04959cdebfa420bc0c5ab2da00f59", "price_changes": [{"asset_id": "76829378806632943504106553503686063944439990588195206882350689917773385019771", "price": "0.08", "size": "1270.1", "side": "BUY", "hash": "bdae2e6436d8d488e79ee8f6e9ef5d35ae37fea4", "best_bid": "0.65", "best_ask": "0.81"}, {"asset_id": "103206131584345534219777803662235735845312981950233075829729747631018349006817", "price": "0.92", "size": "1270.1", "side": "SELL", "hash": "bc866352727cbb71984bc5ea4654b984fc258c38", "best_bid": "0.19", "best_ask": "0.35"}], "timestamp": "1769384112634", "event_type": "price_change"}}
{"_local_timestamp": "2026-01-25T23:35:12.774658+00:00", "data": {"market": "0xfaba55442a17a201a46f7ac19fd9394364f04959cdebfa420bc0c5ab2da00f59", "price_changes": [{"asset_id": "76829378806632943504106553503686063944439990588195206882350689917773385019771", "price": "0.11", "size": "4557.32", "side": "BUY", "hash": "2954c9df3869558f31ae64be18c7118356e9dad7", "best_bid": "0.65", "best_ask": "0.81"}, {"asset_id": "103206131584345534219777803662235735845312981950233075829729747631018349006817", "price": "0.89", "size": "4557.32", "side": "SELL", "hash": "9d9b6e9cb02a1ce82d0145c2f6ab4a9aafa1dc31", "best_bid": "0.19", "best_ask": "0.35"}], "timestamp": "1769384112705", "event_type": "price_change"}}
{"_local_timestamp": "2026-01-25T23:35:12.823162+00:00", "data": {"market": "0xfaba55442a17a201a46f7ac19fd9394364f04959cdebfa420bc0c5ab2da00f59", "price_changes": [{"asset_id": "76829378806632943504106553503686063944439990588195206882350689917773385019771", "price": "0.08", "size": "2160.21", "side": "BUY", "hash": "b9cb65a2ee63519702dd2f060e87c6ce296a0fea", "best_bid": "0.65", "best_ask": "0.81"}, {"asset_id": "103206131584345534219777803662235735845312981950233075829729747631018349006817", "price": "0.92", "size": "2160.21", "side": "SELL", "hash": "ca52468efd273c53ba529b3a7094d3340b4cf512", "best_bid": "0.19", "best_ask": "0.35"}], "timestamp": "1769384112751", "event_type": "price_change"}}
{"_local_timestamp": "2026-01-25T23:35:12.826163+00:00", "data": {"market": "0xfaba55442a17a201a46f7ac19fd9394364f04959cdebfa420bc0c5ab2da00f59", "price_changes": [{"asset_id": "76829378806632943504106553503686063944439990588195206882350689917773385019771", "price": "0.08", "size": "4157.32", "side": "BUY", "hash": "c17d825b9c49bf56ccf750ab2e141a5baf331b28", "best_bid": "0.65", "best_ask": "0.81"}, {"asset_id": "103206131584345534219777803662235735845312981950233075829729747631018349006817", "price": "0.92", "size": "4157.32", "side": "SELL", "hash": "8a4eb796f3f32c99334a3dbaefa298975c1f7693", "best_bid": "0.19", "best_ask": "0.35"}], "timestamp": "1769384112752", "event_type": "price_change"}}
