{"_local_timestamp": "2026-01-25T23:34:27.176417+00:00", "data": [{"market": "0xecab5856d2b74148e24779ceb1d55beaeff735a35a24eaf8086f38cc1dca930d", "asset_id": "79788589745368898637261013391422954244612395679051059095387728373877288890775", "timestamp": "1769379748718", "hash": "8e71fa6efc7de74f45e5d5e0c043d1a26ed2195e", "bids": [{"price": "0.01", "size": "344.79"}, {"price": "0.02", "size": "26.15"}, {"price": "0.04", "size": "50"}, {"price": "0.05", "size": "125"}, {"price": "0.06", "size": "10.95"}], "asks": [{"price": "0.99", "size": "348.81"}, {"price": "0.98", "size": "25.56"}, {"price": "0.97", "size": "251"}, {"price": "0.96", "size": "50"}, {"price": "0.95", "size": "6.01"}], "event_type": "book", "last_trade_price": ""}, {"market": "0xb88e69197fc4b465e7ef480cb9b5e3c3bdd28276bea24ab1f529d73a4340c8da", "asset_id": "15601403946089434375954572788172178936017747366771218471962792605004318536089", "timestamp": "1769380755706", "hash": "e7fe33155445a872269f680945300f51dd508016", "bids": [{"price": "0.01", "size": "344.79"}, {"price": "0.02", "size": "26.15"}, {"price": "0.04", "size": "50"}, {"price": "0.05", "size": "125"}, {"price": "0.06", "size": "10.95"}], "asks": [{"price": "0.99", "size": "348.81"}, {"price": "0.98", "size": "25.56"}, {"price": "0.97", "size": "251"}, {"price": "0.96", "size": "50"}, {"price": "0.95", "size": "6.01"}], "event_type": "book", "last_trade_price": ""}, {"market": "0x0d60aa6bfc6e79f68f29e577b179ea4094964c55dc1afa3c22d6db5e2f264609", "asset_id": "96407467856105194087566659589951414722959525250639940218072011120880290307902", "timestamp": "1769383985086", "hash": "4cb169065aba794e9ca98e73ac02c6fbb3929d22", "bids": [{"price": "0.01", "size": "10601.22"}, {"price": "0.02", "size": "26.16"}, {"price": "0.03", "size": "4157.32"}, {"price": "0.04", "size": "50"}, {"price": "0.05", "size": "100"}, {"price": "0.06", "size": "1145.59"}, {"price": "0.07", "size": "895.58"}], "asks": [{"price": "0.99", "size": "10605.24"}, {"price": "0.98", "size": "25.56"}, {"price": "0.97", "size": "4157.32"}, {"price": "0.96", "size": "1227.11"}, {"price": "0.95", "size": "966.12"}], "event_type": "book", "last_trade_price": ""}, {"market": "0x34ba852f9a171a79e33281269ac45a635625c8778915341d7db31e58de30b93e", "asset_id": "19130946025210704303918273498246346379598682034152693378792131446942946937501", "timestamp": "1769383979883", "hash": "071865ce672d39df6f90c527d7b9ee3f210ef4aa", "bids": [{"price": "0.01", "size": "11294.33"}, {"price": "0.02", "size": "42.6"}, {"price": "0.06", "size": "1140.11"}, {"price": "0.07", "size": "895.58"}], "asks": [{"price": "0.99", "size": "11294.33"}, {"price": "0.98", "size": "42.6"}, {"price": "0.94", "size": "1140.11"}, {"price": "0.93", "size": "890.11"}], "event_type": "book", "last_trade_price": ""}, {"market": "0x46769abdaeb278ab2f5e26ee746a5a41a5a13c4453a1b7ccd97b3975c3cc2455", "asset_id": "86648493031520076249398625096396860544902767930612230163553115702213784114636", "timestamp": "1769383979847", "hash": "b0c43f5b3012b58cb7535632d1771943e61fccac", "bids": [{"price": "0.01", "size": "11301.58"}, {"price": "0.02", "size": "20.47"}, {"price": "0.03", "size": "1140.11"}, {"price": "0.04", "size": "929.35"}], "asks": [{"price": "0.99", "size": "11294.33"}, {"price": "0.98", "size": "42.6"}, {"price": "0.94", "size": "1140.11"}, {"price": "0.93", "size": "895.58"}], "event_type": "book", "last_trade_price": ""}, {"market": "0x1d23651883e7168ddcaa829b632f21c18d34ed855b382078433fa8744192c550", "asset_id": "62124174259624486512134838000500600230167348183046541554192981839622171172808", "timestamp": "1769384061841", "hash": "d35bdc7c941f332c9432eca4870222bbdf066f81", "bids": [{"price": "0.01", "size": "9044.31"}, {"price": "0.02", "size": "1000"}, {"price": "0.03", "size": "1100"}, {"price": "0.04", "size": "5.32"}, {"price": "0.05", "size": "20"}, {"price": "0.06", "size": "33"}, {"price": "0.07", "size": "1700"}, {"price": "0.08", "size": "3567.21"}, {"price": "0.09", "size": "400"}, {"price": "0.11", "size": "5.77"}, {"price": "0.15", "size": "300"}, {"price": "0.17", "size": "300"}, {"price": "0.19", "size": "200"}, {"price": "0.2", "size": "525"}, {"price": "0.22", "size": "75"}, {"price": "0.55", "size": "5890.11"}, {"price": "0.56", "size": "1780.22"}], "asks": [{"price": "0.99", "size": "7084.76"}, {"price": "0.98", "size": "4163.27"}, {"price": "0.97", "size": "250"}, {"price": "0.96", "size": "20.6"}, {"price": "0.89", "size": "300"}, {"price": "0.88", "size": "300"}, {"price": "0.87", "size": "125"}, {"price": "0.86", "size": "75"}, {"price": "0.78", "size": "10"}, {"price": "0.75", "size": "5890.11"}, {"price": "0.74", "size": "906.11"}, {"price": "0.73", "size": "10"}], "event_type": "book", "last_trade_price": "0.570"}, {"market": "0x7d90d7ee3d9f768566c5bae4629044765e0807a7874676016c6d4119ba8fe725", "asset_id": "53138798170546532070266418022707152023005462526321162967212934445006928652459", "timestamp": "1769383982897", "hash": "e4f9666fd29da71e44bfaffd513dfc6d1ff2ee45", "bids": [{"price": "0.01", "size": "10601.22"}, {"price": "0.02", "size": "26.15"}, {"price": "0.04", "size": "50"}, {"price": "0.05", "size": "100"}, {"price": "0.06", "size": "1145.59"}, {"price": "0.07", "size": "895.58"}], "asks": [{"price": "0.99", "size": "10601.22"}, {"price": "0.98", "size": "13.72"}, {"price": "0.97", "size": "66"}, {"price": "0.96", "size": "80.21"}, {"price": "0.95", "size": "1180.11"}, {"price": "0.94", "size": "895.59"}], "event_type": "book", "last_trade_price": ""}, {"market": "0xb88e69197fc4b465e7ef480cb9b5e3c3bdd28276bea24ab1f529d73a4340c8da", "asset_id": "49651830105823541059803407556854733276573489631641566425158397972044687961571", "timestamp": "1769380755706", "hash": "7436ef9b0cbdfee492340d18be4be94eeca20d98", "bids": [{"price": "0.01", "size": "348.81"}, {"price": "0.02", "size": "25.56"}, {"price": "0.03", "size": "251"}, {"price": "0.04", "size": "50"}, {"price": "0.05", "size": "6.01"}], "asks": [{"price": "0.99", "size": "344.79"}, {"price": "0.98", "size": "26.15"}, {"price": "0.96", "size": "50"}, {"price": "0.95", "size": "125"}, {"price": "0.94", "size": "10.95"}], "event_type": "book", "last_trade_price": ""}, {"market": "0xecab5856d2b74148e24779ceb1d55beaeff735a35a24eaf8086f38cc1dca930d", "asset_id": "66277337645479014364243291217928808924521764723996047860795911417495336392549", "timestamp": "1769379748718", "hash": "9a96c41195dc34d1382f65de404d9d02354e7aaa", "bids": [{"price": "0.01", "size": "348.81"}, {"price": "0.02", "size": "25.56"}, {"price": "0.03", "size": "251"}, {"price": "0.04", "size": "50"}, {"price": "0.05", "size": "6.01"}], "asks": [{"price": "0.99", "size": "344.79"}, {"price": "0.98", "size": "26.15"}, {"price": "0.96", "size": "50"}, {"price": "0.95", "size": "125"}, {"price": "0.94", "size": "10.95"}], "event_type": "book", "last_trade_price": ""}, {"market": "0x1d23651883e7168ddcaa829b632f21c18d34ed855b382078433fa8744192c550", "asset_id": "38448941521003008078070054674263158800195186458233326397723121728551006779124", "timestamp": "1769384061841", "hash": "09069f7e99a9be223a0bcece55e42f3e17be6b1c", "bids": [{"price": "0.01", "size": "7084.76"}, {"price": "0.02", "size": "4163.27"}, {"price": "0.03", "size": "250"}, {"price": "0.04", "size": "20.6"}, {"price": "0.11", "size": "300"}, {"price": "0.12", "size": "300"}, {"price": "0.13", "size": "125"}, {"price": "0.14", "size": "75"}, {"price": "0.22", "size": "10"}, {"price": "0.25", "size": "5890.11"}, {"price": "0.26", "size": "906.11"}, {"price": "0.27", "size": "10"}], "asks": [{"price": "0.99", "size": "9044.31"}, {"price": "0.98", "size": "1000"}, {"price": "0.97", "size": "1100"}, {"price": "0.96", "size": "5.32"}, {"price": "0.95", "size": "20"}, {"price": "0.94", "size": "33"}, {"price": "0.93", "size": "1700"}, {"price": "0.92", "size": "3567.21"}, {"price": "0.91", "size": "400"}, {"price": "0.89", "size": "5.77"}, {"price": "0.85", "size": "300"}, {"price": "0.83", "size": "300"}, {"price": "0.81", "size": "200"}, {"price": "0.8", "size": "525"}, {"price": "0.78", "size": "75"}, {"price": "0.45", "size": "5890.11"}, {"price": "0.44", "size": "1780.22"}], "event_type": "book", "last_trade_price": "0.570"}, {"market": "0x7d90d7ee3d9f768566c5bae4629044765e0807a7874676016c6d4119ba8fe725", "asset_id": "93951835021336694990758953286322783700307331662574432954903227191125538841661", "timestamp": "1769383982897", "hash": "9531493db77a02a695dd21c8194f212628a81493", "bids": [{"price": "0.01", "size": "10601.22"}, {"price": "0.02", "size": "13.72"}, {"price": "0.03", "size": "66"}, {"price": "0.04", "size": "80.21"}, {"price": "0.05", "size": "1180.11"}, {"price": "0.06", "size": "895.59"}], "asks": [{"price": "0.99", "size": "10601.22"}, {"price": "0.98", "size": "26.15"}, {"price": "0.96", "size": "50"}, {"price": "0.95", "size": "100"}, {"price": "0.94", "size": "1145.59"}, {"price": "0.93", "size": "895.58"}], "event_type": "book", "last_trade_price": ""}, {"market": "0x34ba852f9a171a79e33281269ac45a635625c8778915341d7db31e58de30b93e", "asset_id": "15382188098153946432529240973819099988809574613081278552576678031936826273231", "timestamp": "1769383979883", "hash": "8da165488d5a824760888d1d21e9c298f828af7a", "bids": [{"price": "0.01", "size": "11294.33"}, {"price": "0.02", "size": "42.6"}, {"price": "0.06", "size": "1140.11"}, {"price": "0.07", "size": "890.11"}], "asks": [{"price": "0.99", "size": "11294.33"}, {"price": "0.98", "size": "42.6"}, {"price": "0.94", "size": "1140.11"}, {"price": "0.93", "size": "895.58"}], "event_type": "book", "last_trade_price": ""}, {"market": "0xe260d11218a4809848929e6f0bb64fb3d0dcd5dd20761a62c80bcce15ef3da2b", "asset_id": "29644742175344755766236153466666413897007229481220809594825833325649526122277", "timestamp": "1769383982896", "hash": "187313840e700bf8432f8554eb85a20b92267768", "bids": [{"price": "0.01", "size": "10598.82"}, {"price": "0.02", "size": "21.91"}, {"price": "0.04", "size": "50"}, {"price": "0.05", "size": "100"}, {"price": "0.06", "size": "12.76"}, {"price": "0.08", "size": "1140.11"}, {"price": "0.09", "size": "890.11"}], "asks": [{"price": "0.99", "size": "10601.22"}, {"price": "0.98", "size": "13.72"}, {"price": "0.97", "size": "66"}, {"price": "0.96", "size": "80.21"}, {"price": "0.95", "size": "1180.11"}, {"price": "0.94", "size": "895.59"}], "event_type": "book", "last_trade_price": ""}, {"market": "0x0d60aa6bfc6e79f68f29e577b179ea4094964c55dc1afa3c22d6db5e2f264609", "asset_id": "15183148042520797044496018946294240187144293861022582565963140976454046464168", "timestamp": "1769383985086", "hash": "e2a7e03433a2f4fc184881e372afe1e8f323f30d", "bids": [{"price": "0.01", "size": "10605.24"}, {"price": "0.02", "size": "25.56"}, {"price": "0.03", "size": "4157.32"}, {"price": "0.04", "size": "1227.11"}, {"price": "0.05", "size": "966.12"}], "asks": [{"price": "0.99", "size": "10601.22"}, {"price": "0.98", "size": "26.16"}, {"price": "0.97", "size": "4157.32"}, {"price": "0.96", "size": "50"}, {"price": "0.95", "size": "100"}, {"price": "0.94", "size": "1145.59"}, {"price": "0.93", "size": "895.58"}], "event_type": "book", "last_trade_price": ""}, {"market": "0x46769abdaeb278ab2f5e26ee746a5a41a5a13c4453a1b7ccd97b3975c3cc2455", "asset_id": "27067922364472573345152564556161514424055986590930264235168056954363856467540", "timestamp": "1769383979847", "hash": "a66b2cb228b435271a91f452d9a75f84715e340b", "bids": [{"price": "0.01", "size": "11294.33"}, {"price": "0.02", "size": "42.6"}, {"price": "0.06", "size": "1140.11"}, {"price": "0.07", "size": "895.58"}], "asks": [{"price": "0.99", "size": "11301.58"}, {"price": "0.98", "size": "20.47"}, {"price": "0.97", "size": "1140.11"}, {"price": "0.96", "size": "929.35"}], "event_type": "book", "last_trade_price": ""}, {"market": "0xe260d11218a4809848929e6f0bb64fb3d0dcd5dd20761a62c80bcce15ef3da2b", "asset_id": "110952803010852045756957080318431382899028322420646773203881603597380791172581", "timestamp": "1769383982896", "hash": "9af53da81dac1c758e224f957e4861a9250fe7c3", "bids": [{"price": "0.01", "size": "10601.22"}, {"price": "0.02", "size": "13.72"}, {"price": "0.03", "size": "66"}, {"price": "0.04", "size": "80.21"}, {"price": "0.05", "size": "1180.11"}, {"price": "0.06", "size": "895.59"}], "asks": [{"price": "0.99", "size": "10598.82"}, {"price": "0.98", "size": "21.91"}, {"price": "0.96", "size": "50"}, {"price": "0.95", "size": "100"}, {"price": "0.94", "size": "12.76"}, {"price": "0.92", "size": "1140.11"}, {"price": "0.91", "size": "890.11"}], "event_type": "book", "last_trade_price": ""}]}
{"_local_timestamp": "2026-01-25T23:34:30.189019+00:00", "data": {"market": "0x1d23651883e7168ddcaa829b632f21c18d34ed855b382078433fa8744192c550", "price_changes": [{"asset_id": "62124174259624486512134838000500600230167348183046541554192981839622171172808", "price": "0.09", "size": "0", "side": "BUY", "hash": "5c1e248e48b895a1fbcde70643a7fcae55f06ca4", "best_bid": "0.56", "best_ask": "0.73"}, {"asset_id": "38448941521003008078070054674263158800195186458233326397723121728551006779124", "price": "0.91", "size": "0", "side": "SELL", "hash": "f0a0d8cb6f286bc5f2b77d978728b9c7df71e254", "best_bid": "0.27", "best_ask": "0.44"}], "timestamp": "1769384069842", "event_type": "price_change"}}
{"_local_timestamp": "2026-01-25T23:34:30.444995+00:00", "data": {"market": "0x1d23651883e7168ddcaa829b632f21c18d34ed855b382078433fa8744192c550", "price_changes": [{"asset_id": "62124174259624486512134838000500600230167348183046541554192981839622171172808", "price": "0.08", "size": "3967.21", "side": "BUY", "hash": "78478a6d87c550cb4a54cbded55925ea8e2b6270", "best_bid": "0.56", "best_ask": "0.73"}, {"asset_id": "38448941521003008078070054674263158800195186458233326397723121728551006779124", "price": "0.92", "size": "3967.21", "side": "SELL", "hash": "826a4df38999ce0f10e129771d90f8c43bb813e3", "best_bid": "0.27", "best_ask": "0.44"}], "timestamp": "1769384070113", "event_type": "price_change"}}
{"_local_timestamp": "2026-01-25T23:34:30.587039+00:00", "data": {"market": "0x1d23651883e7168ddcaa829b632f21c18d34ed855b382078433fa8744192c550", "price_changes": [{"asset_id": "62124174259624486512134838000500600230167348183046541554192981839622171172808", "price": "0.09", "size": "1997.11", "side": "BUY", "hash": "9ec81a1eafa778d0d1d582ee010a6a1f670bea92", "best_bid": "0.56", "best_ask": "0.73"}, {"asset_id": "38448941521003008078070054674263158800195186458233326397723121728551006779124", "price": "0.91", "size": "1997.11", "side": "SELL", "hash": "cb441e7089c2ed0e3c9280083e4e0efeec1b36ed", "best_bid": "0.27", "best_ask": "0.44"}], "timestamp": "1769384070258", "event_type": "price_change"}}
{"_local_timestamp": "2026-01-25T23:34:30.627652+00:00", "data": {"market": "0x1d23651883e7168ddcaa829b632f21c18d34ed855b382078433fa8744192c550", "price_changes": [{"asset_id": "62124174259624486512134838000500600230167348183046541554192981839622171172808", "price": "0.09", "size": "3267.21", "side": "BUY", "hash": "0891a1cbe1b9304ddd3b0a61d646119d3fd7f09e", "best_bid": "0.56", "best_ask": "0.73"}, {"asset_id": "38448941521003008078070054674263158800195186458233326397723121728551006779124", "price": "0.91", "size": "3267.21", "side": "SELL", "hash": "734a13981695d80ce61fbd8794459e2594a7b8df", "best_bid": "0.27", "best_ask": "0.44"}], "timestamp": "1769384070293", "event_type": "price_change"}}
{"_local_timestamp": "2026-01-25T23:34:50.639518+00:00", "data": {"market": "0x0d60aa6bfc6e79f68f29e577b179ea4094964c55dc1afa3c22d6db5e2f264609", "price_changes": [{"asset_id": "96407467856105194087566659589951414722959525250639940218072011120880290307902", "price": "0.02", "size": "7.03", "side": "BUY", "hash": "19220107c3374c8bda6768fc9c17c3f07cb1bcda", "best_bid": "0.07", "best_ask": "0.95"}, {"asset_id": "15183148042520797044496018946294240187144293861022582565963140976454046464168", "price": "0.98", "size": "7.03", "side": "SELL", "hash": "875300a58b43b394ee32890445d3a70b08f56290", "best_bid": "0.05", "best_ask": "0.93"}], "timestamp": "1769384090284", "event_type": "price_change"}}
{"_local_timestamp": "2026-01-25T23:34:50.657310+00:00", "data": {"market": "0x0d60aa6bfc6e79f68f29e577b179ea4094964c55dc1afa3c22d6db5e2f264609", "price_changes": [{"asset_id": "15183148042520797044496018946294240187144293861022582565963140976454046464168", "price": "0.03", "size": "0", "side": "BUY", "hash": "337cfba89351b95e7324181c3897a2f84875352e", "best_bid": "0.05", "best_ask": "0.93"}, {"asset_id": "96407467856105194087566659589951414722959525250639940218072011120880290307902", "price": "0.97", "size": "0", "side": "SELL", "hash": "1aa751fc4ca89b72b06ac190b17483c861025287", "best_bid": "0.07", "best_ask": "0.95"}], "timestamp": "1769384090411", "event_type": "price_change"}}
{"_local_timestamp": "2026-01-25T23:34:50.659748+00:00", "data": {"market": "0x0d60aa6bfc6e79f68f29e577b179ea4094964c55dc1afa3c22d6db5e2f264609", "price_changes": [{"asset_id": "96407467856105194087566659589951414722959525250639940218072011120880290307902", "price": "0.03", "size": "0", "side": "BUY", "hash": "93ba209d901dbb74f38a1cbc20d02daaf9fb18ec", "best_bid": "0.07", "best_ask": "0.95"}, {"asset_id": "15183148042520797044496018946294240187144293861022582565963140976454046464168", "price": "0.97", "size": "0", "side": "SELL", "hash": "ddcf6867e438e5e644a5c7dafefbb662042935ed", "best_bid": "0.05", "best_ask": "0.93"}], "timestamp": "1769384090411", "event_type": "price_change"}}
{"_local_timestamp": "2026-01-25T23:34:50.804781+00:00", "data": {"market": "0x1d23651883e7168ddcaa829b632f21c18d34ed855b382078433fa8744192c550", "price_changes": [{"asset_id": "62124174259624486512134838000500600230167348183046541554192981839622171172808", "price": "0.08", "size": "3567.21", "side": "BUY", "hash": "1f16fb3b42863a33f0e2028f673b6919ae8aa23d", "best_bid": "0.56", "best_ask": "0.73"}, {"asset_id": "38448941521003008078070054674263158800195186458233326397723121728551006779124", "price": "0.92", "size": "3567.21", "side": "SELL", "hash": "daa6609e5d5d9d9aa77d4993bfa105b6914bcb6b", "best_bid": "0.27", "best_ask": "0.44"}], "timestamp": "1769384090657", "event_type": "price_change"}}
{"_local_timestamp": "2026-01-25T23:34:51.349434+00:00", "data": {"market": "0x0d60aa6bfc6e79f68f29e577b179ea4094964c55dc1afa3c22d6db5e2f264609", "price_changes": [{"asset_id": "96407467856105194087566659589951414722959525250639940218072011120880290307902", "price": "0.02", "size": "13.73", "side": "BUY", "hash": "b3f45e56d676c5de366b07c30993e851a67ae46b", "best_bid": "0.07", "best_ask": "0.95"}, {"asset_id": "15183148042520797044496018946294240187144293861022582565963140976454046464168", "price": "0.98", "size": "13.73", "side": "SELL", "hash": "d3a0819f20fabefacf831e4cfe9cee493d802a41", "best_bid": "0.05", "best_ask": "0.93"}], "timestamp": "1769384090909", "event_type": "price_change"}}
{"_local_timestamp": "2026-01-25T23:34:51.349870+00:00", "data": {"market": "0x0d60aa6bfc6e79f68f29e577b179ea4094964c55dc1afa3c22d6db5e2f264609", "price_changes": [{"asset_id": "96407467856105194087566659589951414722959525250639940218072011120880290307902", "price": "0.04", "size": "56.21", "side": "BUY", "hash": "5aa0a61f0853dafde6f4b74f7caad93cbf95d85d", "best_bid": "0.07", "best_ask": "0.95"}, {"asset_id": "15183148042520797044496018946294240187144293861022582565963140976454046464168", "price": "0.96", "size": "56.21", "side": "SELL", "hash": "412f01a445cf6461ec5c8aa3ac88ad06e0ef2786", "best_bid": "0.05", "best_ask": "0.93"}], "timestamp": "1769384090910", "event_type": "price_change"}}
{"_local_timestamp": "2026-01-25T23:34:51.350159+00:00", "data": {"market": "0x1d23651883e7168ddcaa829b632f21c18d34ed855b382078433fa8744192c550", "price_changes": [{"asset_id": "62124174259624486512134838000500600230167348183046541554192981839622171172808", "price": "0.09", "size": "3667.21", "side": "BUY", "hash": "ddd3e3d45ddd6582dccd7cfd454e437ee6d1c0af", "best_bid": "0.56", "best_ask": "0.73"}, {"asset_id": "38448941521003008078070054674263158800195186458233326397723121728551006779124", "price": "0.91", "size": "3667.21", "side": "SELL", "hash": "eaaf2e73b011453d3935c156d6328adcbc085c93", "best_bid": "0.27", "best_ask": "0.44"}], "timestamp": "1769384090939", "event_type": "price_change"}}
{"_local_timestamp": "2026-01-25T23:35:11.137181+00:00", "data": {"market": "0x1d23651883e7168ddcaa829b632f21c18d34ed855b382078433fa8744192c550", "price_changes": [{"asset_id": "62124174259624486512134838000500600230167348183046541554192981839622171172808", "price": "0.11", "size": "0", "side": "BUY", "hash": "372bbc5251eb22ea116891af791ef6a055d4247f", "best_bid": "0.56", "best_ask": "0.73"}, {"asset_id": "38448941521003008078070054674263158800195186458233326397723121728551006779124", "price": "0.89", "size": "0", "side": "SELL", "hash": "a3b5436fbcd7138cc1348c893e86eee8d920aaad", "best_bid": "0.27", "best_ask": "0.44"}], "timestamp": "1769384111056", "event_type": "price_change"}}
{"_local_timestamp": "2026-01-25T23:35:11.220334+00:00", "data": {"market": "0x1d23651883e7168ddcaa829b632f21c18d34ed855b382078433fa8744192c550", "price_changes": [{"asset_id": "62124174259624486512134838000500600230167348183046541554192981839622171172808", "price": "0.09", "size": "400", "side": "BUY", "hash": "237610d6614965672a0bee2ca48965cd5e73f330", "best_bid": "0.56", "best_ask": "0.73"}, {"asset_id": "38448941521003008078070054674263158800195186458233326397723121728551006779124", "price": "0.91", "size": "400", "side": "SELL", "hash": "606b3c88cfbf1ece08c74611fae15732349e18f2", "best_bid": "0.27", "best_ask": "0.44"}], "timestamp": "1769384111148", "event_type": "price_change"}}
{"_local_timestamp": "2026-01-25T23:35:11.378021+00:00", "data": {"market": "0x1d23651883e7168ddcaa829b632f21c18d34ed855b382078433fa8744192c550", "price_changes": [{"asset_id": "62124174259624486512134838000500600230167348183046541554192981839622171172808", "price": "0.1", "size": "6.35", "side": "BUY", "hash": "3a174c9c06ac5d6f6fa42b1b60475178bccf6b40", "best_bid": "0.56", "best_ask": "0.73"}, {"asset_id": "38448941521003008078070054674263158800195186458233326397723121728551006779124", "price": "0.9", "size": "6.35", "side": "SELL", "hash": "b00283981e541fa140e714c515f47ce79caf46d8", "best_bid": "0.27", "best_ask": "0.44"}], "timestamp": "1769384111312", "event_type": "price_change"}}
{"_local_timestamp": "2026-01-25T23:35:26.820265+00:00", "data": {"market": "0x1d23651883e7168ddcaa829b632f21c18d34ed855b382078433fa8744192c550", "price_changes": [{"asset_id": "62124174259624486512134838000500600230167348183046541554192981839622171172808", "price": "0.08", "size": "3467.21", "side": "BUY", "hash": "f8aed19cab5b719d9ab209ec5cad97f5b62ff5ec", "best_bid": "0.56", "best_ask": "0.73"}, {"asset_id": "38448941521003008078070054674263158800195186458233326397723121728551006779124", "price": "0.92", "size": "3467.21", "side": "SELL", "hash": "1e55c37fdd2cbd6555aaec14519bd938275c05f4", "best_bid": "0.27", "best_ask": "0.44"}], "timestamp": "1769384126629", "event_type": "price_change"}}
{"_local_timestamp": "2026-01-25T23:35:27.253697+00:00", "data": {"market": "0x1d23651883e7168ddcaa829b632f21c18d34ed855b382078433fa8744192c550", "price_changes": [{"asset_id": "62124174259624486512134838000500600230167348183046541554192981839622171172808", "price": "0.09", "size": "500", "side": "BUY", "hash": "1ac9451068a805e88706779b6cdcbb0252da2109", "best_bid": "0.56", "best_ask": "0.73"}, {"asset_id": "38448941521003008078070054674263158800195186458233326397723121728551006779124", "price": "0.91", "size": "500", "side": "SELL", "hash": "0f8cf3feaebcebbb1e5d2a9759f319706d3cddb7", "best_bid": "0.27", "best_ask": "0.44"}], "timestamp": "1769384126971", "event_type": "price_change"}}
{"_local_timestamp": "2026-01-25T23:35:28.340530+00:00", "data": {"market": "0x1d23651883e7168ddcaa829b632f21c18d34ed855b382078433fa8744192c550", "price_changes": [{"asset_id": "62124174259624486512134838000500600230167348183046541554192981839622171172808", "price": "0.08", "size": "3367.21", "side": "BUY", "hash": "7241c1693e15b1a0d51a956d934296d37bb93347", "best_bid": "0.56", "best_ask": "0.73"}, {"asset_id": "38448941521003008078070054674263158800195186458233326397723121728551006779124", "price": "0.92", "size": "3367.21", "side": "SELL", "hash": "309e78739a852a2426537f5f07f55d8d91cc3237", "best_bid": "0.27", "best_ask": "0.44"}], "timestamp": "1769384128273", "event_type": "price_change"}}
{"_local_timestamp": "2026-01-25T23:35:28.649221+00:00", "data": {"market": "0x1d23651883e7168ddcaa829b632f21c18d34ed855b382078433fa8744192c550", "price_changes": [{"asset_id": "62124174259624486512134838000500600230167348183046541554192981839622171172808", "price": "0.09", "size": "600", "side": "BUY", "hash": "9d5ae2743094c56c5ed67127407c44d7ed9a9982", "best_bid": "0.56", "best_ask": "0.73"}, {"asset_id": "38448941521003008078070054674263158800195186458233326397723121728551006779124", "price": "0.91", "size": "600", "side": "SELL", "hash": "1684901337d4f6cbe02e2c3f5b2af2f3a6906a37", "best_bid": "0.27", "best_ask": "0.44"}], "timestamp": "1769384128571", "event_type": "price_change"}}
{"_local_timestamp": "2026-01-25T23:35:28.729530+00:00", "data": {"market": "0x1d23651883e7168ddcaa829b632f21c18d34ed855b382078433fa8744192c550", "price_changes": [{"asset_id": "62124174259624486512134838000500600230167348183046541554192981839622171172808", "price": "0.1", "size": "2003.46", "side": "BUY", "hash": "1253334575945f6b6136c1c56e4a059520b264f4", "best_bid": "0.56", "best_ask": "0.73"}, {"asset_id": "38448941521003008078070054674263158800195186458233326397723121728551006779124", "price": "0.9", "size": "2003.46", "side": "SELL", "hash": "4ebd491427d9240836abe2d617bf161c615732d6", "best_bid": "0.27", "best_ask": "0.44"}], "timestamp": "1769384128660", "event_type": "price_change"}}
{"_local_timestamp": "2026-01-25T23:35:28.957608+00:00", "data": {"market": "0x1d23651883e7168ddcaa829b632f21c18d34ed855b382078433fa8744192c550", "price_changes": [{"asset_id": "62124174259624486512134838000500600230167348183046541554192981839622171172808", "price": "0.1", "size": "3273.56", "side": "BUY", "hash": "3540f9711c399723833bce52534c6e9ac91abc47", "best_bid": "0.56", "best_ask": "0.73"}, {"asset_id": "38448941521003008078070054674263158800195186458233326397723121728551006779124", "price": "0.9", "size": "3273.56", "side": "SELL", "hash": "79dbc4205923be44abda05100b83baee201d72f5", "best_bid": "0.27", "best_ask": "0.44"}], "timestamp": "1769384128889", "event_type": "price_change"}}
{"_local_timestamp": "2026-01-25T23:35:32.908543+00:00", "data": {"market": "0x1d23651883e7168ddcaa829b632f21c18d34ed855b382078433fa8744192c550", "price_changes": [{"asset_id": "62124174259624486512134838000500600230167348183046541554192981839622171172808", "price": "0.08", "size": "3267.21", "side": "BUY", "hash": "b2a8effe753272bf355bcd1ae6adbfd0253c4367", "best_bid": "0.56", "best_ask": "0.73"}, {"asset_id": "38448941521003008078070054674263158800195186458233326397723121728551006779124", "price": "0.92", "size": "3267.21", "side": "SELL", "hash": "2ae59247afb17de9f2e2d74bba4fec3db399495e", "best_bid": "0.27", "best_ask": "0.44"}], "timestamp": "1769384132834", "event_type": "price_change"}}
{"_local_timestamp": "2026-01-25T23:35:32.962749+00:00", "data": {"market": "0x1d23651883e7168ddcaa829b632f21c18d34ed855b382078433fa8744192c550", "price_changes": [{"asset_id": "62124174259624486512134838000500600230167348183046541554192981839622171172808", "price": "0.08", "size": "0", "side": "BUY", "hash": "7eb47cbdde2efd967d722ac87d76b83fd421d382", "best_bid": "0.56", "best_ask": "0.73"}, {"asset_id": "38448941521003008078070054674263158800195186458233326397723121728551006779124", "price": "0.92", "size": "0", "side": "SELL", "hash": "4e044844d5c29c88dc6eb31aac85fd473cd0fd7c", "best_bid": "0.27", "best_ask": "0.44"}], "timestamp": "1769384132893", "event_type": "price_change"}}
{"_local_timestamp": "2026-01-25T23:35:33.204383+00:00", "data": {"market": "0x1d23651883e7168ddcaa829b632f21c18d34ed855b382078433fa8744192c550", "price_changes": [{"asset_id": "62124174259624486512134838000500600230167348183046541554192981839622171172808", "price": "0.09", "size": "700", "side": "BUY", "hash": "3d191a9261bce04c6a39d3164d041294f0749f3e", "best_bid": "0.56", "best_ask": "0.73"}, {"asset_id": "38448941521003008078070054674263158800195186458233326397723121728551006779124", "price": "0.91", "size": "700", "side": "SELL", "hash": "e69a44aa630f64ab88e81402028d1e6e69d0beda", "best_bid": "0.27", "best_ask": "0.44"}], "timestamp": "1769384133121", "event_type": "price_change"}}
{"_local_timestamp": "2026-01-25T23:35:35.756304+00:00", "data": {"market": "0x1d23651883e7168ddcaa829b632f21c18d34ed855b382078433fa8744192c550", "price_changes": [{"asset_id": "62124174259624486512134838000500600230167348183046541554192981839622171172808", "price": "0.09", "size": "300", "side": "BUY", "hash": "06460b036fe47c6459d2873261a378bd39a81112", "best_bid": "0.56", "best_ask": "0.73"}, {"asset_id": "38448941521003008078070054674263158800195186458233326397723121728551006779124", "price": "0.91", "size": "300", "side": "SELL", "hash": "ae7b03b8514b0f1c01b4dbfb80e7d3caa7339b3c", "best_bid": "0.27", "best_ask": "0.44"}], "timestamp": "1769384135682", "event_type": "price_change"}}
{"_local_timestamp": "2026-01-25T23:35:35.816308+00:00", "data": {"market": "0x1d23651883e7168ddcaa829b632f21c18d34ed855b382078433fa8744192c550", "price_changes": [{"asset_id": "62124174259624486512134838000500600230167348183046541554192981839622171172808", "price": "0.08", "size": "1997.11", "side": "BUY", "hash": "d8d7df913893a623fd214384a6f618f212deea64", "best_bid": "0.56", "best_ask": "0.73"}, {"asset_id": "38448941521003008078070054674263158800195186458233326397723121728551006779124", "price": "0.92", "size": "1997.11", "side": "SELL", "hash": "378561bc49f286049c51afe8822d37a6db4b5e25", "best_bid": "0.27", "best_ask": "0.44"}], "timestamp": "1769384135747", "event_type": "price_change"}}
{"_local_timestamp": "2026-01-25T23:35:35.872528+00:00", "data": {"market": "0x1d23651883e7168ddcaa829b632f21c18d34ed855b382078433fa8744192c550", "price_changes": [{"asset_id": "62124174259624486512134838000500600230167348183046541554192981839622171172808", "price": "0.08", "size": "3267.21", "side": "BUY", "hash": "44251c666a72c6786383a1461400837102f3d399", "best_bid": "0.56", "best_ask": "0.73"}, {"asset_id": "38448941521003008078070054674263158800195186458233326397723121728551006779124", "price": "0.92", "size": "3267.21", "side": "SELL", "hash": "c85fbad9f7380553943e21e1fe97831d9d7656dd", "best_bid": "0.27", "best_ask": "0.44"}], "timestamp": "1769384135791", "event_type": "price_change"}}
{"_local_timestamp": "2026-01-25T23:35:36.128520+00:00", "data": {"market": "0x1d23651883e7168ddcaa829b632f21c18d34ed855b382078433fa8744192c550", "price_changes": [{"asset_id": "62124174259624486512134838000500600230167348183046541554192981839622171172808", "price": "0.08", "size": "3667.21", "side": "BUY", "hash": "dff23c4360ee2060aa8a2b2b6b1d7ad8e459a51b", "best_bid": "0.56", "best_ask": "0.73"}, {"asset_id": "38448941521003008078070054674263158800195186458233326397723121728551006779124", "price": "0.92", "size": "3667.21", "side": "SELL", "hash": "29ed7ee425207a488cdc12512de174986e890603", "best_bid": "0.27", "best_ask": "0.44"}], "timestamp": "1769384136001", "event_type": "price_change"}}
{"_local_timestamp": "2026-01-25T23:35:57.064655+00:00", "data": {"market": "0x1d23651883e7168ddcaa829b632f21c18d34ed855b382078433fa8744192c550", "price_changes": [{"asset_id": "62124174259624486512134838000500600230167348183046541554192981839622171172808", "price": "0.08", "size": "3267.21", "side": "BUY", "hash": "ca983ebdf459cf48d26ca09192482c1eeec6e47c", "best_bid": "0.56", "best_ask": "0.73"}, {"asset_id": "38448941521003008078070054674263158800195186458233326397723121728551006779124", "price": "0.92", "size": "3267.21", "side": "SELL", "hash": "a9e8fa1866cd44e73c72199a2bc11dc519be9539", "best_bid": "0.27", "best_ask": "0.44"}], "timestamp": "1769384156985", "event_type": "price_change"}}
{"_local_timestamp": "2026-01-25T23:35:57.174858+00:00", "data": {"market": "0x1d23651883e7168ddcaa829b632f21c18d34ed855b382078433fa8744192c550", "price_changes": [{"asset_id": "62124174259624486512134838000500600230167348183046541554192981839622171172808", "price": "0.1", "size": "6.35", "side": "BUY", "hash": "9420c059da276ee52137b4269ea7911e36563e30", "best_bid": "0.56", "best_ask": "0.73"}, {"asset_id": "38448941521003008078070054674263158800195186458233326397723121728551006779124", "price": "0.9", "size": "6.35", "side": "SELL", "hash": "fb476d17621f9ea49b6b6084d8bf4e861c2a00fc", "best_bid": "0.27", "best_ask": "0.44"}], "timestamp": "1769384157104", "event_type": "price_change"}}
{"_local_timestamp": "2026-01-25T23:35:57.369277+00:00", "data": {"market": "0x1d23651883e7168ddcaa829b632f21c18d34ed855b382078433fa8744192c550", "price_changes": [{"asset_id": "62124174259624486512134838000500600230167348183046541554192981839622171172808", "price": "0.1", "size": "406.35", "side": "BUY", "hash": "0046ab020a6cb625018f57b9e2ad77f6b59f0e0d", "best_bid": "0.56", "best_ask": "0.73"}, {"asset_id": "38448941521003008078070054674263158800195186458233326397723121728551006779124", "price": "0.9", "size": "406.35", "side": "SELL", "hash": "dc18030584068b9edc6ef497d261fb4d2b55f10a", "best_bid": "0.27", "best_ask": "0.44"}], "timestamp": "1769384157300", "event_type": "price_change"}}
{"_local_timestamp": "2026-01-25T23:35:58.398689+00:00", "data": {"market": "0x1d23651883e7168ddcaa829b632f21c18d34ed855b382078433fa8744192c550", "price_changes": [{"asset_id": "62124174259624486512134838000500600230167348183046541554192981839622171172808", "price": "0.09", "size": "200", "side": "BUY", "hash": "cbfb56288261accfb042ade8839bcc679b3dd07e", "best_bid": "0.56", "best_ask": "0.73"}, {"asset_id": "38448941521003008078070054674263158800195186458233326397723121728551006779124", "price": "0.91", "size": "200", "side": "SELL", "hash": "df2f4679c9df064edd2b0377f48ee5be52dd090a", "best_bid": "0.27", "best_ask": "0.44"}], "timestamp": "1769384158332", "event_type": "price_change"}}
{"_local_timestamp": "2026-01-25T23:35:58.680356+00:00", "data": {"market": "0x1d23651883e7168ddcaa829b632f21c18d34ed855b382078433fa8744192c550", "price_changes": [{"asset_id": "62124174259624486512134838000500600230167348183046541554192981839622171172808", "price": "0.1", "size": "506.35", "side": "BUY", "hash": "d2f89e429ca20c76cd4a0767e0f3e83ada9a2a89", "best_bid": "0.56", "best_ask": "0.73"}, {"asset_id": "38448941521003008078070054674263158800195186458233326397723121728551006779124", "price": "0.9", "size": "506.35", "side": "SELL", "hash": "741c6aa271841dd3cecfd2768af2f90f2c77875e", "best_bid": "0.27", "best_ask": "0.44"}], "timestamp": "1769384158611", "event_type": "price_change"}}
{"_local_timestamp": "2026-01-25T23:35:59.538493+00:00", "data": {"market": "0x1d23651883e7168ddcaa829b632f21c18d34ed855b382078433fa8744192c550", "price_changes": [{"asset_id": "62124174259624486512134838000500600230167348183046541554192981839622171172808", "price": "0.09", "size": "100", "side": "BUY", "hash": "e4fd99f3679a5a7048b981b9a0be371febc6bcc5", "best_bid": "0.56", "best_ask": "0.73"}, {"asset_id": "38448941521003008078070054674263158800195186458233326397723121728551006779124", "price": "0.91", "size": "100", "side": "SELL", "hash": "dcfcdc4afc0b92b35837ab4735739d55bca3a4d8", "best_bid": "0.27", "best_ask": "0.44"}], "timestamp": "1769384159457", "event_type": "price_change"}}
{"_local_timestamp": "2026-01-25T23:35:59.810546+00:00", "data": {"market": "0x1d23651883e7168ddcaa829b632f21c18d34ed855b382078433fa8744192c550", "price_changes": [{"asset_id": "62124174259624486512134838000500600230167348183046541554192981839622171172808", "price": "0.1", "size": "606.35", "side": "BUY", "hash": "824f6450b97f8c57e8f866b611501af2e030f08e", "best_bid": "0.56", "best_ask": "0.73"}, {"asset_id": "38448941521003008078070054674263158800195186458233326397723121728551006779124", "price": "0.9", "size": "606.35", "side": "SELL", "hash": "dad494a11c9abf4efe8a021fd81e7ce4fda9a19a", "best_bid": "0.27", "best_ask": "0.44"}], "timestamp": "1769384159737", "event_type": "price_change"}}
{"_local_timestamp": "2026-01-25T23:35:59.935185+00:00", "data": {"market": "0x1d23651883e7168ddcaa829b632f21c18d34ed855b382078433fa8744192c550", "price_changes": [{"asset_id": "62124174259624486512134838000500600230167348183046541554192981839622171172808", "price": "0.11", "size": "1997.11", "side": "BUY", "hash": "5dca578670d955cb864c8268688e1a92941c27dd", "best_bid": "0.56", "best_ask": "0.73"}, {"asset_id": "38448941521003008078070054674263158800195186458233326397723121728551006779124", "price": "0.89", "size": "1997.11", "side": "SELL", "hash": "77807e39062e8422463e1af385bfb33902056e5c", "best_bid": "0.27", "best_ask": "0.44"}], "timestamp": "1769384159861", "event_type": "price_change"}}
{"_local_timestamp": "2026-01-25T23:35:59.935637+00:00", "data": {"market": "0x1d23651883e7168ddcaa829b632f21c18d34ed855b382078433fa8744192c550", "price_changes": [{"asset_id": "62124174259624486512134838000500600230167348183046541554192981839622171172808", "price": "0.11", "size": "3267.21", "side": "BUY", "hash": "5d06bb84a6b9bc0ef1c38349056f98e4d4bd4740", "best_bid": "0.56", "best_ask": "0.73"}, {"asset_id": "38448941521003008078070054674263158800195186458233326397723121728551006779124", "price": "0.89", "size": "3267.21", "side": "SELL", "hash": "8bb6731376f966c2b60e38c41e0d902d214d6a07", "best_bid": "0.27", "best_ask": "0.44"}], "timestamp": "1769384159862", "event_type": "price_change"}}
{"_local_timestamp": "2026-01-25T23:36:01.869370+00:00", "data": {"market": "0x1d23651883e7168ddcaa829b632f21c18d34ed855b382078433fa8744192c550", "price_changes": [{"asset_id": "62124174259624486512134838000500600230167348183046541554192981839622171172808", "price": "0.09", "size": "0", "side": "BUY", "hash": "7ee304bb818164e2f50ce62191505d7226ef9196", "best_bid": "0.56", "best_ask": "0.73"}, {"asset_id": "38448941521003008078070054674263158800195186458233326397723121728551006779124", "price": "0.91", "size": "0", "side": "SELL", "hash": "ffc536f8d0e50e3c803585e976491e23a1edf34b", "best_bid": "0.27", "best_ask": "0.44"}], "timestamp": "1769384161801", "event_type": "price_change"}}
{"_local_timestamp": "2026-01-25T23:36:02.191073+00:00", "data": {"market": "0x1d23651883e7168ddcaa829b632f21c18d34ed855b382078433fa8744192c550", "price_changes": [{"asset_id": "62124174259624486512134838000500600230167348183046541554192981839622171172808", "price": "0.1", "size": "706.35", "side": "BUY", "hash": "3af16f06ee5636a7e35a0ab5001f6121f6da17ad", "best_bid": "0.56", "best_ask": "0.73"}, {"asset_id": "38448941521003008078070054674263158800195186458233326397723121728551006779124", "price": "0.9", "size": "706.35", "side": "SELL", "hash": "ad26585bc2f83cfaa1954540c4bc6dcaef49348d", "best_bid": "0.27", "best_ask": "0.44"}], "timestamp": "1769384162113", "event_type": "price_change"}}
{"_local_timestamp": "2026-01-25T23:36:18.493304+00:00", "data": {"market": "0x1d23651883e7168ddcaa829b632f21c18d34ed855b382078433fa8744192c550", "price_changes": [{"asset_id": "62124174259624486512134838000500600230167348183046541554192981839622171172808", "price": "0.1", "size": "306.35", "side": "BUY", "hash": "19b8719b094c70c4b8359a02b8ac1a1fa909a061", "best_bid": "0.56", "best_ask": "0.73"}, {"asset_id": "38448941521003008078070054674263158800195186458233326397723121728551006779124", "price": "0.9", "size": "306.35", "side": "SELL", "hash": "8e83401af644522c8a3e8d748945357160f205df", "best_bid": "0.27", "best_ask": "0.44"}], "timestamp": "1769384178422", "event_type": "price_change"}}
{"_local_timestamp": "2026-01-25T23:36:18.796029+00:00", "data": {"market": "0x1d23651883e7168ddcaa829b632f21c18d34ed855b382078433fa8744192c550", "price_changes": [{"asset_id": "62124174259624486512134838000500600230167348183046541554192981839622171172808", "price": "0.11", "size": "3667.21", "side": "BUY", "hash": "0215d24890fb5559613b2c12ba1a99def4f056ef", "best_bid": "0.56", "best_ask": "0.73"}, {"asset_id": "38448941521003008078070054674263158800195186458233326397723121728551006779124", "price": "0.89", "size": "3667.21", "side": "SELL", "hash": "b4be1ac89cc523d37e8cd5405183b5837c48841f", "best_bid": "0.27", "best_ask": "0.44"}], "timestamp": "1769384178721", "event_type": "price_change"}}
{"_local_timestamp": "2026-01-25T23:36:23.568082+00:00", "data": {"market": "0x1d23651883e7168ddcaa829b632f21c18d34ed855b382078433fa8744192c550", "price_changes": [{"asset_id": "62124174259624486512134838000500600230167348183046541554192981839622171172808", "price": "0.1", "size": "206.35", "side": "BUY", "hash": "014859cb0184b8f88b6638f493a3402eeb7259be", "best_bid": "0.56", "best_ask": "0.73"}, {"asset_id": "38448941521003008078070054674263158800195186458233326397723121728551006779124", "price": "0.9", "size": "206.35", "side": "SELL", "hash": "6666e5b23bde082c5b26947a269bf86341f5c813", "best_bid": "0.27", "best_ask": "0.44"}], "timestamp": "1769384183477", "event_type": "price_change"}}
{"_local_timestamp": "2026-01-25T23:36:23.627951+00:00", "data": {"market": "0x1d23651883e7168ddcaa829b632f21c18d34ed855b382078433fa8744192c550", "price_changes": [{"asset_id": "62124174259624486512134838000500600230167348183046541554192981839622171172808", "price": "0.11", "size": "400", "side": "BUY", "hash": "7e73f7e6c892da3d61b791258f9f58f4f4c20ca2", "best_bid": "0.56", "best_ask": "0.73"}, {"asset_id": "38448941521003008078070054674263158800195186458233326397723121728551006779124", "price": "0.89", "size": "400", "side": "SELL", "hash": "9fca73325fa3dc952110bdd8a36341fe33993944", "best_bid": "0.27", "best_ask": "0.44"}], "timestamp": "1769384183558", "event_type": "price_change"}}
{"_local_timestamp": "2026-01-25T23:36:23.879220+00:00", "data": {"market": "0x1d23651883e7168ddcaa829b632f21c18d34ed855b382078433fa8744192c550", "price_changes": [{"asset_id": "62124174259624486512134838000500600230167348183046541554192981839622171172808", "price": "0.11", "size": "500", "side": "BUY", "hash": "616f2179894ae8b48bdeadd35320f4c95a7f5a1d", "best_bid": "0.56", "best_ask": "0.73"}, {"asset_id": "38448941521003008078070054674263158800195186458233326397723121728551006779124", "price": "0.89", "size": "500", "side": "SELL", "hash": "fae7aa4e3cf44fe0a44b61549988e738892e2739", "best_bid": "0.27", "best_ask": "0.44"}], "timestamp": "1769384183778", "event_type": "price_change"}}
{"_local_timestamp": "2026-01-25T23:36:31.101705+00:00", "data": {"market": "0x1d23651883e7168ddcaa829b632f21c18d34ed855b382078433fa8744192c550", "price_changes": [{"asset_id": "62124174259624486512134838000500600230167348183046541554192981839622171172808", "price": "0.1", "size": "106.35", "side": "BUY", "hash": "23da1bd351d54752d029946e6bea040c15fa55f6", "best_bid": "0.56", "best_ask": "0.73"}, {"asset_id": "38448941521003008078070054674263158800195186458233326397723121728551006779124", "price": "0.9", "size": "106.35", "side": "SELL", "hash": "e6b2fa72f9d1287be64410cfa5cd1fcc6d8d2e54", "best_bid": "0.27", "best_ask": "0.44"}], "timestamp": "1769384191031", "event_type": "price_change"}}
{"_local_timestamp": "2026-01-25T23:36:31.175030+00:00", "data": {"market": "0x1d23651883e7168ddcaa829b632f21c18d34ed855b382078433fa8744192c550", "price_changes": [{"asset_id": "62124174259624486512134838000500600230167348183046541554192981839622171172808", "price": "0.1", "size": "6.35", "side": "BUY", "hash": "08e5a5cdd02a3c612942b56a49845c0b423de936", "best_bid": "0.56", "best_ask": "0.73"}, {"asset_id": "38448941521003008078070054674263158800195186458233326397723121728551006779124", "price": "0.9", "size": "6.35", "side": "SELL", "hash": "83b45eadb9407e365d39a6b9bee57c284b0fd958", "best_bid": "0.27", "best_ask": "0.44"}], "timestamp": "1769384191107", "event_type": "price_change"}}
{"_local_timestamp": "2026-01-25T23:36:31.398886+00:00", "data": {"market": "0x1d23651883e7168ddcaa829b632f21c18d34ed855b382078433fa8744192c550", "price_changes": [{"asset_id": "62124174259624486512134838000500600230167348183046541554192981839622171172808", "price": "0.11", "size": "600", "side": "BUY", "hash": "af6fb391804ec2dc189804e239214bf0d061de8e", "best_bid": "0.56", "best_ask": "0.73"}, {"asset_id": "38448941521003008078070054674263158800195186458233326397723121728551006779124", "price": "0.89", "size": "600", "side": "SELL", "hash": "69353d9e737498bc2f9e8586c30e6649ab2bb13d", "best_bid": "0.27", "best_ask": "0.44"}], "timestamp": "1769384191329", "event_type": "price_change"}}
{"_local_timestamp": "2026-01-25T23:36:31.560060+00:00", "data": {"market": "0x1d23651883e7168ddcaa829b632f21c18d34ed855b382078433fa8744192c550", "price_changes": [{"asset_id": "62124174259624486512134838000500600230167348183046541554192981839622171172808", "price": "0.12", "size": "1270.1", "side": "BUY", "hash": "ae61d3915adeb83366222caf4a7cbd7963a32dc6", "best_bid": "0.56", "best_ask": "0.73"}, {"asset_id": "38448941521003008078070054674263158800195186458233326397723121728551006779124", "price": "0.88", "size": "1270.1", "side": "SELL", "hash": "fecd72d6db698283ee20a7d237b2c08acdd47f31", "best_bid": "0.27", "best_ask": "0.44"}], "timestamp": "1769384191481", "event_type": "price_change"}}
{"_local_timestamp": "2026-01-25T23:36:31.560654+00:00", "data": {"market": "0x1d23651883e7168ddcaa829b632f21c18d34ed855b382078433fa8744192c550", "price_changes": [{"asset_id": "62124174259624486512134838000500600230167348183046541554192981839622171172808", "price": "0.12", "size": "3267.21", "side": "BUY", "hash": "ed7c1220261a36552f0d9bde7e782ba31e786fa0", "best_bid": "0.56", "best_ask": "0.73"}, {"asset_id": "38448941521003008078070054674263158800195186458233326397723121728551006779124", "price": "0.88", "size": "3267.21", "side": "SELL", "hash": "f7a7598833b8785374da80607834bd7a73b3ff03", "best_bid": "0.27", "best_ask": "0.44"}], "timestamp": "1769384191481", "event_type": "price_change"}}
{"_local_timestamp": "2026-01-25T23:36:31.969102+00:00", "data": {"market": "0x1d23651883e7168ddcaa829b632f21c18d34ed855b382078433fa8744192c550", "price_changes": [{"asset_id": "62124174259624486512134838000500600230167348183046541554192981839622171172808", "price": "0.11", "size": "700", "side": "BUY", "hash": "83112ea64024a07e38ac4dc75b26360aa359f6dc", "best_bid": "0.56", "best_ask": "0.73"}, {"asset_id": "38448941521003008078070054674263158800195186458233326397723121728551006779124", "price": "0.89", "size": "700", "side": "SELL", "hash": "cdbc8105479856d6ca7b722cc4f8449985ebc4dc", "best_bid": "0.27", "best_ask": "0.44"}], "timestamp": "1769384191896", "event_type": "price_change"}}
{"_local_timestamp": "2026-01-25T23:36:41.704574+00:00", "data": {"market": "0x1d23651883e7168ddcaa829b632f21c18d34ed855b382078433fa8744192c550", "price_changes": [{"asset_id": "62124174259624486512134838000500600230167348183046541554192981839622171172808", "price": "0.11", "size": "300", "side": "BUY", "hash": "f0124884b989eb3138e0c0c6a10ec97ee0555bc0", "best_bid": "0.56", "best_ask": "0.73"}, {"asset_id": "38448941521003008078070054674263158800195186458233326397723121728551006779124", "price": "0.89", "size": "300", "side": "SELL", "hash": "5a16bf352a0dc3362ab0e799c8f094424b4c443e", "best_bid": "0.27", "best_ask": "0.44"}], "timestamp": "1769384201631", "event_type": "price_change"}}
{"_local_timestamp": "2026-01-25T23:36:42.031466+00:00", "data": {"market": "0x1d23651883e7168ddcaa829b632f21c18d34ed855b382078433fa8744192c550", "price_changes": [{"asset_id": "62124174259624486512134838000500600230167348183046541554192981839622171172808", "price": "0.08", "size": "3667.21", "side": "BUY", "hash": "5709697911120be4f915e4995d51d192567e6421", "best_bid": "0.56", "best_ask": "0.73"}, {"asset_id": "38448941521003008078070054674263158800195186458233326397723121728551006779124", "price": "0.92", "size": "3667.21", "side": "SELL", "hash": "8e533307ad9637295374e9d993a8229b10d92992", "best_bid": "0.27", "best_ask": "0.44"}], "timestamp": "1769384201930", "event_type": "price_change"}}
{"_local_timestamp": "2026-01-25T23:36:45.872995+00:00", "data": {"market": "0x1d23651883e7168ddcaa829b632f21c18d34ed855b382078433fa8744192c550", "price_changes": [{"asset_id": "62124174259624486512134838000500600230167348183046541554192981839622171172808", "price": "0.11", "size": "200", "side": "BUY", "hash": "494c6d4fcf72e8e7ee44410bad4c030671076a9e", "best_bid": "0.56", "best_ask": "0.73"}, {"asset_id": "38448941521003008078070054674263158800195186458233326397723121728551006779124", "price": "0.89", "size": "200", "side": "SELL", "hash": "43cad2358c7002f24f9403cc6d5907ddc55581aa", "best_bid": "0.27", "best_ask": "0.44"}], "timestamp": "1769384205806", "event_type": "price_change"}}
{"_local_timestamp": "2026-01-25T23:36:45.952697+00:00", "data": {"market": "0x1d23651883e7168ddcaa829b632f21c18d34ed855b382078433fa8744192c550", "price_changes": [{"asset_id": "62124174259624486512134838000500600230167348183046541554192981839622171172808", "price": "0.12", "size": "1270.1", "side": "BUY", "hash": "1166d42f13e7b795acfa5cfaca7aebbb2c5b3ed8", "best_bid": "0.56", "best_ask": "0.73"}, {"asset_id": "38448941521003008078070054674263158800195186458233326397723121728551006779124", "price": "0.88", "size": "1270.1", "side": "SELL", "hash": "fd33805586b401133bd11a50424e51dcaa8a6847", "best_bid": "0.27", "best_ask": "0.44"}], "timestamp": "1769384205889", "event_type": "price_change"}}
{"_local_timestamp": "2026-01-25T23:36:46.055684+00:00", "data": {"market": "0x1d23651883e7168ddcaa829b632f21c18d34ed855b382078433fa8744192c550", "price_changes": [{"asset_id": "62124174259624486512134838000500600230167348183046541554192981839622171172808", "price": "0.12", "size": "0", "side": "BUY", "hash": "9ea6b4a7d2ab824376ed33abf42c1749f910276c", "best_bid": "0.56", "best_ask": "0.73"}, {"asset_id": "38448941521003008078070054674263158800195186458233326397723121728551006779124", "price": "0.88", "size": "0", "side": "SELL", "hash": "345fc5a2cf480ff825afca0ee1372f19ffcd146b", "best_bid": "0.27", "best_ask": "0.44"}], "timestamp": "1769384205981", "event_type": "price_change"}}
{"_local_timestamp": "2026-01-25T23:36:46.192445+00:00", "data": {"market": "0x1d23651883e7168ddcaa829b632f21c18d34ed855b382078433fa8744192c550", "price_changes": [{"asset_id": "62124174259624486512134838000500600230167348183046541554192981839622171172808", "price": "0.13", "size": "1270.1", "side": "BUY", "hash": "fc9c8123b03143b74887a7c74daeb3d6ee883f37", "best_bid": "0.56", "best_ask": "0.73"}, {"asset_id": "38448941521003008078070054674263158800195186458233326397723121728551006779124", "price": "0.87", "size": "1270.1", "side": "SELL", "hash": "9ae650e83c505ecbff3ecfec5a569fdafb898822", "best_bid": "0.27", "best_ask": "0.44"}], "timestamp": "1769384206074", "event_type": "price_change"}}
{"_local_timestamp": "2026-01-25T23:36:46.197672+00:00", "data": {"market": "0x1d23651883e7168ddcaa829b632f21c18d34ed855b382078433fa8744192c550", "price_changes": [{"asset_id": "62124174259624486512134838000500600230167348183046541554192981839622171172808", "price": "0.13", "size": "3267.21", "side": "BUY", "hash": "e89ad1d92b22334c18eaddbbde7fe6b9c8bb6b93", "best_bid": "0.56", "best_ask": "0.73"}, {"asset_id": "38448941521003008078070054674263158800195186458233326397723121728551006779124", "price": "0.87", "size": "3267.21", "side": "SELL", "hash": "7a784b108a5980d0eec68f972b826e5061da7739", "best_bid": "0.27", "best_ask": "0.44"}], "timestamp": "1769384206077", "event_type": "price_change"}}
{"_local_timestamp": "2026-01-25T23:36:46.220667+00:00", "data": {"market": "0x1d23651883e7168ddcaa829b632f21c18d34ed855b382078433fa8744192c550", "price_changes": [{"asset_id": "62124174259624486512134838000500600230167348183046541554192981839622171172808", "price": "0.08", "size": "3767.21", "side": "BUY", "hash": "d22fa8b9082435a2d41a4df9eef8efd05befcd9b", "best_bid": "0.56", "best_ask": "0.73"}, {"asset_id": "38448941521003008078070054674263158800195186458233326397723121728551006779124", "price": "0.92", "size": "3767.21", "side": "SELL", "hash": "93c3a9e151a6a361f8488fa9d6293245deac38fe", "best_bid": "0.27", "best_ask": "0.44"}], "timestamp": "1769384206088", "event_type": "price_change"}}
{"_local_timestamp": "2026-01-25T23:36:58.222766+00:00", "data": {"market": "0x1d23651883e7168ddcaa829b632f21c18d34ed855b382078433fa8744192c550", "price_changes": [{"asset_id": "62124174259624486512134838000500600230167348183046541554192981839622171172808", "price": "0.15", "size": "0", "side": "BUY", "hash": "9eb460f7c095eba4532bf5a9c63f76cb08fa3895", "best_bid": "0.56", "best_ask": "0.73"}, {"asset_id": "38448941521003008078070054674263158800195186458233326397723121728551006779124", "price": "0.85", "size": "0", "side": "SELL", "hash": "b069a9952933813cf5e53137d9c265133c24303f", "best_bid": "0.27", "best_ask": "0.44"}], "timestamp": "1769384218084", "event_type": "price_change"}}
{"_local_timestamp": "2026-01-25T23:36:58.374135+00:00", "data": {"market": "0x1d23651883e7168ddcaa829b632f21c18d34ed855b382078433fa8744192c550", "price_changes": [{"asset_id": "62124174259624486512134838000500600230167348183046541554192981839622171172808", "price": "0.13", "size": "0", "side": "BUY", "hash": "da3b01e4e279b81810dce4ddab8a713881d91a45", "best_bid": "0.56", "best_ask": "0.73"}, {"asset_id": "38448941521003008078070054674263158800195186458233326397723121728551006779124", "price": "0.87", "size": "0", "side": "SELL", "hash": "175dcb40028aba088c6f3957cdab5b619aa52ba4", "best_bid": "0.27", "best_ask": "0.44"}], "timestamp": "1769384218227", "event_type": "price_change"}}
{"_local_timestamp": "2026-01-25T23:37:00.841312+00:00", "data": {"market": "0x1d23651883e7168ddcaa829b632f21c18d34ed855b382078433fa8744192c550", "price_changes": [{"asset_id": "62124174259624486512134838000500600230167348183046541554192981839622171172808", "price": "0.11", "size": "100", "side": "BUY", "hash": "63fec5970bc5511a5feab9685cb5d897f73399b0", "best_bid": "0.56", "best_ask": "0.73"}, {"asset_id": "38448941521003008078070054674263158800195186458233326397723121728551006779124", "price": "0.89", "size": "100", "side": "SELL", "hash": "7944f71a439eeae39c3b398af5eb08d90857c89b", "best_bid": "0.27", "best_ask": "0.44"}], "timestamp": "1769384220772", "event_type": "price_change"}}
{"_local_timestamp": "2026-01-25T23:37:01.117579+00:00", "data": {"market": "0x1d23651883e7168ddcaa829b632f21c18d34ed855b382078433fa8744192c550", "price_changes": [{"asset_id": "62124174259624486512134838000500600230167348183046541554192981839622171172808", "price": "0.12", "size": "100", "side": "BUY", "hash": "11fea2bbb7a24c73f24c88e7856cfb8c67bb411b", "best_bid": "0.56", "best_ask": "0.73"}, {"asset_id": "38448941521003008078070054674263158800195186458233326397723121728551006779124", "price": "0.88", "size": "100", "side": "SELL", "hash": "2350c0f353e26b8ae9ebc85a35e59b1ae9b3a2a0", "best_bid": "0.27", "best_ask": "0.44"}], "timestamp": "1769384221048", "event_type": "price_change"}}
{"_local_timestamp": "2026-01-25T23:37:02.942484+00:00", "data": {"market": "0x1d23651883e7168ddcaa829b632f21c18d34ed855b382078433fa8744192c550", "price_changes": [{"asset_id": "62124174259624486512134838000500600230167348183046541554192981839622171172808", "price": "0.08", "size": "3367.21", "side": "BUY", "hash": "1e2c481b202a8f07f2fe9154b3b5f81629b52be3", "best_bid": "0.56", "best_ask": "0.73"}, {"asset_id": "38448941521003008078070054674263158800195186458233326397723121728551006779124", "price": "0.92", "size": "3367.21", "side": "SELL", "hash": "34f6e430e1948d2bfa9032d95a4a55d80b846a92", "best_bid": "0.27", "best_ask": "0.44"}], "timestamp": "1769384222860", "event_type": "price_change"}}
{"_local_timestamp": "2026-01-25T23:37:03.202313+00:00", "data": {"market": "0x1d23651883e7168ddcaa829b632f21c18d34ed855b382078433fa8744192c550", "price_changes": [{"asset_id": "62124174259624486512134838000500600230167348183046541554192981839622171172808", "price": "0.13", "size": "400", "side": "BUY", "hash": "fd85d946965fcd2b9ff8e00cbb477c2cb536c6b7", "best_bid": "0.56", "best_ask": "0.73"}, {"asset_id": "38448941521003008078070054674263158800195186458233326397723121728551006779124", "price": "0.87", "size": "400", "side": "SELL", "hash": "00abc26958d95ca63912832a4cd5f5f70c629f24", "best_bid": "0.27", "best_ask": "0.44"}], "timestamp": "1769384223136", "event_type": "price_change"}}
{"_local_timestamp": "2026-01-25T23:37:04.518581+00:00", "data": {"market": "0x1d23651883e7168ddcaa829b632f21c18d34ed855b382078433fa8744192c550", "price_changes": [{"asset_id": "62124174259624486512134838000500600230167348183046541554192981839622171172808", "price": "0.11", "size": "0", "side": "BUY", "hash": "c3f3fd05f2041587bffe72f4a3080c13e45f8998", "best_bid": "0.56", "best_ask": "0.73"}, {"asset_id": "38448941521003008078070054674263158800195186458233326397723121728551006779124", "price": "0.89", "size": "0", "side": "SELL", "hash": "3fea795f82d336695657e3f163a82c7120e4877d", "best_bid": "0.27", "best_ask": "0.44"}], "timestamp": "1769384224450", "event_type": "price_change"}}
{"_local_timestamp": "2026-01-25T23:37:04.813306+00:00", "data": {"market": "0x1d23651883e7168ddcaa829b632f21c18d34ed855b382078433fa8744192c550", "price_changes": [{"asset_id": "62124174259624486512134838000500600230167348183046541554192981839622171172808", "price": "0.12", "size": "200", "side": "BUY", "hash": "f6eb4a0249b901e3a7b95f2cf008d68d8f952d14", "best_bid": "0.56", "best_ask": "0.73"}, {"asset_id": "38448941521003008078070054674263158800195186458233326397723121728551006779124", "price": "0.88", "size": "200", "side": "SELL", "hash": "b045524f5d9e4ee6ad44bff768e59e142b873b8d", "best_bid": "0.27", "best_ask": "0.44"}], "timestamp": "1769384224741", "event_type": "price_change"}}
{"_local_timestamp": "2026-01-25T23:37:10.419982+00:00", "data": {"market": "0x1d23651883e7168ddcaa829b632f21c18d34ed855b382078433fa8744192c550", "price_changes": [{"asset_id": "62124174259624486512134838000500600230167348183046541554192981839622171172808", "price": "0.08", "size": "3267.21", "side": "BUY", "hash": "0cdde49dfe756f8318ee02e8641d588c99569470", "best_bid": "0.56", "best_ask": "0.73"}, {"asset_id": "38448941521003008078070054674263158800195186458233326397723121728551006779124", "price": "0.92", "size": "3267.21", "side": "SELL", "hash": "acff339a25a112b9754560b11e25c8f7a1614a7a", "best_bid": "0.27", "best_ask": "0.44"}], "timestamp": "1769384230352", "event_type": "price_change"}}
{"_local_timestamp": "2026-01-25T23:37:10.778581+00:00", "data": {"market": "0x1d23651883e7168ddcaa829b632f21c18d34ed855b382078433fa8744192c550", "price_changes": [{"asset_id": "62124174259624486512134838000500600230167348183046541554192981839622171172808", "price": "0.13", "size": "500", "side": "BUY", "hash": "bb32da47a46cd5ab29bd0b9c9004db8481eac57d", "best_bid": "0.56", "best_ask": "0.73"}, {"asset_id": "38448941521003008078070054674263158800195186458233326397723121728551006779124", "price": "0.87", "size": "500", "side": "SELL", "hash": "8530cdbefbc541f34fd0223b8ad0078bac21a2c1", "best_bid": "0.27", "best_ask": "0.44"}], "timestamp": "1769384230694", "event_type": "price_change"}}
{"_local_timestamp": "2026-01-25T23:37:26.575515+00:00", "data": {"market": "0x1d23651883e7168ddcaa829b632f21c18d34ed855b382078433fa8744192c550", "price_changes": [{"asset_id": "62124174259624486512134838000500600230167348183046541554192981839622171172808", "price": "0.55", "size": "890.11", "side": "BUY", "hash": "a6ad78fafe3a9801eba55db57b101b800f484196", "best_bid": "0.56", "best_ask": "0.73"}, {"asset_id": "38448941521003008078070054674263158800195186458233326397723121728551006779124", "price": "0.45", "size": "890.11", "side": "SELL", "hash": "160ee93d2e56ae4923d1ffefd7f6f86aeb897e78", "best_bid": "0.27", "best_ask": "0.44"}], "timestamp": "1769384246511", "event_type": "price_change"}}
{"_local_timestamp": "2026-01-25T23:37:26.723148+00:00", "data": {"market": "0x1d23651883e7168ddcaa829b632f21c18d34ed855b382078433fa8744192c550", "price_changes": [{"asset_id": "62124174259624486512134838000500600230167348183046541554192981839622171172808", "price": "0.13", "size": "100", "side": "BUY", "hash": "89508c55e8f01434cf0782b98e5d6a106e424ff6", "best_bid": "0.56", "best_ask": "0.73"}, {"asset_id": "38448941521003008078070054674263158800195186458233326397723121728551006779124", "price": "0.87", "size": "100", "side": "SELL", "hash": "d7e1906f5ccb44fa67ade3e1030cc54eaf61e8f3", "best_bid": "0.27", "best_ask": "0.44"}], "timestamp": "1769384246650", "event_type": "price_change"}}
{"_local_timestamp": "2026-01-25T23:37:26.753777+00:00", "data": {"market": "0x1d23651883e7168ddcaa829b632f21c18d34ed855b382078433fa8744192c550", "price_changes": [{"asset_id": "62124174259624486512134838000500600230167348183046541554192981839622171172808", "price": "0.21", "size": "890.11", "side": "BUY", "hash": "f945d8e8d98abaf9adf61a369cd7c2a9f7e5f381", "best_bid": "0.56", "best_ask": "0.73"}, {"asset_id": "38448941521003008078070054674263158800195186458233326397723121728551006779124", "price": "0.79", "size": "890.11", "side": "SELL", "hash": "cb7e7c0cb6abb22fb37432de75782504224af6d7", "best_bid": "0.27", "best_ask": "0.44"}], "timestamp": "1769384246689", "event_type": "price_change"}}
{"_local_timestamp": "2026-01-25T23:37:26.764052+00:00", "data": {"market": "0x1d23651883e7168ddcaa829b632f21c18d34ed855b382078433fa8744192c550", "price_changes": [{"asset_id": "62124174259624486512134838000500600230167348183046541554192981839622171172808", "price": "0.2", "size": "1415.11", "side": "BUY", "hash": "740f04aef2f3656018cf62a9a74cbe497b07a155", "best_bid": "0.56", "best_ask": "0.73"}, {"asset_id": "38448941521003008078070054674263158800195186458233326397723121728551006779124", "price": "0.8", "size": "1415.11", "side": "SELL", "hash": "eb22fb0ef1dae4220e4e21aa56cac495c62e64aa", "best_bid": "0.27", "best_ask": "0.44"}], "timestamp": "1769384246689", "event_type": "price_change"}}
{"_local_timestamp": "2026-01-25T23:37:26.764704+00:00", "data": {"market": "0x1d23651883e7168ddcaa829b632f21c18d34ed855b382078433fa8744192c550", "price_changes": [{"asset_id": "62124174259624486512134838000500600230167348183046541554192981839622171172808", "price": "0.08", "size": "4157.32", "side": "BUY", "hash": "110faecd8252ad65ad555461a5a5044c8403befb", "best_bid": "0.56", "best_ask": "0.73"}, {"asset_id": "38448941521003008078070054674263158800195186458233326397723121728551006779124", "price": "0.92", "size": "4157.32", "side": "SELL", "hash": "384dc38ba99e854eb5d9ab16f82e026a3408e379", "best_bid": "0.27", "best_ask": "0.44"}], "timestamp": "1769384246690", "event_type": "price_change"}}
{"_local_timestamp": "2026-01-25T23:37:27.037320+00:00", "data": {"market": "0x1d23651883e7168ddcaa829b632f21c18d34ed855b382078433fa8744192c550", "price_changes": [{"asset_id": "62124174259624486512134838000500600230167348183046541554192981839622171172808", "price": "0.08", "size": "4557.32", "side": "BUY", "hash": "4e89769c70affa9194f278e89f9db7cba968bda1", "best_bid": "0.56", "best_ask": "0.73"}, {"asset_id": "38448941521003008078070054674263158800195186458233326397723121728551006779124", "price": "0.92", "size": "4557.32", "side": "SELL", "hash": "3b07d8f9ebec9eaa3109d0864ee9203f494ff446", "best_bid": "0.27", "best_ask": "0.44"}], "timestamp": "1769384246924", "event_type": "price_change"}}
{"_local_timestamp": "2026-01-25T23:37:32.012586+00:00", "data": {"market": "0x1d23651883e7168ddcaa829b632f21c18d34ed855b382078433fa8744192c550", "price_changes": [{"asset_id": "62124174259624486512134838000500600230167348183046541554192981839622171172808", "price": "0.12", "size": "100", "side": "BUY", "hash": "57c20867a54f4aea0c1a99fc1cedee2a4b253906", "best_bid": "0.56", "best_ask": "0.73"}, {"asset_id": "38448941521003008078070054674263158800195186458233326397723121728551006779124", "price": "0.88", "size": "100", "side": "SELL", "hash": "45e9d24c6a1993a62df6c52e20d173463903b9c6", "best_bid": "0.27", "best_ask": "0.44"}], "timestamp": "1769384251902", "event_type": "price_change"}}
{"_local_timestamp": "2026-01-25T23:37:32.237213+00:00", "data": {"market": "0x1d23651883e7168ddcaa829b632f21c18d34ed855b382078433fa8744192c550", "price_changes": [{"asset_id": "62124174259624486512134838000500600230167348183046541554192981839622171172808", "price": "0.56", "size": "0", "side": "BUY", "hash": "b509a4d1b51a07594fa8947a6c2022cc35052b5a", "best_bid": "0.22", "best_ask": "0.73"}, {"asset_id": "38448941521003008078070054674263158800195186458233326397723121728551006779124", "price": "0.44", "size": "0", "side": "SELL", "hash": "9e92ec0671a263eeb76ef871afb277c443190005", "best_bid": "0.27", "best_ask": "0.78"}], "timestamp": "1769384252085", "event_type": "price_change"}}
{"_local_timestamp": "2026-01-25T23:37:32.237769+00:00", "data": {"market": "0x1d23651883e7168ddcaa829b632f21c18d34ed855b382078433fa8744192c550", "price_changes": [{"asset_id": "62124174259624486512134838000500600230167348183046541554192981839622171172808", "price": "0.55", "size": "0", "side": "BUY", "hash": "b509a4d1b51a07594fa8947a6c2022cc35052b5a", "best_bid": "0.22", "best_ask": "0.73"}, {"asset_id": "38448941521003008078070054674263158800195186458233326397723121728551006779124", "price": "0.45", "size": "0", "side": "SELL", "hash": "9e92ec0671a263eeb76ef871afb277c443190005", "best_bid": "0.27", "best_ask": "0.78"}], "timestamp": "1769384252085", "event_type": "price_change"}}
{"_local_timestamp": "2026-01-25T23:37:32.305387+00:00", "data": {"market": "0x1d23651883e7168ddcaa829b632f21c18d34ed855b382078433fa8744192c550", "price_changes": [{"asset_id": "62124174259624486512134838000500600230167348183046541554192981839622171172808", "price": "0.08", "size": "4657.32", "side": "BUY", "hash": "27f4d8244bab28ad2e7658211640ce1722524031", "best_bid": "0.22", "best_ask": "0.73"}, {"asset_id": "38448941521003008078070054674263158800195186458233326397723121728551006779124", "price": "0.92", "size": "4657.32", "side": "SELL", "hash": "d3640f70a7befdcfe540f46917d81fdf04d47fef", "best_bid": "0.27", "best_ask": "0.78"}], "timestamp": "1769384252174", "event_type": "price_change"}}
{"_local_timestamp": "2026-01-25T23:37:32.487409+00:00", "data": {"market": "0x1d23651883e7168ddcaa829b632f21c18d34ed855b382078433fa8744192c550", "price_changes": [{"asset_id": "62124174259624486512134838000500600230167348183046541554192981839622171172808", "price": "0.22", "size": "105", "side": "BUY", "hash": "82ac2797940fcf99dc1ac4f4e07a5e75c04c28cc", "best_bid": "0.22", "best_ask": "0.73"}, {"asset_id": "38448941521003008078070054674263158800195186458233326397723121728551006779124", "price": "0.78", "size": "105", "side": "SELL", "hash": "8506fb2d4de48bc7eb441f0e7a5cef0eeb241279", "best_bid": "0.27", "best_ask": "0.78"}], "timestamp": "1769384252417", "event_type": "price_change"}}
{"_local_timestamp": "2026-01-25T23:37:33.243557+00:00", "data": {"market": "0x1d23651883e7168ddcaa829b632f21c18d34ed855b382078433fa8744192c550", "price_changes": [{"asset_id": "38448941521003008078070054674263158800195186458233326397723121728551006779124", "price": "0.05", "size": "5.47", "side": "BUY", "hash": "d4fc4f82afd86e28edd83a15158961937e66b0de", "best_bid": "0.27", "best_ask": "0.78"}, {"asset_id": "62124174259624486512134838000500600230167348183046541554192981839622171172808", "price": "0.95", "size": "5.47", "side": "SELL", "hash": "68a57c6b99b42d211b460a621aaa54dc3e229b99", "best_bid": "0.22", "best_ask": "0.73"}], "timestamp": "1769384253150", "event_type": "price_change"}}
{"_local_timestamp": "2026-01-25T23:37:35.560672+00:00", "data": {"market": "0x1d23651883e7168ddcaa829b632f21c18d34ed855b382078433fa8744192c550", "price_changes": [{"asset_id": "62124174259624486512134838000500600230167348183046541554192981839622171172808", "price": "0.13", "size": "0", "side": "BUY", "hash": "3c52c6c9ad9bb37e1937513773ac8bb35c8254f5", "best_bid": "0.22", "best_ask": "0.73"}, {"asset_id": "38448941521003008078070054674263158800195186458233326397723121728551006779124", "price": "0.87", "size": "0", "side": "SELL", "hash": "334f80645dd2e4df3cc2c4e2de8baf18db99c62e", "best_bid": "0.27", "best_ask": "0.78"}], "timestamp": "1769384255481", "event_type": "price_change"}}
{"_local_timestamp": "2026-01-25T23:37:35.823027+00:00", "data": {"market": "0x1d23651883e7168ddcaa829b632f21c18d34ed855b382078433fa8744192c550", "price_changes": [{"asset_id": "62124174259624486512134838000500600230167348183046541554192981839622171172808", "price": "0.08", "size": "4757.32", "side": "BUY", "hash": "eb70a7538f42d63169a7adda470a39e3f20ecf39", "best_bid": "0.22", "best_ask": "0.73"}, {"asset_id": "38448941521003008078070054674263158800195186458233326397723121728551006779124", "price": "0.92", "size": "4757.32", "side": "SELL", "hash": "c1f6ebfc0a0ba124207c9eae7aba51ff7fa22a6b", "best_bid": "0.27", "best_ask": "0.78"}], "timestamp": "1769384255759", "event_type": "price_change"}}
{"_local_timestamp": "2026-01-25T23:37:35.910752+00:00", "data": {"market": "0x1d23651883e7168ddcaa829b632f21c18d34ed855b382078433fa8744192c550", "price_changes": [{"asset_id": "62124174259624486512134838000500600230167348183046541554192981839622171172808", "price": "0.09", "size": "890.11", "side": "BUY", "hash": "38eb437bf6c4346c37d8e9ae0c546d301c0e855b", "best_bid": "0.22", "best_ask": "0.73"}, {"asset_id": "38448941521003008078070054674263158800195186458233326397723121728551006779124", "price": "0.91", "size": "890.11", "side": "SELL", "hash": "de6d5ea48e443fe9b9fb1c0d61c8e2d70016b0b5", "best_bid": "0.27", "best_ask": "0.78"}], "timestamp": "1769384255848", "event_type": "price_change"}}
{"_local_timestamp": "2026-01-25T23:37:35.951271+00:00", "data": {"market": "0x1d23651883e7168ddcaa829b632f21c18d34ed855b382078433fa8744192c550", "price_changes": [{"asset_id": "62124174259624486512134838000500600230167348183046541554192981839622171172808", "price": "0.09", "size": "2887.22", "side": "BUY", "hash": "d3833a1bfd42f7ab0541b892ce9b5138fd853066", "best_bid": "0.22", "best_ask": "0.73"}, {"asset_id": "38448941521003008078070054674263158800195186458233326397723121728551006779124", "price": "0.91", "size": "2887.22", "side": "SELL", "hash": "be26cf5bef57d9fe4c6265013a9cb4fdd67f74f4", "best_bid": "0.27", "best_ask": "0.78"}], "timestamp": "1769384255880", "event_type": "price_change"}}
{"_local_timestamp": "2026-01-25T23:37:35.951860+00:00", "data": {"market": "0x1d23651883e7168ddcaa829b632f21c18d34ed855b382078433fa8744192c550", "price_changes": [{"asset_id": "62124174259624486512134838000500600230167348183046541554192981839622171172808", "price": "0.09", "size": "4157.32", "side": "BUY", "hash": "9abe8d88e1fd3a6adb560e5dd37f578ab18385aa", "best_bid": "0.22", "best_ask": "0.73"}, {"asset_id": "38448941521003008078070054674263158800195186458233326397723121728551006779124", "price": "0.91", "size": "4157.32", "side": "SELL", "hash": "ccd03e5f7ceea89a1e0145632a6f6159b9d62b13", "best_bid": "0.27", "best_ask": "0.78"}], "timestamp": "1769384255881", "event_type": "price_change"}}
{"_local_timestamp": "2026-01-25T23:37:37.948896+00:00", "data": {"market": "0x1d23651883e7168ddcaa829b632f21c18d34ed855b382078433fa8744192c550", "price_changes": [{"asset_id": "62124174259624486512134838000500600230167348183046541554192981839622171172808", "price": "0.12", "size": "0", "side": "BUY", "hash": "c4464db24fd0744c6622bccf34be40e7c610033c", "best_bid": "0.22", "best_ask": "0.73"}, {"asset_id": "38448941521003008078070054674263158800195186458233326397723121728551006779124", "price": "0.88", "size": "0", "side": "SELL", "hash": "f8e5691d66e97e67f837c8ec90ee11b5bec29e1f", "best_bid": "0.27", "best_ask": "0.78"}], "timestamp": "1769384257875", "event_type": "price_change"}}
{"_local_timestamp": "2026-01-25T23:37:38.234953+00:00", "data": {"market": "0x1d23651883e7168ddcaa829b632f21c18d34ed855b382078433fa8744192c550", "price_changes": [{"asset_id": "62124174259624486512134838000500600230167348183046541554192981839622171172808", "price": "0.08", "size": "4857.32", "side": "BUY", "hash": "4a39b647d9f25cf6f4cd6f0b6b67e6e41fe33b43", "best_bid": "0.22", "best_ask": "0.73"}, {"asset_id": "38448941521003008078070054674263158800195186458233326397723121728551006779124", "price": "0.92", "size": "4857.32", "side": "SELL", "hash": "afef48beeaa0b83fae571a0118c5482b2dd8a10a", "best_bid": "0.27", "best_ask": "0.78"}], "timestamp": "1769384258158", "event_type": "price_change"}}
