{"_local_timestamp": "2026-01-25T23:34:22.312155+00:00", "data": [{"market": "0x0aff67e7e481b5b0cea6e2ef86872a0dff2093d188c27e3e08236b83adf52d9f", "asset_id": "102758573712892107558701784556249010768858085000098456920390255494045792388987", "timestamp": "1769383982949", "hash": "2f1b6cfaac3bff28477c10624c6956c43ad6aa34", "bids": [{"price": "0.01", "size": "257.59"}, {"price": "0.02", "size": "272.1"}, {"price": "0.03", "size": "21.06"}, {"price": "0.05", "size": "23.99"}, {"price": "0.06", "size": "5.47"}], "asks": [{"price": "0.99", "size": "255.04"}, {"price": "0.98", "size": "294.48"}, {"price": "0.97", "size": "18.99"}, {"price": "0.96", "size": "29.99"}], "event_type": "book", "last_trade_price": ""}, {"market": "0x8ea2c96bc3497aa2c3a6496f426fbadfe2e352cd182739c3fe0a77dc2bdf41bd", "asset_id": "71799240268195051242213314424313418639856602063606061894685521042244617042618", "timestamp": "1769383982949", "hash": "4f31ab570c0edc8d93cd25d8b619512b6f9a72e0", "bids": [{"price": "0.01", "size": "1185.17"}, {"price": "0.02", "size": "150"}, {"price": "0.03", "size": "11.61"}, {"price": "0.05", "size": "12"}, {"price": "0.06", "size": "10"}, {"price": "0.55", "size": "165"}, {"price": "0.56", "size": "8.92"}], "asks": [{"price": "0.99", "size": "201.19"}, {"price": "0.98", "size": "245.87"}, {"price": "0.97", "size": "22.35"}, {"price": "0.95", "size": "23.99"}, {"price": "0.94", "size": "5.47"}], "event_type": "book", "last_trade_price": ""}, {"market": "0x0aff67e7e481b5b0cea6e2ef86872a0dff2093d188c27e3e08236b83adf52d9f", "asset_id": "43339192035703563527712502502502979138615055359523497338859643163002901611734", "timestamp": "1769383982949", "hash": "69bb8f67c41f0b6e58bc25b49fda0c627e0e9ba4", "bids": [{"price": "0.01", "size": "255.04"}, {"price": "0.02", "size": "294.48"}, {"price": "0.03", "size": "18.99"}, {"price": "0.04", "size": "29.99"}], "asks": [{"price": "0.99", "size": "257.59"}, {"price": "0.98", "size": "272.1"}, {"price": "0.97", "size": "21.06"}, {"price": "0.95", "size": "23.99"}, {"price": "0.94", "size": "5.47"}], "event_type": "book", "last_trade_price": ""}, {"market": "0x7ad069f710056ceb284f5570f7be531e5b643ab210d6c4af6cbdde0570794e76", "asset_id": "20832699753068358119721854220782913483665144682542665538663819066522222797314", "timestamp": "1769383795877", "hash": "93e71994a8503b5e8bf4043e7fcbc054cf542c79", "bids": [{"price": "0.01", "size": "302.04"}, {"price": "0.02", "size": "163.48"}, {"price": "0.03", "size": "18.99"}, {"price": "0.04", "size": "29.99"}], "asks": [{"price": "0.99", "size": "294.28"}, {"price": "0.98", "size": "147.03"}, {"price": "0.97", "size": "12.8"}, {"price": "0.94", "size": "11.01"}], "event_type": "book", "last_trade_price": ""}, {"market": "0xa3f6e93bed4a0f9f9f9e2ffb22d9f68f486113ef3e9283198f9d963577e04509", "asset_id": "107455424334569589318306070444732869022319479697775840020117867668293790550716", "timestamp": "1769383982949", "hash": "5b2dec90fc15338ab964a9c1d1de1461064a4b1b", "bids": [{"price": "0.01", "size": "302.04"}, {"price": "0.02", "size": "163.48"}, {"price": "0.03", "size": "18.99"}, {"price": "0.04", "size": "29.99"}], "asks": [{"price": "0.99", "size": "303.93"}, {"price": "0.98", "size": "147.03"}, {"price": "0.97", "size": "20.66"}, {"price": "0.95", "size": "23.99"}, {"price": "0.94", "size": "5.47"}], "event_type": "book", "last_trade_price": ""}, {"market": "0xa3f6e93bed4a0f9f9f9e2ffb22d9f68f486113ef3e9283198f9d963577e04509", "asset_id": "114303873395239391904083075096134216095888803961188355616856805106293793527878", "timestamp": "1769383982949", "hash": "8e2c2a800add47f968527baad1db0b6252f25b41", "bids": [{"price": "0.01", "size": "303.93"}, {"price": "0.02", "size": "147.03"}, {"price": "0.03", "size": "20.66"}, {"price": "0.05", "size": "23.99"}, {"price": "0.06", "size": "5.47"}], "asks": [{"price": "0.99", "size": "302.04"}, {"price": "0.98", "size": "163.48"}, {"price": "0.97", "size": "18.99"}, {"price": "0.96", "size": "29.99"}], "event_type": "book", "last_trade_price": ""}, {"market": "0x7ad069f710056ceb284f5570f7be531e5b643ab210d6c4af6cbdde0570794e76", "asset_id": "32596615658790197933237821446561135676859833787164725556595421924289194347708", "timestamp": "1769383795877", "hash": "54fd456051290bd512a12152aac27e797da61244", "bids": [{"price": "0.01", "size": "294.28"}, {"price": "0.02", "size": "147.03"}, {"price": "0.03", "size": "12.8"}, {"price": "0.06", "size": "11.01"}], "asks": [{"price": "0.99", "size": "302.04"}, {"price": "0.98", "size": "163.48"}, {"price": "0.97", "size": "18.99"}, {"price": "0.96", "size": "29.99"}], "event_type": "book", "last_trade_price": ""}, {"market": "0x8ea2c96bc3497aa2c3a6496f426fbadfe2e352cd182739c3fe0a77dc2bdf41bd", "asset_id": "16360134489180861157139665818107543567749994198194778699524084241979421323299", "timestamp": "1769383982949", "hash": "9fed4313856dda99428ef5d5ee1bd093e6e700ba", "bids": [{"price": "0.01", "size": "201.19"}, {"price": "0.02", "size": "245.87"}, {"price": "0.03", "size": "22.35"}, {"price": "0.05", "size": "23.99"}, {"price": "0.06", "size": "5.47"}], "asks": [{"price": "0.99", "size": "1185.17"}, {"price": "0.98", "size": "150"}, {"price": "0.97", "size": "11.61"}, {"price": "0.95", "size": "12"}, {"price": "0.94", "size": "10"}, {"price": "0.45", "size": "165"}, {"price": "0.44", "size": "8.92"}], "event_type": "book", "last_trade_price": ""}, {"market": "0xf86411e09b0a365480b02a666ac7b757bdee3c10147c3217f69da41669424f7f", "asset_id": "89267445821829436163330197852994400213775829735931530257012007557187948316651", "timestamp": "1769382047199", "hash": "e9d31a029593a0b2814aabda0149fb617534e58e", "bids": [{"price": "0.01", "size": "685.02"}, {"price": "0.02", "size": "150"}, {"price": "0.03", "size": "31.66"}, {"price": "0.13", "size": "300"}, {"price": "0.15", "size": "200"}, {"price": "0.16", "size": "125"}, {"price": "0.17", "size": "62"}, {"price": "0.18", "size": "75"}, {"price": "0.5", "size": "10"}, {"price": "0.69", "size": "50"}], "asks": [{"price": "0.99", "size": "290.65"}, {"price": "0.98", "size": "150"}, {"price": "0.97", "size": "29.78"}, {"price": "0.92", "size": "300"}, {"price": "0.91", "size": "325"}, {"price": "0.9", "size": "237"}, {"price": "0.85", "size": "10"}, {"price": "0.84", "size": "50"}], "event_type": "book", "last_trade_price": ""}, {"market": "0xf86411e09b0a365480b02a666ac7b757bdee3c10147c3217f69da41669424f7f", "asset_id": "82133223426475348619239419346714797128942970751625890003343744065123614893799", "timestamp": "1769382047199", "hash": "5038fa4ad706479c6a4e0e499ce4ede1b77eaf7d", "bids": [{"price": "0.01", "size": "290.65"}, {"price": "0.02", "size": "150"}, {"price": "0.03", "size": "29.78"}, {"price": "0.08", "size": "300"}, {"price": "0.09", "size": "325"}, {"price": "0.1", "size": "237"}, {"price": "0.15", "size": "10"}, {"price": "0.16", "size": "50"}], "asks": [{"price": "0.99", "size": "685.02"}, {"price": "0.98", "size": "150"}, {"price": "0.97", "size": "31.66"}, {"price": "0.87", "size": "300"}, {"price": "0.85", "size": "200"}, {"price": "0.84", "size": "125"}, {"price": "0.83", "size": "62"}, {"price": "0.82", "size": "75"}, {"price": "0.5", "size": "10"}, {"price": "0.31", "size": "50"}], "event_type": "book", "last_trade_price": ""}]}
{"_local_timestamp": "2026-01-25T23:34:33.670474+00:00", "data": {"market": "0x8ea2c96bc3497aa2c3a6496f426fbadfe2e352cd182739c3fe0a77dc2bdf41bd", "price_changes": [{"asset_id": "16360134489180861157139665818107543567749994198194778699524084241979421323299", "price": "0.05", "size": "0", "side": "BUY", "hash": "7439711de4a39e53fbb9e969a98dd8a5ef850e05", "best_bid": "0.06", "best_ask": "0.44"}, {"asset_id": "71799240268195051242213314424313418639856602063606061894685521042244617042618", "price": "0.95", "size": "0", "side": "SELL", "hash": "8ca353c59cbdd960556efcac149cbd7ca55ee9b3", "best_bid": "0.56", "best_ask": "0.94"}], "timestamp": "1769384073594", "event_type": "price_change"}}
{"_local_timestamp": "2026-01-25T23:34:33.676203+00:00", "data": {"market": "0x0aff67e7e481b5b0cea6e2ef86872a0dff2093d188c27e3e08236b83adf52d9f", "price_changes": [{"asset_id": "102758573712892107558701784556249010768858085000098456920390255494045792388987", "price": "0.05", "size": "0", "side": "BUY", "hash": "89b2a632d6d3dcbd2f70e82c18ca3b59de9ec591", "best_bid": "0.06", "best_ask": "0.96"}, {"asset_id": "43339192035703563527712502502502979138615055359523497338859643163002901611734", "price": "0.95", "size": "0", "side": "SELL", "hash": "242825fd52cbcdf50d5825e92c4602f5d4aae585", "best_bid": "0.04", "best_ask": "0.94"}], "timestamp": "1769384073594", "event_type": "price_change"}}
{"_local_timestamp": "2026-01-25T23:34:33.755410+00:00", "data": {"market": "0xa3f6e93bed4a0f9f9f9e2ffb22d9f68f486113ef3e9283198f9d963577e04509", "price_changes": [{"asset_id": "114303873395239391904083075096134216095888803961188355616856805106293793527878", "price": "0.05", "size": "0", "side": "BUY", "hash": "a666ed81c9ee58557f9d0261afb79bacd7bb4605", "best_bid": "0.06", "best_ask": "0.96"}, {"asset_id": "107455424334569589318306070444732869022319479697775840020117867668293790550716", "price": "0.95", "size": "0", "side": "SELL", "hash": "ca0eb9d8dd7882333922b3ccc4cdc6839eb02abc", "best_bid": "0.04", "best_ask": "0.94"}], "timestamp": "1769384073686", "event_type": "price_change"}}
{"_local_timestamp": "2026-01-25T23:34:35.129897+00:00", "data": {"market": "0x8ea2c96bc3497aa2c3a6496f426fbadfe2e352cd182739c3fe0a77dc2bdf41bd", "price_changes": [{"asset_id": "16360134489180861157139665818107543567749994198194778699524084241979421323299", "price": "0.06", "size": "0", "side": "BUY", "hash": "34144da40ca9f4589382d5f7ed06b5d8a6253ab6", "best_bid": "0.03", "best_ask": "0.44"}, {"asset_id": "71799240268195051242213314424313418639856602063606061894685521042244617042618", "price": "0.94", "size": "0", "side": "SELL", "hash": "e7c7601dc6d5351c1e48d0f5523bc10d460ff9ca", "best_bid": "0.56", "best_ask": "0.97"}], "timestamp": "1769384075057", "event_type": "price_change"}}
{"_local_timestamp": "2026-01-25T23:34:35.137418+00:00", "data": {"market": "0x0aff67e7e481b5b0cea6e2ef86872a0dff2093d188c27e3e08236b83adf52d9f", "price_changes": [{"asset_id": "102758573712892107558701784556249010768858085000098456920390255494045792388987", "price": "0.06", "size": "0", "side": "BUY", "hash": "bd069e5d6503e41512563bb1471cc5f2e0885130", "best_bid": "0.03", "best_ask": "0.96"}, {"asset_id": "43339192035703563527712502502502979138615055359523497338859643163002901611734", "price": "0.94", "size": "0", "side": "SELL", "hash": "21454361b9f527badb6706773511e278b747a6ef", "best_bid": "0.04", "best_ask": "0.97"}], "timestamp": "1769384075057", "event_type": "price_change"}}
{"_local_timestamp": "2026-01-25T23:34:35.158968+00:00", "data": {"market": "0xa3f6e93bed4a0f9f9f9e2ffb22d9f68f486113ef3e9283198f9d963577e04509", "price_changes": [{"asset_id": "114303873395239391904083075096134216095888803961188355616856805106293793527878", "price": "0.06", "size": "0", "side": "BUY", "hash": "d4c6e9e60c0f2cbf2c283c97c2f682219a087746", "best_bid": "0.03", "best_ask": "0.96"}, {"asset_id": "107455424334569589318306070444732869022319479697775840020117867668293790550716", "price": "0.94", "size": "0", "side": "SELL", "hash": "bc4bc140b70e326253e8137bfa01f192b02a00a9", "best_bid": "0.04", "best_ask": "0.97"}], "timestamp": "1769384075057", "event_type": "price_change"}}
{"_local_timestamp": "2026-01-25T23:34:35.347634+00:00", "data": {"market": "0xa3f6e93bed4a0f9f9f9e2ffb22d9f68f486113ef3e9283198f9d963577e04509", "price_changes": [{"asset_id": "114303873395239391904083075096134216095888803961188355616856805106293793527878", "price": "0.04", "size": "5.47", "side": "BUY", "hash": "28f4ceb4572af787fa02d2ece594fde1376375be", "best_bid": "0.04", "best_ask": "0.96"}, {"asset_id": "107455424334569589318306070444732869022319479697775840020117867668293790550716", "price": "0.96", "size": "5.47", "side": "SELL", "hash": "7b8af511fc58ee091a64a74da411dfd3d6c9c378", "best_bid": "0.04", "best_ask": "0.96"}], "timestamp": "1769384075275", "event_type": "price_change"}}
{"_local_timestamp": "2026-01-25T23:34:35.349162+00:00", "data": {"market": "0x0aff67e7e481b5b0cea6e2ef86872a0dff2093d188c27e3e08236b83adf52d9f", "price_changes": [{"asset_id": "102758573712892107558701784556249010768858085000098456920390255494045792388987", "price": "0.04", "size": "5.47", "side": "BUY", "hash": "ec59d954773aa75dab8ce472f4dddaeb4a3e5f6b", "best_bid": "0.04", "best_ask": "0.96"}, {"asset_id": "43339192035703563527712502502502979138615055359523497338859643163002901611734", "price": "0.96", "size": "5.47", "side": "SELL", "hash": "f6f3e53900614a2402c1657f1ad55b42803e40f0", "best_bid": "0.04", "best_ask": "0.96"}], "timestamp": "1769384075275", "event_type": "price_change"}}
{"_local_timestamp": "2026-01-25T23:34:35.349585+00:00", "data": {"market": "0x8ea2c96bc3497aa2c3a6496f426fbadfe2e352cd182739c3fe0a77dc2bdf41bd", "price_changes": [{"asset_id": "16360134489180861157139665818107543567749994198194778699524084241979421323299", "price": "0.04", "size": "5.47", "side": "BUY", "hash": "9242240cdb7d6a4db0fe5f2488485616a063a3d7", "best_bid": "0.04", "best_ask": "0.44"}, {"asset_id": "71799240268195051242213314424313418639856602063606061894685521042244617042618", "price": "0.96", "size": "5.47", "side": "SELL", "hash": "4e37a14579c43668f67c8c0ffa4e715b967fb36b", "best_bid": "0.56", "best_ask": "0.96"}], "timestamp": "1769384075275", "event_type": "price_change"}}
{"_local_timestamp": "2026-01-25T23:36:00.497505+00:00", "data": {"market": "0x0aff67e7e481b5b0cea6e2ef86872a0dff2093d188c27e3e08236b83adf52d9f", "price_changes": [{"asset_id": "102758573712892107558701784556249010768858085000098456920390255494045792388987", "price": "0.01", "size": "247.79", "side": "BUY", "hash": "3248b3775a1293030047b755fbb673758d620091", "best_bid": "0.04", "best_ask": "0.96"}, {"asset_id": "43339192035703563527712502502502979138615055359523497338859643163002901611734", "price": "0.99", "size": "247.79", "side": "SELL", "hash": "6864c3cb07ff84c4944dfc4058741d2531be7bbc", "best_bid": "0.04", "best_ask": "0.96"}], "timestamp": "1769384160428", "event_type": "price_change"}}
{"_local_timestamp": "2026-01-25T23:36:00.498608+00:00", "data": {"market": "0x8ea2c96bc3497aa2c3a6496f426fbadfe2e352cd182739c3fe0a77dc2bdf41bd", "price_changes": [{"asset_id": "16360134489180861157139665818107543567749994198194778699524084241979421323299", "price": "0.03", "size": "9.8", "side": "BUY", "hash": "061219e7668be258dcc4579c11f159d3b8bffb3b", "best_bid": "0.04", "best_ask": "0.44"}, {"asset_id": "71799240268195051242213314424313418639856602063606061894685521042244617042618", "price": "0.97", "size": "9.8", "side": "SELL", "hash": "06d2dbfebabbd6ef570de34528c1cddfcf32f6bd", "best_bid": "0.56", "best_ask": "0.96"}], "timestamp": "1769384160428", "event_type": "price_change"}}
{"_local_timestamp": "2026-01-25T23:36:00.939909+00:00", "data": {"market": "0x8ea2c96bc3497aa2c3a6496f426fbadfe2e352cd182739c3fe0a77dc2bdf41bd", "price_changes": [{"asset_id": "16360134489180861157139665818107543567749994198194778699524084241979421323299", "price": "0.03", "size": "22.35", "side": "BUY", "hash": "a03b4120971d132ec845902d85f166a15f7222e6", "best_bid": "0.04", "best_ask": "0.44"}, {"asset_id": "71799240268195051242213314424313418639856602063606061894685521042244617042618", "price": "0.97", "size": "22.35", "side": "SELL", "hash": "cb85e47eed0f87be658cf78e1c5b47e582c632c6", "best_bid": "0.56", "best_ask": "0.96"}], "timestamp": "1769384160866", "event_type": "price_change"}}
{"_local_timestamp": "2026-01-25T23:36:00.940283+00:00", "data": {"market": "0x0aff67e7e481b5b0cea6e2ef86872a0dff2093d188c27e3e08236b83adf52d9f", "price_changes": [{"asset_id": "102758573712892107558701784556249010768858085000098456920390255494045792388987", "price": "0.01", "size": "257.61", "side": "BUY", "hash": "36f05bdeecb31fa7fa2ccf4eead5385184766cda", "best_bid": "0.04", "best_ask": "0.96"}, {"asset_id": "43339192035703563527712502502502979138615055359523497338859643163002901611734", "price": "0.99", "size": "257.61", "side": "SELL", "hash": "4bbc8ecb08192bee68a727ea894549b2c16647e0", "best_bid": "0.04", "best_ask": "0.96"}], "timestamp": "1769384160866", "event_type": "price_change"}}
{"_local_timestamp": "2026-01-25T23:36:01.250354+00:00", "data": {"market": "0x7ad069f710056ceb284f5570f7be531e5b643ab210d6c4af6cbdde0570794e76", "price_changes": [{"asset_id": "32596615658790197933237821446561135676859833787164725556595421924289194347708", "price": "0.06", "size": "5.47", "side": "BUY", "hash": "f990f023535dbba285f3787ac91342dbbeed1aef", "best_bid": "0.06", "best_ask": "0.96"}, {"asset_id": "20832699753068358119721854220782913483665144682542665538663819066522222797314", "price": "0.94", "size": "5.47", "side": "SELL", "hash": "57396d27407a2af4aa93c1f36e69c3cbabfe42a0", "best_bid": "0.04", "best_ask": "0.94"}], "timestamp": "1769384161179", "event_type": "price_change"}}
{"_local_timestamp": "2026-01-25T23:36:01.621692+00:00", "data": {"market": "0x7ad069f710056ceb284f5570f7be531e5b643ab210d6c4af6cbdde0570794e76", "price_changes": [{"asset_id": "32596615658790197933237821446561135676859833787164725556595421924289194347708", "price": "0.03", "size": "23.88", "side": "BUY", "hash": "bb19cbfe63c0f847777da395394328c6e9e36d30", "best_bid": "0.06", "best_ask": "0.96"}, {"asset_id": "20832699753068358119721854220782913483665144682542665538663819066522222797314", "price": "0.97", "size": "23.88", "side": "SELL", "hash": "fe8af9f5e11483426afa57363bcbca9f21bec231", "best_bid": "0.04", "best_ask": "0.94"}], "timestamp": "1769384161553", "event_type": "price_change"}}
{"_local_timestamp": "2026-01-25T23:36:02.461978+00:00", "data": {"market": "0x7ad069f710056ceb284f5570f7be531e5b643ab210d6c4af6cbdde0570794e76", "price_changes": [{"asset_id": "32596615658790197933237821446561135676859833787164725556595421924289194347708", "price": "0.06", "size": "0", "side": "BUY", "hash": "1ace6fa9f60e89638350e2a81af4713a5f8f6308", "best_bid": "0.03", "best_ask": "0.96"}, {"asset_id": "20832699753068358119721854220782913483665144682542665538663819066522222797314", "price": "0.94", "size": "0", "side": "SELL", "hash": "6cdf782b71e6b539dca02938065a0a38993a2835", "best_bid": "0.04", "best_ask": "0.97"}], "timestamp": "1769384162372", "event_type": "price_change"}}
{"_local_timestamp": "2026-01-25T23:36:02.493108+00:00", "data": {"market": "0x7ad069f710056ceb284f5570f7be531e5b643ab210d6c4af6cbdde0570794e76", "price_changes": [{"asset_id": "32596615658790197933237821446561135676859833787164725556595421924289194347708", "price": "0.04", "size": "5.47", "side": "BUY", "hash": "32fd844fe7981ebad6bc2993e6a5bb2404231175", "best_bid": "0.04", "best_ask": "0.96"}, {"asset_id": "20832699753068358119721854220782913483665144682542665538663819066522222797314", "price": "0.96", "size": "5.47", "side": "SELL", "hash": "e012ebfd7bf0f81d7e6dc8ad5e6029b88d9a8060", "best_bid": "0.04", "best_ask": "0.96"}], "timestamp": "1769384162417", "event_type": "price_change"}}
{"_local_timestamp": "2026-01-25T23:36:05.557144+00:00", "data": {"market": "0x8ea2c96bc3497aa2c3a6496f426fbadfe2e352cd182739c3fe0a77dc2bdf41bd", "price_changes": [{"asset_id": "16360134489180861157139665818107543567749994198194778699524084241979421323299", "price": "0.05", "size": "23.99", "side": "BUY", "hash": "280b29443ed8969b70bf7ee7ad22f91eaaf7ecf9", "best_bid": "0.05", "best_ask": "0.44"}, {"asset_id": "71799240268195051242213314424313418639856602063606061894685521042244617042618", "price": "0.95", "size": "23.99", "side": "SELL", "hash": "4d877badbd128561641cb606708963fdf187002e", "best_bid": "0.56", "best_ask": "0.95"}], "timestamp": "1769384165482", "event_type": "price_change"}}
{"_local_timestamp": "2026-01-25T23:36:05.561959+00:00", "data": {"market": "0xa3f6e93bed4a0f9f9f9e2ffb22d9f68f486113ef3e9283198f9d963577e04509", "price_changes": [{"asset_id": "114303873395239391904083075096134216095888803961188355616856805106293793527878", "price": "0.05", "size": "23.99", "side": "BUY", "hash": "5d30c41d9cb6b0da2a7cee6e76eca4585b8913a8", "best_bid": "0.05", "best_ask": "0.96"}, {"asset_id": "107455424334569589318306070444732869022319479697775840020117867668293790550716", "price": "0.95", "size": "23.99", "side": "SELL", "hash": "5816a301471c8abe8934323bec7cfeb33149b7ba", "best_bid": "0.04", "best_ask": "0.95"}], "timestamp": "1769384165482", "event_type": "price_change"}}
{"_local_timestamp": "2026-01-25T23:36:05.565976+00:00", "data": {"market": "0x0aff67e7e481b5b0cea6e2ef86872a0dff2093d188c27e3e08236b83adf52d9f", "price_changes": [{"asset_id": "102758573712892107558701784556249010768858085000098456920390255494045792388987", "price": "0.05", "size": "23.99", "side": "BUY", "hash": "da4ab603875e33e2d9745468463e90912c1310b1", "best_bid": "0.05", "best_ask": "0.96"}, {"asset_id": "43339192035703563527712502502502979138615055359523497338859643163002901611734", "price": "0.95", "size": "23.99", "side": "SELL", "hash": "984d7cadab66b7522e059579e7330fc6947e0a40", "best_bid": "0.04", "best_ask": "0.95"}], "timestamp": "1769384165482", "event_type": "price_change"}}
{"_local_timestamp": "2026-01-25T23:36:09.207150+00:00", "data": {"market": "0xa3f6e93bed4a0f9f9f9e2ffb22d9f68f486113ef3e9283198f9d963577e04509", "price_changes": [{"asset_id": "114303873395239391904083075096134216095888803961188355616856805106293793527878", "price": "0.04", "size": "0", "side": "BUY", "hash": "60f48e1d160b819dcfd2459a5ca58918aeee8d0a", "best_bid": "0.05", "best_ask": "0.96"}, {"asset_id": "107455424334569589318306070444732869022319479697775840020117867668293790550716", "price": "0.96", "size": "0", "side": "SELL", "hash": "64c98e11b72fa4bfb5847416f217a8eef37d9035", "best_bid": "0.04", "best_ask": "0.95"}], "timestamp": "1769384169123", "event_type": "price_change"}}
{"_local_timestamp": "2026-01-25T23:36:09.242687+00:00", "data": {"market": "0x0aff67e7e481b5b0cea6e2ef86872a0dff2093d188c27e3e08236b83adf52d9f", "price_changes": [{"asset_id": "102758573712892107558701784556249010768858085000098456920390255494045792388987", "price": "0.04", "size": "0", "side": "BUY", "hash": "6ce50bddb894d3b537ff2d8a4ceea4dc682a5bf2", "best_bid": "0.05", "best_ask": "0.96"}, {"asset_id": "43339192035703563527712502502502979138615055359523497338859643163002901611734", "price": "0.96", "size": "0", "side": "SELL", "hash": "5a5be71b62b4bed2983aff6fcb8666e2a1d05e3c", "best_bid": "0.04", "best_ask": "0.95"}], "timestamp": "1769384169171", "event_type": "price_change"}}
{"_local_timestamp": "2026-01-25T23:36:09.251916+00:00", "data": {"market": "0x8ea2c96bc3497aa2c3a6496f426fbadfe2e352cd182739c3fe0a77dc2bdf41bd", "price_changes": [{"asset_id": "16360134489180861157139665818107543567749994198194778699524084241979421323299", "price": "0.04", "size": "0", "side": "BUY", "hash": "1962c50e91110d208aa437f2c95d92664a450847", "best_bid": "0.05", "best_ask": "0.44"}, {"asset_id": "71799240268195051242213314424313418639856602063606061894685521042244617042618", "price": "0.96", "size": "0", "side": "SELL", "hash": "cdd6a0d6c1dd3065bf4cb9b3fcd3bb6f87d5ab9c", "best_bid": "0.56", "best_ask": "0.95"}], "timestamp": "1769384169172", "event_type": "price_change"}}
{"_local_timestamp": "2026-01-25T23:36:09.595532+00:00", "data": {"market": "0xa3f6e93bed4a0f9f9f9e2ffb22d9f68f486113ef3e9283198f9d963577e04509", "price_changes": [{"asset_id": "114303873395239391904083075096134216095888803961188355616856805106293793527878", "price": "0.06", "size": "5.47", "side": "BUY", "hash": "6a1253f40234b54fecd8d2c469f8106a9ce41363", "best_bid": "0.06", "best_ask": "0.96"}, {"asset_id": "107455424334569589318306070444732869022319479697775840020117867668293790550716", "price": "0.94", "size": "5.47", "side": "SELL", "hash": "966497545cc1406b6e12c2472edc66c5e09037f1", "best_bid": "0.04", "best_ask": "0.94"}], "timestamp": "1769384169515", "event_type": "price_change"}}
{"_local_timestamp": "2026-01-25T23:36:09.596291+00:00", "data": {"market": "0x8ea2c96bc3497aa2c3a6496f426fbadfe2e352cd182739c3fe0a77dc2bdf41bd", "price_changes": [{"asset_id": "16360134489180861157139665818107543567749994198194778699524084241979421323299", "price": "0.06", "size": "5.47", "side": "BUY", "hash": "82cc3164d82e9178985d6d5946e188e19582d482", "best_bid": "0.06", "best_ask": "0.44"}, {"asset_id": "71799240268195051242213314424313418639856602063606061894685521042244617042618", "price": "0.94", "size": "5.47", "side": "SELL", "hash": "aa76dce3c6b5fe3e9de378a1d93acdd88c3c6659", "best_bid": "0.56", "best_ask": "0.94"}], "timestamp": "1769384169516", "event_type": "price_change"}}
{"_local_timestamp": "2026-01-25T23:36:09.596770+00:00", "data": {"market": "0x0aff67e7e481b5b0cea6e2ef86872a0dff2093d188c27e3e08236b83adf52d9f", "price_changes": [{"asset_id": "102758573712892107558701784556249010768858085000098456920390255494045792388987", "price": "0.06", "size": "5.47", "side": "BUY", "hash": "344ce8c924c68cfa5a6ed0c8c06d5de20f90f34e", "best_bid": "0.06", "best_ask": "0.96"}, {"asset_id": "43339192035703563527712502502502979138615055359523497338859643163002901611734", "price": "0.94", "size": "5.47", "side": "SELL", "hash": "27f327d908bb74e453368199f2c96d6869b29a33", "best_bid": "0.04", "best_ask": "0.94"}], "timestamp": "1769384169516", "event_type": "price_change"}}
{"_local_timestamp": "2026-01-25T23:37:43.380255+00:00", "data": {"market": "0xa3f6e93bed4a0f9f9f9e2ffb22d9f68f486113ef3e9283198f9d963577e04509", "price_changes": [{"asset_id": "114303873395239391904083075096134216095888803961188355616856805106293793527878", "price": "0.05", "size": "0", "side": "BUY", "hash": "dfd1eed151724a233ecfb2e264ddc4a55e3a9a84", "best_bid": "0.06", "best_ask": "0.96"}, {"asset_id": "107455424334569589318306070444732869022319479697775840020117867668293790550716", "price": "0.95", "size": "0", "side": "SELL", "hash": "fcd658c8491f6f4463215acb7cd9d3e5eb981753", "best_bid": "0.04", "best_ask": "0.94"}], "timestamp": "1769384263268", "event_type": "price_change"}}
{"_local_timestamp": "2026-01-25T23:37:43.380716+00:00", "data": {"market": "0x8ea2c96bc3497aa2c3a6496f426fbadfe2e352cd182739c3fe0a77dc2bdf41bd", "price_changes": [{"asset_id": "16360134489180861157139665818107543567749994198194778699524084241979421323299", "price": "0.05", "size": "0", "side": "BUY", "hash": "e900cffcb552551548d3c8a3248df533a97a7c33", "best_bid": "0.06", "best_ask": "0.44"}, {"asset_id": "71799240268195051242213314424313418639856602063606061894685521042244617042618", "price": "0.95", "size": "0", "side": "SELL", "hash": "2ee6d354ed3bf8cf0cfdd487b992610acb7bab3b", "best_bid": "0.56", "best_ask": "0.94"}], "timestamp": "1769384263268", "event_type": "price_change"}}
{"_local_timestamp": "2026-01-25T23:37:43.381060+00:00", "data": {"market": "0x0aff67e7e481b5b0cea6e2ef86872a0dff2093d188c27e3e08236b83adf52d9f", "price_changes": [{"asset_id": "102758573712892107558701784556249010768858085000098456920390255494045792388987", "price": "0.05", "size": "0", "side": "BUY", "hash": "e1c642c155137b12f57f98e32a5a4e00d5b99703", "best_bid": "0.06", "best_ask": "0.96"}, {"asset_id": "43339192035703563527712502502502979138615055359523497338859643163002901611734", "price": "0.95", "size": "0", "side": "SELL", "hash": "0aaca029d2c00c1d2be40ae8ccd8c3f79cecee40", "best_bid": "0.04", "best_ask": "0.94"}], "timestamp": "1769384263268", "event_type": "price_change"}}
{"_local_timestamp": "2026-01-25T23:37:46.310997+00:00", "data": {"market": "0xa3f6e93bed4a0f9f9f9e2ffb22d9f68f486113ef3e9283198f9d963577e04509", "price_changes": [{"asset_id": "114303873395239391904083075096134216095888803961188355616856805106293793527878", "price": "0.06", "size": "0", "side": "BUY", "hash": "efc96f0849729d03172bea2e6782173cfda5e418", "best_bid": "0.03", "best_ask": "0.96"}, {"asset_id": "107455424334569589318306070444732869022319479697775840020117867668293790550716", "price": "0.94", "size": "0", "side": "SELL", "hash": "0be0b747509c45c177537009812244d48fc4769b", "best_bid": "0.04", "best_ask": "0.97"}], "timestamp": "1769384266142", "event_type": "price_change"}}
{"_local_timestamp": "2026-01-25T23:37:46.311774+00:00", "data": {"market": "0x0aff67e7e481b5b0cea6e2ef86872a0dff2093d188c27e3e08236b83adf52d9f", "price_changes": [{"asset_id": "102758573712892107558701784556249010768858085000098456920390255494045792388987", "price": "0.06", "size": "0", "side": "BUY", "hash": "98053c4e3947b006ba486e1d575126ef8b44224a", "best_bid": "0.03", "best_ask": "0.96"}, {"asset_id": "43339192035703563527712502502502979138615055359523497338859643163002901611734", "price": "0.94", "size": "0", "side": "SELL", "hash": "ed7c614c4faa212bc220a9c6080d13e1b427ed10", "best_bid": "0.04", "best_ask": "0.97"}], "timestamp": "1769384266142", "event_type": "price_change"}}
{"_local_timestamp": "2026-01-25T23:37:46.312888+00:00", "data": {"market": "0x8ea2c96bc3497aa2c3a6496f426fbadfe2e352cd182739c3fe0a77dc2bdf41bd", "price_changes": [{"asset_id": "16360134489180861157139665818107543567749994198194778699524084241979421323299", "price": "0.06", "size": "0", "side": "BUY", "hash": "8881758507912a961960b6b51ccfc634d3749e7d", "best_bid": "0.03", "best_ask": "0.44"}, {"asset_id": "71799240268195051242213314424313418639856602063606061894685521042244617042618", "price": "0.94", "size": "0", "side": "SELL", "hash": "3fb8f01589982fe85fc2e189a2d3001f99c9249d", "best_bid": "0.56", "best_ask": "0.97"}], "timestamp": "1769384266142", "event_type": "price_change"}}
{"_local_timestamp": "2026-01-25T23:37:46.516155+00:00", "data": {"market": "0x8ea2c96bc3497aa2c3a6496f426fbadfe2e352cd182739c3fe0a77dc2bdf41bd", "price_changes": [{"asset_id": "16360134489180861157139665818107543567749994198194778699524084241979421323299", "price": "0.04", "size": "5.47", "side": "BUY", "hash": "7795f62e4f71e89a7bde1921452b8ce43b6d28d4", "best_bid": "0.04", "best_ask": "0.44"}, {"asset_id": "71799240268195051242213314424313418639856602063606061894685521042244617042618", "price": "0.96", "size": "5.47", "side": "SELL", "hash": "32cd755c91ec7154db5978b11993d472545f2cba", "best_bid": "0.56", "best_ask": "0.96"}], "timestamp": "1769384266343", "event_type": "price_change"}}
{"_local_timestamp": "2026-01-25T23:37:46.518055+00:00", "data": {"market": "0x0aff67e7e481b5b0cea6e2ef86872a0dff2093d188c27e3e08236b83adf52d9f", "price_changes": [{"asset_id": "102758573712892107558701784556249010768858085000098456920390255494045792388987", "price": "0.04", "size": "5.47", "side": "BUY", "hash": "43a9ff418a6b229c38bf61d5b0887e1c9236ebaa", "best_bid": "0.04", "best_ask": "0.96"}, {"asset_id": "43339192035703563527712502502502979138615055359523497338859643163002901611734", "price": "0.96", "size": "5.47", "side": "SELL", "hash": "41afe57f64e331ccd391d45e4b18c61e83409f9a", "best_bid": "0.04", "best_ask": "0.96"}], "timestamp": "1769384266343", "event_type": "price_change"}}
{"_local_timestamp": "2026-01-25T23:37:46.518541+00:00", "data": {"market": "0xa3f6e93bed4a0f9f9f9e2ffb22d9f68f486113ef3e9283198f9d963577e04509", "price_changes": [{"asset_id": "114303873395239391904083075096134216095888803961188355616856805106293793527878", "price": "0.04", "size": "5.47", "side": "BUY", "hash": "f801ccb409c964e8366c269fd1ec72a56d0a59c9", "best_bid": "0.04", "best_ask": "0.96"}, {"asset_id": "107455424334569589318306070444732869022319479697775840020117867668293790550716", "price": "0.96", "size": "5.47", "side": "SELL", "hash": "a192f43840b2c1b01f71a355bc0b5714b303613a", "best_bid": "0.04", "best_ask": "0.96"}], "timestamp": "1769384266343", "event_type": "price_change"}}
{"_local_timestamp": "2026-01-25T23:39:12.091872+00:00", "data": {"market": "0xa3f6e93bed4a0f9f9f9e2ffb22d9f68f486113ef3e9283198f9d963577e04509", "price_changes": [{"asset_id": "114303873395239391904083075096134216095888803961188355616856805106293793527878", "price": "0.05", "size": "23.99", "side": "BUY", "hash": "63592b407e39ad74903fcd22885f0dcee0a8ff06", "best_bid": "0.05", "best_ask": "0.96"}, {"asset_id": "107455424334569589318306070444732869022319479697775840020117867668293790550716", "price": "0.95", "size": "23.99", "side": "SELL", "hash": "740ea3465e199a702393ecc6b76817fea5c7b19b", "best_bid": "0.04", "best_ask": "0.95"}], "timestamp": "1769384352005", "event_type": "price_change"}}
{"_local_timestamp": "2026-01-25T23:39:12.093212+00:00", "data": {"market": "0x0aff67e7e481b5b0cea6e2ef86872a0dff2093d188c27e3e08236b83adf52d9f", "price_changes": [{"asset_id": "102758573712892107558701784556249010768858085000098456920390255494045792388987", "price": "0.05", "size": "23.99", "side": "BUY", "hash": "168e7c90766cab3a988c20bd874ec744159d8bc9", "best_bid": "0.05", "best_ask": "0.96"}, {"asset_id": "43339192035703563527712502502502979138615055359523497338859643163002901611734", "price": "0.95", "size": "23.99", "side": "SELL", "hash": "ba8ad4e8539156f25e522d377dde10d408c5fc8d", "best_bid": "0.04", "best_ask": "0.95"}], "timestamp": "1769384352006", "event_type": "price_change"}}
{"_local_timestamp": "2026-01-25T23:39:12.268335+00:00", "data": {"market": "0x8ea2c96bc3497aa2c3a6496f426fbadfe2e352cd182739c3fe0a77dc2bdf41bd", "price_changes": [{"asset_id": "16360134489180861157139665818107543567749994198194778699524084241979421323299", "price": "0.05", "size": "23.99", "side": "BUY", "hash": "e97a49ddafe60e17be5fd588f13c628d90d12c33", "best_bid": "0.05", "best_ask": "0.44"}, {"asset_id": "71799240268195051242213314424313418639856602063606061894685521042244617042618", "price": "0.95", "size": "23.99", "side": "SELL", "hash": "63e74389b41ec8927b517bd50d9d359ee76f502f", "best_bid": "0.56", "best_ask": "0.95"}], "timestamp": "1769384352194", "event_type": "price_change"}}
{"_local_timestamp": "2026-01-25T23:39:14.112862+00:00", "data": {"market": "0xf86411e09b0a365480b02a666ac7b757bdee3c10147c3217f69da41669424f7f", "price_changes": [{"asset_id": "89267445821829436163330197852994400213775829735931530257012007557187948316651", "price": "0.02", "size": "0", "side": "BUY", "hash": "2b2e11041ca0ca1cfef2347d263740a748257101", "best_bid": "0.69", "best_ask": "0.84"}, {"asset_id": "82133223426475348619239419346714797128942970751625890003343744065123614893799", "price": "0.98", "size": "0", "side": "SELL", "hash": "00ec34690332a2c41a40eb4c6b255e83ab72c2ba", "best_bid": "0.16", "best_ask": "0.31"}], "timestamp": "1769384354002", "event_type": "price_change"}}
{"_local_timestamp": "2026-01-25T23:39:14.113296+00:00", "data": {"market": "0xf86411e09b0a365480b02a666ac7b757bdee3c10147c3217f69da41669424f7f", "price_changes": [{"asset_id": "82133223426475348619239419346714797128942970751625890003343744065123614893799", "price": "0.02", "size": "0", "side": "BUY", "hash": "8add88e4ce3ab19c1862eaa18ce31ef23893927d", "best_bid": "0.16", "best_ask": "0.31"}, {"asset_id": "89267445821829436163330197852994400213775829735931530257012007557187948316651", "price": "0.98", "size": "0", "side": "SELL", "hash": "bb33b7598cf4ca109c7cb149f3c2cadc007e5ff7", "best_bid": "0.69", "best_ask": "0.84"}], "timestamp": "1769384354006", "event_type": "price_change"}}
{"_local_timestamp": "2026-01-25T23:39:14.396516+00:00", "data": {"market": "0xf86411e09b0a365480b02a666ac7b757bdee3c10147c3217f69da41669424f7f", "price_changes": [{"asset_id": "82133223426475348619239419346714797128942970751625890003343744065123614893799", "price": "0.16", "size": "112", "side": "BUY", "hash": "57639827a369139360f04d3f29b031b3c7e98956", "best_bid": "0.16", "best_ask": "0.31"}, {"asset_id": "89267445821829436163330197852994400213775829735931530257012007557187948316651", "price": "0.84", "size": "112", "side": "SELL", "hash": "68e951918efd7c1cb88ba376d49baeb6c8e96eff", "best_bid": "0.69", "best_ask": "0.84"}], "timestamp": "1769384354324", "event_type": "price_change"}}
{"_local_timestamp": "2026-01-25T23:39:14.396945+00:00", "data": {"market": "0xf86411e09b0a365480b02a666ac7b757bdee3c10147c3217f69da41669424f7f", "price_changes": [{"asset_id": "89267445821829436163330197852994400213775829735931530257012007557187948316651", "price": "0.69", "size": "64", "side": "BUY", "hash": "ff0d31f3ba7937fda41c83395c5a6979c691d5e2", "best_bid": "0.69", "best_ask": "0.84"}, {"asset_id": "82133223426475348619239419346714797128942970751625890003343744065123614893799", "price": "0.31", "size": "64", "side": "SELL", "hash": "727a1828222553a0e52cfded6e7248a417350a39", "best_bid": "0.16", "best_ask": "0.31"}], "timestamp": "1769384354324", "event_type": "price_change"}}
{"_local_timestamp": "2026-01-25T23:39:15.223866+00:00", "data": {"market": "0x8ea2c96bc3497aa2c3a6496f426fbadfe2e352cd182739c3fe0a77dc2bdf41bd", "price_changes": [{"asset_id": "16360134489180861157139665818107543567749994198194778699524084241979421323299", "price": "0.04", "size": "0", "side": "BUY", "hash": "fb298cb651c43fd3a14a8f31505029a62fcf699b", "best_bid": "0.05", "best_ask": "0.44"}, {"asset_id": "71799240268195051242213314424313418639856602063606061894685521042244617042618", "price": "0.96", "size": "0", "side": "SELL", "hash": "9c2f19d0aac6eaa1e4f487ce1d82f1898fa800f3", "best_bid": "0.56", "best_ask": "0.95"}], "timestamp": "1769384355091", "event_type": "price_change"}}
{"_local_timestamp": "2026-01-25T23:39:15.224421+00:00", "data": {"market": "0x0aff67e7e481b5b0cea6e2ef86872a0dff2093d188c27e3e08236b83adf52d9f", "price_changes": [{"asset_id": "102758573712892107558701784556249010768858085000098456920390255494045792388987", "price": "0.04", "size": "0", "side": "BUY", "hash": "5fe34f6e1f541d6c74ffbe53657f6e30824badd7", "best_bid": "0.05", "best_ask": "0.96"}, {"asset_id": "43339192035703563527712502502502979138615055359523497338859643163002901611734", "price": "0.96", "size": "0", "side": "SELL", "hash": "8160059491d4e8025fa4116a7d7b9b286def16eb", "best_bid": "0.04", "best_ask": "0.95"}], "timestamp": "1769384355090", "event_type": "price_change"}}
{"_local_timestamp": "2026-01-25T23:39:15.234137+00:00", "data": {"market": "0xa3f6e93bed4a0f9f9f9e2ffb22d9f68f486113ef3e9283198f9d963577e04509", "price_changes": [{"asset_id": "114303873395239391904083075096134216095888803961188355616856805106293793527878", "price": "0.04", "size": "0", "side": "BUY", "hash": "1b08f0b419cd77b6c7fac2d2fe19cf3d93fa0fc5", "best_bid": "0.05", "best_ask": "0.96"}, {"asset_id": "107455424334569589318306070444732869022319479697775840020117867668293790550716", "price": "0.96", "size": "0", "side": "SELL", "hash": "e3647d4348ee8fd2c56b0cba06d3181b8d1e7c18", "best_bid": "0.04", "best_ask": "0.95"}], "timestamp": "1769384355090", "event_type": "price_change"}}
{"_local_timestamp": "2026-01-25T23:39:15.617099+00:00", "data": {"market": "0x8ea2c96bc3497aa2c3a6496f426fbadfe2e352cd182739c3fe0a77dc2bdf41bd", "price_changes": [{"asset_id": "16360134489180861157139665818107543567749994198194778699524084241979421323299", "price": "0.06", "size": "5.47", "side": "BUY", "hash": "52d24988824967fa6ee82b8fbac35b090b97ba50", "best_bid": "0.06", "best_ask": "0.44"}, {"asset_id": "71799240268195051242213314424313418639856602063606061894685521042244617042618", "price": "0.94", "size": "5.47", "side": "SELL", "hash": "d1b7b6bc63636caea8c7dffbb286f48da7d34898", "best_bid": "0.56", "best_ask": "0.94"}], "timestamp": "1769384355538", "event_type": "price_change"}}
{"_local_timestamp": "2026-01-25T23:39:15.617521+00:00", "data": {"market": "0xa3f6e93bed4a0f9f9f9e2ffb22d9f68f486113ef3e9283198f9d963577e04509", "price_changes": [{"asset_id": "114303873395239391904083075096134216095888803961188355616856805106293793527878", "price": "0.06", "size": "5.47", "side": "BUY", "hash": "31064cb085732a20f648bd3d87d9d52b7c8ae0ab", "best_bid": "0.06", "best_ask": "0.96"}, {"asset_id": "107455424334569589318306070444732869022319479697775840020117867668293790550716", "price": "0.94", "size": "5.47", "side": "SELL", "hash": "8ce83c57deb38fc431e1d42ecbaa599abd6db772", "best_bid": "0.04", "best_ask": "0.94"}], "timestamp": "1769384355538", "event_type": "price_change"}}
{"_local_timestamp": "2026-01-25T23:39:15.617888+00:00", "data": {"market": "0x0aff67e7e481b5b0cea6e2ef86872a0dff2093d188c27e3e08236b83adf52d9f", "price_changes": [{"asset_id": "102758573712892107558701784556249010768858085000098456920390255494045792388987", "price": "0.06", "size": "5.47", "side": "BUY", "hash": "0644ced3274299744d12fd71f4726b8a3d99c485", "best_bid": "0.06", "best_ask": "0.96"}, {"asset_id": "43339192035703563527712502502502979138615055359523497338859643163002901611734", "price": "0.94", "size": "5.47", "side": "SELL", "hash": "111c7acdbe72f4e6761c7243eaabe01269bdd3e0", "best_bid": "0.04", "best_ask": "0.94"}], "timestamp": "1769384355538", "event_type": "price_change"}}
{"_local_timestamp": "2026-01-25T23:39:16.627984+00:00", "data": {"market": "0xf86411e09b0a365480b02a666ac7b757bdee3c10147c3217f69da41669424f7f", "price_changes": [{"asset_id": "82133223426475348619239419346714797128942970751625890003343744065123614893799", "price": "0.01", "size": "285.2", "side": "BUY", "hash": "4b2a92a837f3b24da29d83ee6d9f8d9d1f258ec8", "best_bid": "0.16", "best_ask": "0.31"}, {"asset_id": "89267445821829436163330197852994400213775829735931530257012007557187948316651", "price": "0.99", "size": "285.2", "side": "SELL", "hash": "4607496065410d2109dbf4977ffd4d06320168a5", "best_bid": "0.69", "best_ask": "0.84"}], "timestamp": "1769384356552", "event_type": "price_change"}}
{"_local_timestamp": "2026-01-25T23:39:16.628448+00:00", "data": {"market": "0xf86411e09b0a365480b02a666ac7b757bdee3c10147c3217f69da41669424f7f", "price_changes": [{"asset_id": "82133223426475348619239419346714797128942970751625890003343744065123614893799", "price": "0.03", "size": "0", "side": "BUY", "hash": "4b2a92a837f3b24da29d83ee6d9f8d9d1f258ec8", "best_bid": "0.16", "best_ask": "0.31"}, {"asset_id": "89267445821829436163330197852994400213775829735931530257012007557187948316651", "price": "0.97", "size": "0", "side": "SELL", "hash": "4607496065410d2109dbf4977ffd4d06320168a5", "best_bid": "0.69", "best_ask": "0.84"}], "timestamp": "1769384356552", "event_type": "price_change"}}
{"_local_timestamp": "2026-01-25T23:39:17.074251+00:00", "data": {"market": "0xf86411e09b0a365480b02a666ac7b757bdee3c10147c3217f69da41669424f7f", "price_changes": [{"asset_id": "89267445821829436163330197852994400213775829735931530257012007557187948316651", "price": "0.03", "size": "0", "side": "BUY", "hash": "1e9a7638907062ef353badedf557046be8c5fe87", "best_bid": "0.69", "best_ask": "0.84"}, {"asset_id": "82133223426475348619239419346714797128942970751625890003343744065123614893799", "price": "0.97", "size": "0", "side": "SELL", "hash": "02aa0b415dd58fa59e37b4108f890c1bdb00a9e6", "best_bid": "0.16", "best_ask": "0.31"}], "timestamp": "1769384356986", "event_type": "price_change"}}
{"_local_timestamp": "2026-01-25T23:39:17.474765+00:00", "data": {"market": "0xf86411e09b0a365480b02a666ac7b757bdee3c10147c3217f69da41669424f7f", "price_changes": [{"asset_id": "82133223426475348619239419346714797128942970751625890003343744065123614893799", "price": "0.02", "size": "47.4", "side": "BUY", "hash": "d37420986da3056ccaae6e2d285ba95118af0e5d", "best_bid": "0.16", "best_ask": "0.31"}, {"asset_id": "89267445821829436163330197852994400213775829735931530257012007557187948316651", "price": "0.98", "size": "47.4", "side": "SELL", "hash": "1c827bd4a802c1f6865b6fbd23c5fe986c71454f", "best_bid": "0.69", "best_ask": "0.84"}], "timestamp": "1769384357292", "event_type": "price_change"}}
{"_local_timestamp": "2026-01-25T23:39:17.697247+00:00", "data": {"market": "0xf86411e09b0a365480b02a666ac7b757bdee3c10147c3217f69da41669424f7f", "price_changes": [{"asset_id": "89267445821829436163330197852994400213775829735931530257012007557187948316651", "price": "0.01", "size": "694.36", "side": "BUY", "hash": "b2d8d992f9a795124ee9e4248379a4b58537734c", "best_bid": "0.69", "best_ask": "0.84"}, {"asset_id": "82133223426475348619239419346714797128942970751625890003343744065123614893799", "price": "0.99", "size": "694.36", "side": "SELL", "hash": "4f0c5ee4ad329d0b3464adc985bcfa46dd88af4a", "best_bid": "0.16", "best_ask": "0.31"}], "timestamp": "1769384357622", "event_type": "price_change"}}
{"_local_timestamp": "2026-01-25T23:39:17.697804+00:00", "data": {"market": "0xf86411e09b0a365480b02a666ac7b757bdee3c10147c3217f69da41669424f7f", "price_changes": [{"asset_id": "89267445821829436163330197852994400213775829735931530257012007557187948316651", "price": "0.04", "size": "21.4", "side": "BUY", "hash": "38a3b45ed9c19c71dfbfc2fef913825b49559016", "best_bid": "0.69", "best_ask": "0.84"}, {"asset_id": "82133223426475348619239419346714797128942970751625890003343744065123614893799", "price": "0.96", "size": "21.4", "side": "SELL", "hash": "664bb5943762994062ab59d357fdfee241b82a66", "best_bid": "0.16", "best_ask": "0.31"}], "timestamp": "1769384357627", "event_type": "price_change"}}
{"_local_timestamp": "2026-01-25T23:39:19.606581+00:00", "data": {"market": "0xf86411e09b0a365480b02a666ac7b757bdee3c10147c3217f69da41669424f7f", "price_changes": [{"asset_id": "89267445821829436163330197852994400213775829735931530257012007557187948316651", "price": "0.02", "size": "150", "side": "BUY", "hash": "7c01f915b23c9fb28e2cfdbb41a7a616755881ff", "best_bid": "0.69", "best_ask": "0.84"}, {"asset_id": "82133223426475348619239419346714797128942970751625890003343744065123614893799", "price": "0.98", "size": "150", "side": "SELL", "hash": "684e80e8b2754c276ed894cad3b112769aa4e546", "best_bid": "0.16", "best_ask": "0.31"}], "timestamp": "1769384359522", "event_type": "price_change"}}
{"_local_timestamp": "2026-01-25T23:39:19.607067+00:00", "data": {"market": "0xf86411e09b0a365480b02a666ac7b757bdee3c10147c3217f69da41669424f7f", "price_changes": [{"asset_id": "82133223426475348619239419346714797128942970751625890003343744065123614893799", "price": "0.02", "size": "197.4", "side": "BUY", "hash": "e1e696043f6dc5f52dbe9972bb324ab82e393aba", "best_bid": "0.16", "best_ask": "0.31"}, {"asset_id": "89267445821829436163330197852994400213775829735931530257012007557187948316651", "price": "0.98", "size": "197.4", "side": "SELL", "hash": "e52514c26aa021bd91bff5cc15ab6e6eae008cc5", "best_bid": "0.69", "best_ask": "0.84"}], "timestamp": "1769384359523", "event_type": "price_change"}}
