{"_local_timestamp": "2026-01-25T23:34:23.567864+00:00", "data": [{"market": "0x0f9aaaec8a168785b198ed38a470672372bc2f0e8b165eec8a4d7e306a5d6aea", "asset_id": "84172757973161854901127098511682020706792435147046363618709407090790638587287", "timestamp": "1769383979311", "hash": "7a2d66fbca823a612d94b4183fc468ec6392d7e7", "bids": [{"price": "0.01", "size": "194.79"}, {"price": "0.02", "size": "97.03"}, {"price": "0.03", "size": "12.74"}, {"price": "0.04", "size": "5.47"}], "asks": [{"price": "0.99", "size": "202.04"}, {"price": "0.98", "size": "117.48"}, {"price": "0.97", "size": "18.99"}, {"price": "0.96", "size": "29.99"}], "event_type": "book", "last_trade_price": ""}, {"market": "0x0e8f0f6ec97d84f955d086e2151cd547234851dfeb5b70186e41582f2fb46d2a", "asset_id": "55626937103912944957584934144448518454921399092662320593380981461276659378147", "timestamp": "1769383974322", "hash": "ccbd61b87aef30fd98ba0d5de33cc01b50bbe823", "bids": [{"price": "0.01", "size": "11341.33"}, {"price": "0.02", "size": "26.15"}, {"price": "0.05", "size": "250"}, {"price": "0.06", "size": "172.48"}], "asks": [{"price": "0.99", "size": "11339.62"}, {"price": "0.97", "size": "28.97"}, {"price": "0.96", "size": "14.47"}, {"price": "0.75", "size": "50"}], "event_type": "book", "last_trade_price": ""}, {"market": "0x1bf3dca806b48e6c65ba7b38fff9f568c33dbf60611df3ea4fbde24454cf050f", "asset_id": "111886880087883034221503431131271142312415866781216586495742062194862123179789", "timestamp": "1769383985524", "hash": "79d42828dcacd2dc1f95fc20dcf6b8b3344ff0cb", "bids": [{"price": "0.01", "size": "10449.88"}, {"price": "0.02", "size": "43.27"}, {"price": "0.07", "size": "1145.58"}, {"price": "0.08", "size": "890.11"}], "asks": [{"price": "0.99", "size": "11348.58"}, {"price": "0.98", "size": "20.46"}, {"price": "0.97", "size": "1140.11"}, {"price": "0.96", "size": "6928.46"}], "event_type": "book", "last_trade_price": ""}, {"market": "0xdc032e708b7c4ff9a5caa4733efc441b6c02f6d730aadf754007fff6b570663d", "asset_id": "109445507592458717500255482149136939805249576186750844907724778944047446437784", "timestamp": "1769383981552", "hash": "a41e74868c4f9e114485d680b691f720cc0acfc6", "bids": [{"price": "0.01", "size": "10455.24"}, {"price": "0.02", "size": "25.56"}, {"price": "0.04", "size": "1140.11"}, {"price": "0.05", "size": "896.12"}], "asks": [{"price": "0.99", "size": "10451.22"}, {"price": "0.98", "size": "42.6"}, {"price": "0.94", "size": "1140.11"}, {"price": "0.93", "size": "895.58"}], "event_type": "book", "last_trade_price": ""}, {"market": "0xa31143f31442601a0fa88cda485d229e6bde50dfff32f51f1701802b7da55f6a", "asset_id": "6869489893414014525106374599712219310625615419860711537421744971148405154519", "timestamp": "1769383983648", "hash": "0c288e298c116a33e45f13ba1946661a7ad94e47", "bids": [{"price": "0.01", "size": "11294.33"}, {"price": "0.02", "size": "932.71"}, {"price": "0.03", "size": "4157.32"}, {"price": "0.06", "size": "1140.11"}, {"price": "0.07", "size": "895.58"}], "asks": [{"price": "0.99", "size": "11294.33"}, {"price": "0.98", "size": "916.26"}, {"price": "0.95", "size": "1140.11"}, {"price": "0.94", "size": "895.59"}], "event_type": "book", "last_trade_price": ""}, {"market": "0x0f9aaaec8a168785b198ed38a470672372bc2f0e8b165eec8a4d7e306a5d6aea", "asset_id": "13220688650625762376931802299063126686564462716465286969557328498037207017369", "timestamp": "1769383979311", "hash": "69d1abf1ec3c285a5e2b028fe28ee97ea5126855", "bids": [{"price": "0.01", "size": "202.04"}, {"price": "0.02", "size": "117.48"}, {"price": "0.03", "size": "18.99"}, {"price": "0.04", "size": "29.99"}], "asks": [{"price": "0.99", "size": "194.79"}, {"price": "0.98", "size": "97.03"}, {"price": "0.97", "size": "12.74"}, {"price": "0.96", "size": "5.47"}], "event_type": "book", "last_trade_price": ""}, {"market": "0x0e8f0f6ec97d84f955d086e2151cd547234851dfeb5b70186e41582f2fb46d2a", "asset_id": "113446129310585499713304969318176067179186866753958691787461355607025640935429", "timestamp": "1769383974322", "hash": "53f20853eff35dd7e00f7a9de3eaca68977ecf30", "bids": [{"price": "0.01", "size": "11339.62"}, {"price": "0.03", "size": "28.97"}, {"price": "0.04", "size": "14.47"}, {"price": "0.25", "size": "50"}], "asks": [{"price": "0.99", "size": "11341.33"}, {"price": "0.98", "size": "26.15"}, {"price": "0.95", "size": "250"}, {"price": "0.94", "size": "172.48"}], "event_type": "book", "last_trade_price": ""}, {"market": "0xa31143f31442601a0fa88cda485d229e6bde50dfff32f51f1701802b7da55f6a", "asset_id": "77904926596311548223587441208726155398773404792776510887319504123756233186326", "timestamp": "1769383983648", "hash": "f3fa62d5b0221bdaf10891ba78562e7cb8097ac4", "bids": [{"price": "0.01", "size": "11294.33"}, {"price": "0.02", "size": "916.26"}, {"price": "0.05", "size": "1140.11"}, {"price": "0.06", "size": "895.59"}], "asks": [{"price": "0.99", "size": "11294.33"}, {"price": "0.98", "size": "932.71"}, {"price": "0.97", "size": "4157.32"}, {"price": "0.94", "size": "1140.11"}, {"price": "0.93", "size": "895.58"}], "event_type": "book", "last_trade_price": ""}, {"market": "0xdc032e708b7c4ff9a5caa4733efc441b6c02f6d730aadf754007fff6b570663d", "asset_id": "108185447464482416728718155801101380901177372868932603437718087983911160195616", "timestamp": "1769383981552", "hash": "4f10efa779dc52db81f4588157a55798a00ca0d3", "bids": [{"price": "0.01", "size": "10451.22"}, {"price": "0.02", "size": "42.6"}, {"price": "0.06", "size": "1140.11"}, {"price": "0.07", "size": "895.58"}], "asks": [{"price": "0.99", "size": "10455.24"}, {"price": "0.98", "size": "25.56"}, {"price": "0.96", "size": "1140.11"}, {"price": "0.95", "size": "896.12"}], "event_type": "book", "last_trade_price": ""}, {"market": "0x1bf3dca806b48e6c65ba7b38fff9f568c33dbf60611df3ea4fbde24454cf050f", "asset_id": "46632629403724485392499288591310137324181231480791004257137516408791272858220", "timestamp": "1769383985524", "hash": "7d6031dc1b0552a54bce0e27e2c72e62503f42d5", "bids": [{"price": "0.01", "size": "11348.58"}, {"price": "0.02", "size": "20.46"}, {"price": "0.03", "size": "1140.11"}, {"price": "0.04", "size": "6928.46"}], "asks": [{"price": "0.99", "size": "10449.88"}, {"price": "0.98", "size": "43.27"}, {"price": "0.93", "size": "1145.58"}, {"price": "0.92", "size": "890.11"}], "event_type": "book", "last_trade_price": ""}]}
{"_local_timestamp": "2026-01-25T23:34:35.859564+00:00", "data": {"market": "0x0f9aaaec8a168785b198ed38a470672372bc2f0e8b165eec8a4d7e306a5d6aea", "price_changes": [{"asset_id": "84172757973161854901127098511682020706792435147046363618709407090790638587287", "price": "0.05", "size": "23.99", "side": "BUY", "hash": "9c7a893125ddac52b5f5811fc12f2b7d3dc0b84a", "best_bid": "0.05", "best_ask": "0.96"}, {"asset_id": "13220688650625762376931802299063126686564462716465286969557328498037207017369", "price": "0.95", "size": "23.99", "side": "SELL", "hash": "ecae7aa2f5290c8665a109610f97498be437a9d6", "best_bid": "0.04", "best_ask": "0.95"}], "timestamp": "1769384075783", "event_type": "price_change"}}
{"_local_timestamp": "2026-01-25T23:34:39.011600+00:00", "data": {"market": "0x0f9aaaec8a168785b198ed38a470672372bc2f0e8b165eec8a4d7e306a5d6aea", "price_changes": [{"asset_id": "84172757973161854901127098511682020706792435147046363618709407090790638587287", "price": "0.04", "size": "0", "side": "BUY", "hash": "a33aa4eff7bb6d739d715b7eae5473b0287f315f", "best_bid": "0.05", "best_ask": "0.96"}, {"asset_id": "13220688650625762376931802299063126686564462716465286969557328498037207017369", "price": "0.96", "size": "0", "side": "SELL", "hash": "0cc994c732a1eb534e05e43876bab3f2336594b7", "best_bid": "0.04", "best_ask": "0.95"}], "timestamp": "1769384078926", "event_type": "price_change"}}
{"_local_timestamp": "2026-01-25T23:34:39.435760+00:00", "data": {"market": "0x0f9aaaec8a168785b198ed38a470672372bc2f0e8b165eec8a4d7e306a5d6aea", "price_changes": [{"asset_id": "84172757973161854901127098511682020706792435147046363618709407090790638587287", "price": "0.06", "size": "5.47", "side": "BUY", "hash": "d4ce46c0e5bd54c410005c79806163238f5dca74", "best_bid": "0.06", "best_ask": "0.96"}, {"asset_id": "13220688650625762376931802299063126686564462716465286969557328498037207017369", "price": "0.94", "size": "5.47", "side": "SELL", "hash": "1234f2d37f01c7dc2be469e2cf7aeeddaa35ae96", "best_bid": "0.04", "best_ask": "0.94"}], "timestamp": "1769384079315", "event_type": "price_change"}}
{"_local_timestamp": "2026-01-25T23:35:47.747847+00:00", "data": {"market": "0xa31143f31442601a0fa88cda485d229e6bde50dfff32f51f1701802b7da55f6a", "price_changes": [{"asset_id": "6869489893414014525106374599712219310625615419860711537421744971148405154519", "price": "0.02", "size": "890.11", "side": "BUY", "hash": "430b6d47850dcf07799725b0a80851c789ba7541", "best_bid": "0.07", "best_ask": "0.94"}, {"asset_id": "77904926596311548223587441208726155398773404792776510887319504123756233186326", "price": "0.98", "size": "890.11", "side": "SELL", "hash": "ca5512efd70655fa8566d5634ce09bf8e56192fb", "best_bid": "0.06", "best_ask": "0.93"}], "timestamp": "1769384147680", "event_type": "price_change"}}
{"_local_timestamp": "2026-01-25T23:35:47.748725+00:00", "data": {"market": "0xa31143f31442601a0fa88cda485d229e6bde50dfff32f51f1701802b7da55f6a", "price_changes": [{"asset_id": "77904926596311548223587441208726155398773404792776510887319504123756233186326", "price": "0.02", "size": "890.11", "side": "BUY", "hash": "15c6bbb982fd2332ca058ece7673bfc517eece7b", "best_bid": "0.06", "best_ask": "0.93"}, {"asset_id": "6869489893414014525106374599712219310625615419860711537421744971148405154519", "price": "0.98", "size": "890.11", "side": "SELL", "hash": "176781f5ba721291b3683a7d9aa524882b0ad5c5", "best_bid": "0.07", "best_ask": "0.94"}], "timestamp": "1769384147680", "event_type": "price_change"}}
{"_local_timestamp": "2026-01-25T23:35:47.830075+00:00", "data": {"market": "0xa31143f31442601a0fa88cda485d229e6bde50dfff32f51f1701802b7da55f6a", "price_changes": [{"asset_id": "6869489893414014525106374599712219310625615419860711537421744971148405154519", "price": "0.03", "size": "0", "side": "BUY", "hash": "13c3ec463f1cacf6e3bb5cba45b947d883e3f2a1", "best_bid": "0.07", "best_ask": "0.94"}, {"asset_id": "77904926596311548223587441208726155398773404792776510887319504123756233186326", "price": "0.97", "size": "0", "side": "SELL", "hash": "9d43e4e8f655b0baef7ccf8c299b44c3202153db", "best_bid": "0.06", "best_ask": "0.93"}], "timestamp": "1769384147760", "event_type": "price_change"}}
{"_local_timestamp": "2026-01-25T23:35:47.830466+00:00", "data": {"market": "0xa31143f31442601a0fa88cda485d229e6bde50dfff32f51f1701802b7da55f6a", "price_changes": [{"asset_id": "6869489893414014525106374599712219310625615419860711537421744971148405154519", "price": "0.02", "size": "0", "side": "BUY", "hash": "13c3ec463f1cacf6e3bb5cba45b947d883e3f2a1", "best_bid": "0.07", "best_ask": "0.94"}, {"asset_id": "77904926596311548223587441208726155398773404792776510887319504123756233186326", "price": "0.98", "size": "0", "side": "SELL", "hash": "9d43e4e8f655b0baef7ccf8c299b44c3202153db", "best_bid": "0.06", "best_ask": "0.93"}], "timestamp": "1769384147760", "event_type": "price_change"}}
{"_local_timestamp": "2026-01-25T23:35:47.830757+00:00", "data": {"market": "0xa31143f31442601a0fa88cda485d229e6bde50dfff32f51f1701802b7da55f6a", "price_changes": [{"asset_id": "6869489893414014525106374599712219310625615419860711537421744971148405154519", "price": "0.01", "size": "10404.22", "side": "BUY", "hash": "13c3ec463f1cacf6e3bb5cba45b947d883e3f2a1", "best_bid": "0.07", "best_ask": "0.94"}, {"asset_id": "77904926596311548223587441208726155398773404792776510887319504123756233186326", "price": "0.99", "size": "10404.22", "side": "SELL", "hash": "9d43e4e8f655b0baef7ccf8c299b44c3202153db", "best_bid": "0.06", "best_ask": "0.93"}], "timestamp": "1769384147760", "event_type": "price_change"}}
{"_local_timestamp": "2026-01-25T23:35:47.831035+00:00", "data": {"market": "0xa31143f31442601a0fa88cda485d229e6bde50dfff32f51f1701802b7da55f6a", "price_changes": [{"asset_id": "77904926596311548223587441208726155398773404792776510887319504123756233186326", "price": "0.02", "size": "0", "side": "BUY", "hash": "b91d721faa02084995e7f865f85fad141bc714f3", "best_bid": "0.06", "best_ask": "0.93"}, {"asset_id": "6869489893414014525106374599712219310625615419860711537421744971148405154519", "price": "0.98", "size": "0", "side": "SELL", "hash": "4c1c2bb5d37d42acad00d3d0783dd9f745582c88", "best_bid": "0.07", "best_ask": "0.94"}], "timestamp": "1769384147761", "event_type": "price_change"}}
{"_local_timestamp": "2026-01-25T23:35:47.831348+00:00", "data": {"market": "0xa31143f31442601a0fa88cda485d229e6bde50dfff32f51f1701802b7da55f6a", "price_changes": [{"asset_id": "77904926596311548223587441208726155398773404792776510887319504123756233186326", "price": "0.01", "size": "10404.22", "side": "BUY", "hash": "b91d721faa02084995e7f865f85fad141bc714f3", "best_bid": "0.06", "best_ask": "0.93"}, {"asset_id": "6869489893414014525106374599712219310625615419860711537421744971148405154519", "price": "0.99", "size": "10404.22", "side": "SELL", "hash": "4c1c2bb5d37d42acad00d3d0783dd9f745582c88", "best_bid": "0.07", "best_ask": "0.94"}], "timestamp": "1769384147761", "event_type": "price_change"}}
{"_local_timestamp": "2026-01-25T23:35:48.063202+00:00", "data": {"market": "0xa31143f31442601a0fa88cda485d229e6bde50dfff32f51f1701802b7da55f6a", "price_changes": [{"asset_id": "77904926596311548223587441208726155398773404792776510887319504123756233186326", "price": "0.03", "size": "1270.1", "side": "BUY", "hash": "329b514085a58242bc8936796f576844e3629b50", "best_bid": "0.06", "best_ask": "0.93"}, {"asset_id": "6869489893414014525106374599712219310625615419860711537421744971148405154519", "price": "0.97", "size": "1270.1", "side": "SELL", "hash": "f10c944aea1064de5c8d307c68fd3f9e076f4bd5", "best_bid": "0.07", "best_ask": "0.94"}], "timestamp": "1769384147988", "event_type": "price_change"}}
{"_local_timestamp": "2026-01-25T23:35:48.063581+00:00", "data": {"market": "0xa31143f31442601a0fa88cda485d229e6bde50dfff32f51f1701802b7da55f6a", "price_changes": [{"asset_id": "77904926596311548223587441208726155398773404792776510887319504123756233186326", "price": "0.03", "size": "2160.21", "side": "BUY", "hash": "71c2a00546198db97c29c71569ae480fcf3ba9af", "best_bid": "0.06", "best_ask": "0.93"}, {"asset_id": "6869489893414014525106374599712219310625615419860711537421744971148405154519", "price": "0.97", "size": "2160.21", "side": "SELL", "hash": "790bf904ce699b876b7b1fac36bdad8a2eb73a99", "best_bid": "0.07", "best_ask": "0.94"}], "timestamp": "1769384147989", "event_type": "price_change"}}
{"_local_timestamp": "2026-01-25T23:35:48.063889+00:00", "data": {"market": "0xa31143f31442601a0fa88cda485d229e6bde50dfff32f51f1701802b7da55f6a", "price_changes": [{"asset_id": "77904926596311548223587441208726155398773404792776510887319504123756233186326", "price": "0.03", "size": "4157.32", "side": "BUY", "hash": "c572f337fda8b06100739c815b6b848d1f84e121", "best_bid": "0.06", "best_ask": "0.93"}, {"asset_id": "6869489893414014525106374599712219310625615419860711537421744971148405154519", "price": "0.97", "size": "4157.32", "side": "SELL", "hash": "88d22b012377e543686911a2599a52fbe73a2935", "best_bid": "0.07", "best_ask": "0.94"}], "timestamp": "1769384147989", "event_type": "price_change"}}
{"_local_timestamp": "2026-01-25T23:35:48.926844+00:00", "data": {"market": "0xa31143f31442601a0fa88cda485d229e6bde50dfff32f51f1701802b7da55f6a", "price_changes": [{"asset_id": "6869489893414014525106374599712219310625615419860711537421744971148405154519", "price": "0.04", "size": "14.43", "side": "BUY", "hash": "c541343f014b2dab31c4a249725760879da26ab1", "best_bid": "0.07", "best_ask": "0.94"}, {"asset_id": "77904926596311548223587441208726155398773404792776510887319504123756233186326", "price": "0.96", "size": "14.43", "side": "SELL", "hash": "78258b25cbeeb14b184dc7cfc71714a1d99fea81", "best_bid": "0.06", "best_ask": "0.93"}], "timestamp": "1769384148855", "event_type": "price_change"}}
{"_local_timestamp": "2026-01-25T23:35:48.928674+00:00", "data": {"market": "0xa31143f31442601a0fa88cda485d229e6bde50dfff32f51f1701802b7da55f6a", "price_changes": [{"asset_id": "6869489893414014525106374599712219310625615419860711537421744971148405154519", "price": "0.02", "size": "13.72", "side": "BUY", "hash": "1a6666e49853451bd9c50d42a001f464d6bed8fe", "best_bid": "0.07", "best_ask": "0.94"}, {"asset_id": "77904926596311548223587441208726155398773404792776510887319504123756233186326", "price": "0.98", "size": "13.72", "side": "SELL", "hash": "0c7af99eaf16d96f2c6ff36e0efe76aa9b44b31f", "best_bid": "0.06", "best_ask": "0.93"}], "timestamp": "1769384148856", "event_type": "price_change"}}
{"_local_timestamp": "2026-01-25T23:35:48.929257+00:00", "data": {"market": "0xa31143f31442601a0fa88cda485d229e6bde50dfff32f51f1701802b7da55f6a", "price_changes": [{"asset_id": "77904926596311548223587441208726155398773404792776510887319504123756233186326", "price": "0.03", "size": "4170.07", "side": "BUY", "hash": "ef603b91f83edf7d661809fec1572ab6d67e0a97", "best_bid": "0.06", "best_ask": "0.93"}, {"asset_id": "6869489893414014525106374599712219310625615419860711537421744971148405154519", "price": "0.97", "size": "4170.07", "side": "SELL", "hash": "a4c95c6edf55e791bd8885c6e118472cba20d6d9", "best_bid": "0.07", "best_ask": "0.94"}], "timestamp": "1769384148857", "event_type": "price_change"}}
{"_local_timestamp": "2026-01-25T23:35:48.929637+00:00", "data": {"market": "0xa31143f31442601a0fa88cda485d229e6bde50dfff32f51f1701802b7da55f6a", "price_changes": [{"asset_id": "77904926596311548223587441208726155398773404792776510887319504123756233186326", "price": "0.02", "size": "7.03", "side": "BUY", "hash": "a97b948a936ecef57b8a9db3786a8b8bb647a5e9", "best_bid": "0.06", "best_ask": "0.93"}, {"asset_id": "6869489893414014525106374599712219310625615419860711537421744971148405154519", "price": "0.98", "size": "7.03", "side": "SELL", "hash": "c77ef4cf4f9dbd3aed01b8fbb11a71e610d58eb6", "best_bid": "0.07", "best_ask": "0.94"}], "timestamp": "1769384148858", "event_type": "price_change"}}
{"_local_timestamp": "2026-01-25T23:35:49.383532+00:00", "data": {"market": "0x0e8f0f6ec97d84f955d086e2151cd547234851dfeb5b70186e41582f2fb46d2a", "price_changes": [{"asset_id": "113446129310585499713304969318176067179186866753958691787461355607025640935429", "price": "0.01", "size": "11326.54", "side": "BUY", "hash": "2ef1a3ccdcbdb9eebaf7aa73d1e9196e54edd750", "best_bid": "0.25", "best_ask": "0.94"}, {"asset_id": "55626937103912944957584934144448518454921399092662320593380981461276659378147", "price": "0.99", "size": "11326.54", "side": "SELL", "hash": "d1e372d92799d61bd29e9d7f9c74626cf996dd2c", "best_bid": "0.06", "best_ask": "0.75"}], "timestamp": "1769384149312", "event_type": "price_change"}}
{"_local_timestamp": "2026-01-25T23:35:49.383999+00:00", "data": {"market": "0x0e8f0f6ec97d84f955d086e2151cd547234851dfeb5b70186e41582f2fb46d2a", "price_changes": [{"asset_id": "113446129310585499713304969318176067179186866753958691787461355607025640935429", "price": "0.03", "size": "12", "side": "BUY", "hash": "2ef1a3ccdcbdb9eebaf7aa73d1e9196e54edd750", "best_bid": "0.25", "best_ask": "0.94"}, {"asset_id": "55626937103912944957584934144448518454921399092662320593380981461276659378147", "price": "0.97", "size": "12", "side": "SELL", "hash": "d1e372d92799d61bd29e9d7f9c74626cf996dd2c", "best_bid": "0.06", "best_ask": "0.75"}], "timestamp": "1769384149312", "event_type": "price_change"}}
{"_local_timestamp": "2026-01-25T23:35:49.440813+00:00", "data": {"market": "0x0e8f0f6ec97d84f955d086e2151cd547234851dfeb5b70186e41582f2fb46d2a", "price_changes": [{"asset_id": "55626937103912944957584934144448518454921399092662320593380981461276659378147", "price": "0.06", "size": "1062.59", "side": "BUY", "hash": "d95e203df16b81d608892d1fc7a9283e8d8d92f6", "best_bid": "0.06", "best_ask": "0.75"}, {"asset_id": "113446129310585499713304969318176067179186866753958691787461355607025640935429", "price": "0.94", "size": "1062.59", "side": "SELL", "hash": "90a1e7a18a1f376560d443fed35b616a20570ae5", "best_bid": "0.25", "best_ask": "0.94"}], "timestamp": "1769384149373", "event_type": "price_change"}}
{"_local_timestamp": "2026-01-25T23:35:49.444680+00:00", "data": {"market": "0x0e8f0f6ec97d84f955d086e2151cd547234851dfeb5b70186e41582f2fb46d2a", "price_changes": [{"asset_id": "113446129310585499713304969318176067179186866753958691787461355607025640935429", "price": "0.02", "size": "890.11", "side": "BUY", "hash": "9148ee01cfd127eaf059b5c7a2556617dce3bc7c", "best_bid": "0.25", "best_ask": "0.94"}, {"asset_id": "55626937103912944957584934144448518454921399092662320593380981461276659378147", "price": "0.98", "size": "890.11", "side": "SELL", "hash": "1375945ca937ca549fc7dfdba2a2ec961c4fe4e0", "best_bid": "0.06", "best_ask": "0.75"}], "timestamp": "1769384149374", "event_type": "price_change"}}
{"_local_timestamp": "2026-01-25T23:35:49.446475+00:00", "data": {"market": "0x0e8f0f6ec97d84f955d086e2151cd547234851dfeb5b70186e41582f2fb46d2a", "price_changes": [{"asset_id": "55626937103912944957584934144448518454921399092662320593380981461276659378147", "price": "0.05", "size": "1140.11", "side": "BUY", "hash": "fdf51d724a965e427d7c45be936f5db8ba134443", "best_bid": "0.06", "best_ask": "0.75"}, {"asset_id": "113446129310585499713304969318176067179186866753958691787461355607025640935429", "price": "0.95", "size": "1140.11", "side": "SELL", "hash": "a7b2acd253dc2072e70040a991f8d09da5663e9a", "best_bid": "0.25", "best_ask": "0.94"}], "timestamp": "1769384149375", "event_type": "price_change"}}
{"_local_timestamp": "2026-01-25T23:35:49.453414+00:00", "data": {"market": "0x0e8f0f6ec97d84f955d086e2151cd547234851dfeb5b70186e41582f2fb46d2a", "price_changes": [{"asset_id": "55626937103912944957584934144448518454921399092662320593380981461276659378147", "price": "0.01", "size": "10451.22", "side": "BUY", "hash": "c8d5bb42365b68bb5c1ad04034e3069f975205fb", "best_bid": "0.06", "best_ask": "0.75"}, {"asset_id": "113446129310585499713304969318176067179186866753958691787461355607025640935429", "price": "0.99", "size": "10451.22", "side": "SELL", "hash": "22391890bfed6ce36f71bee2f8355adf62f85926", "best_bid": "0.25", "best_ask": "0.94"}], "timestamp": "1769384149382", "event_type": "price_change"}}
{"_local_timestamp": "2026-01-25T23:35:49.683463+00:00", "data": {"market": "0x0e8f0f6ec97d84f955d086e2151cd547234851dfeb5b70186e41582f2fb46d2a", "price_changes": [{"asset_id": "55626937103912944957584934144448518454921399092662320593380981461276659378147", "price": "0.07", "size": "890.11", "side": "BUY", "hash": "f4d7235b770fdea41ac1811e6b38b839ba9d4581", "best_bid": "0.07", "best_ask": "0.75"}, {"asset_id": "113446129310585499713304969318176067179186866753958691787461355607025640935429", "price": "0.93", "size": "890.11", "side": "SELL", "hash": "528eca126380921bac1bf1ce803081a781548fac", "best_bid": "0.25", "best_ask": "0.93"}], "timestamp": "1769384149602", "event_type": "price_change"}}
{"_local_timestamp": "2026-01-25T23:35:49.684446+00:00", "data": {"market": "0x0e8f0f6ec97d84f955d086e2151cd547234851dfeb5b70186e41582f2fb46d2a", "price_changes": [{"asset_id": "113446129310585499713304969318176067179186866753958691787461355607025640935429", "price": "0.03", "size": "1282.1", "side": "BUY", "hash": "793c12aeef23c78c5734c53f018278a704731d4c", "best_bid": "0.25", "best_ask": "0.93"}, {"asset_id": "55626937103912944957584934144448518454921399092662320593380981461276659378147", "price": "0.97", "size": "1282.1", "side": "SELL", "hash": "d9ee99a0525edac42312ab9f1ee5eb7d7c0c552a", "best_bid": "0.07", "best_ask": "0.75"}], "timestamp": "1769384149603", "event_type": "price_change"}}
{"_local_timestamp": "2026-01-25T23:35:49.684812+00:00", "data": {"market": "0x0e8f0f6ec97d84f955d086e2151cd547234851dfeb5b70186e41582f2fb46d2a", "price_changes": [{"asset_id": "113446129310585499713304969318176067179186866753958691787461355607025640935429", "price": "0.03", "size": "3279.21", "side": "BUY", "hash": "f2d5eda21ec07dabd4a97bd5efbb630be527c1ca", "best_bid": "0.25", "best_ask": "0.93"}, {"asset_id": "55626937103912944957584934144448518454921399092662320593380981461276659378147", "price": "0.97", "size": "3279.21", "side": "SELL", "hash": "c213b2c7ad9046d2a60985926fbf227992cde707", "best_bid": "0.07", "best_ask": "0.75"}], "timestamp": "1769384149603", "event_type": "price_change"}}
{"_local_timestamp": "2026-01-25T23:35:49.685138+00:00", "data": {"market": "0x0e8f0f6ec97d84f955d086e2151cd547234851dfeb5b70186e41582f2fb46d2a", "price_changes": [{"asset_id": "55626937103912944957584934144448518454921399092662320593380981461276659378147", "price": "0.07", "size": "2160.21", "side": "BUY", "hash": "b0e6b5eee09ed23c70c4dc4d9cd3320bffa5b59d", "best_bid": "0.07", "best_ask": "0.75"}, {"asset_id": "113446129310585499713304969318176067179186866753958691787461355607025640935429", "price": "0.93", "size": "2160.21", "side": "SELL", "hash": "2ba40d1b89d1ed5ce7ab3f1bbb93930760bb0cc4", "best_bid": "0.25", "best_ask": "0.93"}], "timestamp": "1769384149604", "event_type": "price_change"}}
{"_local_timestamp": "2026-01-25T23:35:49.685471+00:00", "data": {"market": "0x0e8f0f6ec97d84f955d086e2151cd547234851dfeb5b70186e41582f2fb46d2a", "price_changes": [{"asset_id": "113446129310585499713304969318176067179186866753958691787461355607025640935429", "price": "0.03", "size": "4169.32", "side": "BUY", "hash": "b9acf8fb8b7da6b12e44ae3023f2796cd023cd68", "best_bid": "0.25", "best_ask": "0.93"}, {"asset_id": "55626937103912944957584934144448518454921399092662320593380981461276659378147", "price": "0.97", "size": "4169.32", "side": "SELL", "hash": "1813b0329fdd7b1573a8b614b0f68ac9baa383f6", "best_bid": "0.07", "best_ask": "0.75"}], "timestamp": "1769384149605", "event_type": "price_change"}}
{"_local_timestamp": "2026-01-25T23:35:49.685966+00:00", "data": {"market": "0x0e8f0f6ec97d84f955d086e2151cd547234851dfeb5b70186e41582f2fb46d2a", "price_changes": [{"asset_id": "55626937103912944957584934144448518454921399092662320593380981461276659378147", "price": "0.07", "size": "4157.32", "side": "BUY", "hash": "9237b3e0e670a6e12d729c5483fabcaf5f2e62dd", "best_bid": "0.07", "best_ask": "0.75"}, {"asset_id": "113446129310585499713304969318176067179186866753958691787461355607025640935429", "price": "0.93", "size": "4157.32", "side": "SELL", "hash": "0c4ae5260834dcc1f1d6bad333c9fc80ea96bb8f", "best_bid": "0.25", "best_ask": "0.93"}], "timestamp": "1769384149605", "event_type": "price_change"}}
