{"_local_timestamp": "2026-01-25T23:34:23.557613+00:00", "data": [{"market": "0x326e6ea591c8c8d005f6695bdfda6a97985591a000ca7050935510ad859e1b1d", "asset_id": "7147984308693193198663210272311540409168546624708924436187711141946281139866", "timestamp": "1769383983502", "hash": "2a106e5d00a33dba738683a1687d489029f5e510", "bids": [{"price": "0.01", "size": "11292.99"}, {"price": "0.02", "size": "933.38"}, {"price": "0.07", "size": "1145.58"}, {"price": "0.08", "size": "890.11"}], "asks": [{"price": "0.99", "size": "11298.35"}, {"price": "0.98", "size": "915.67"}, {"price": "0.96", "size": "1140.11"}, {"price": "0.95", "size": "896.12"}], "event_type": "book", "last_trade_price": ""}, {"market": "0x326e6ea591c8c8d005f6695bdfda6a97985591a000ca7050935510ad859e1b1d", "asset_id": "43303857038275526100242814574974258153436508554854992911807654503113445193464", "timestamp": "1769383983502", "hash": "eaa48fdb5106260122ae1504c6f311f9c2b23617", "bids": [{"price": "0.01", "size": "11298.35"}, {"price": "0.02", "size": "915.67"}, {"price": "0.04", "size": "1140.11"}, {"price": "0.05", "size": "896.12"}], "asks": [{"price": "0.99", "size": "11292.99"}, {"price": "0.98", "size": "933.38"}, {"price": "0.93", "size": "1145.58"}, {"price": "0.92", "size": "890.11"}], "event_type": "book", "last_trade_price": ""}, {"market": "0xb4875fb7273e54b6e6ac237cc6714cb1676c77bbd33f587259d752182fffb86d", "asset_id": "60996977615752369321449034194037607587188094556696559127505815551902115258750", "timestamp": "1769383986046", "hash": "c4b52e7c3067330e1877754baf4fdf4c324c9bf6", "bids": [{"price": "0.01", "size": "8889.05"}, {"price": "0.02", "size": "2100"}, {"price": "0.03", "size": "9.3"}, {"price": "0.07", "size": "1500"}, {"price": "0.08", "size": "4257.32"}, {"price": "0.09", "size": "156"}, {"price": "0.1", "size": "6.21"}, {"price": "0.3", "size": "300"}, {"price": "0.34", "size": "1090.11"}, {"price": "0.35", "size": "890.11"}, {"price": "0.37", "size": "125"}, {"price": "0.4", "size": "75"}, {"price": "0.5", "size": "10"}, {"price": "0.62", "size": "63.36"}], "asks": [{"price": "0.99", "size": "7089.43"}, {"price": "0.98", "size": "4157.32"}, {"price": "0.97", "size": "11.38"}, {"price": "0.92", "size": "300"}, {"price": "0.91", "size": "331.17"}, {"price": "0.9", "size": "75"}, {"price": "0.89", "size": "1190.11"}, {"price": "0.88", "size": "990.11"}, {"price": "0.84", "size": "10"}, {"price": "0.83", "size": "50"}, {"price": "0.76", "size": "1042"}], "event_type": "book", "last_trade_price": "0.620"}, {"market": "0xb4564ce636a5df4090b3e0b9b34db9077579ffe240311864b8646b43cf61cd89", "asset_id": "4399433493249687237423028086660868304344424777731038673004879139907780867328", "timestamp": "1769383974178", "hash": "1e5322690d01b802f7d67d08dc0083caa1233232", "bids": [{"price": "0.01", "size": "11241.33"}, {"price": "0.02", "size": "26.15"}, {"price": "0.05", "size": "250"}, {"price": "0.06", "size": "10.95"}], "asks": [{"price": "0.99", "size": "11248.58"}, {"price": "0.98", "size": "20.47"}, {"price": "0.97", "size": "250"}, {"price": "0.96", "size": "39.24"}], "event_type": "book", "last_trade_price": ""}, {"market": "0xdf6c1d1475e27d982fc88ce82d96062f8f7e40307a7154657fd63575ff37bff0", "asset_id": "32822840369256928126746391623497841474275312659922641577723602199385161304478", "timestamp": "1769383974178", "hash": "b74d2cae901377ef5a7536122ad53fd681103b03", "bids": [{"price": "0.01", "size": "11245.35"}, {"price": "0.02", "size": "25.56"}, {"price": "0.04", "size": "250"}, {"price": "0.05", "size": "6.01"}], "asks": [{"price": "0.99", "size": "11241.33"}, {"price": "0.98", "size": "26.15"}, {"price": "0.95", "size": "250"}, {"price": "0.94", "size": "10.95"}], "event_type": "book", "last_trade_price": ""}, {"market": "0xb4875fb7273e54b6e6ac237cc6714cb1676c77bbd33f587259d752182fffb86d", "asset_id": "78011226093492986212099395263504260010656374613030987819800781945554686849391", "timestamp": "1769383986046", "hash": "77bd30d21d222b0a3d595a76b485aa1019266ca1", "bids": [{"price": "0.01", "size": "7089.43"}, {"price": "0.02", "size": "4157.32"}, {"price": "0.03", "size": "11.38"}, {"price": "0.08", "size": "300"}, {"price": "0.09", "size": "331.17"}, {"price": "0.1", "size": "75"}, {"price": "0.11", "size": "1190.11"}, {"price": "0.12", "size": "990.11"}, {"price": "0.16", "size": "10"}, {"price": "0.17", "size": "50"}, {"price": "0.24", "size": "1042"}], "asks": [{"price": "0.99", "size": "8889.05"}, {"price": "0.98", "size": "2100"}, {"price": "0.97", "size": "9.3"}, {"price": "0.93", "size": "1500"}, {"price": "0.92", "size": "4257.32"}, {"price": "0.91", "size": "156"}, {"price": "0.9", "size": "6.21"}, {"price": "0.7", "size": "300"}, {"price": "0.66", "size": "1090.11"}, {"price": "0.65", "size": "890.11"}, {"price": "0.63", "size": "125"}, {"price": "0.6", "size": "75"}, {"price": "0.5", "size": "10"}, {"price": "0.38", "size": "63.36"}], "event_type": "book", "last_trade_price": "0.620"}, {"market": "0x1d12bbebecf72bb86795e3a986259f910de8844bff42b7e1f6b41e0e642c2cfe", "asset_id": "80305001066277088942374727959353667400596360783368851992177732172286600957357", "timestamp": "1769383983025", "hash": "04edc451e4bc865085b04f6262630ac4c6017851", "bids": [{"price": "0.01", "size": "202.04"}, {"price": "0.02", "size": "100.48"}, {"price": "0.03", "size": "18.99"}, {"price": "0.04", "size": "29.99"}], "asks": [{"price": "0.99", "size": "194.56"}, {"price": "0.98", "size": "97.03"}, {"price": "0.97", "size": "9.79"}, {"price": "0.95", "size": "23.99"}, {"price": "0.94", "size": "5.47"}], "event_type": "book", "last_trade_price": ""}, {"market": "0xb4564ce636a5df4090b3e0b9b34db9077579ffe240311864b8646b43cf61cd89", "asset_id": "38898476784103070872751870923534586927738539138614752118708381107241617125204", "timestamp": "1769383974178", "hash": "c46d9aef187a27ac4ab50e25e6925e2c753e3690", "bids": [{"price": "0.01", "size": "11248.58"}, {"price": "0.02", "size": "20.47"}, {"price": "0.03", "size": "250"}, {"price": "0.04", "size": "39.24"}], "asks": [{"price": "0.99", "size": "11241.33"}, {"price": "0.98", "size": "26.15"}, {"price": "0.95", "size": "250"}, {"price": "0.94", "size": "10.95"}], "event_type": "book", "last_trade_price": ""}, {"market": "0x1d12bbebecf72bb86795e3a986259f910de8844bff42b7e1f6b41e0e642c2cfe", "asset_id": "84230094436449520755694159101812750459374174946426195873228342039982468961800", "timestamp": "1769383983025", "hash": "f79ce3804d61f88d17ccf3bf11a0a45692e6b143", "bids": [{"price": "0.01", "size": "194.56"}, {"price": "0.02", "size": "97.03"}, {"price": "0.03", "size": "9.79"}, {"price": "0.05", "size": "23.99"}, {"price": "0.06", "size": "5.47"}], "asks": [{"price": "0.99", "size": "202.04"}, {"price": "0.98", "size": "100.48"}, {"price": "0.97", "size": "18.99"}, {"price": "0.96", "size": "29.99"}], "event_type": "book", "last_trade_price": ""}, {"market": "0xdf6c1d1475e27d982fc88ce82d96062f8f7e40307a7154657fd63575ff37bff0", "asset_id": "63731285834400184990425236040401262618184688175760902733248109194206191205364", "timestamp": "1769383974178", "hash": "2837c853abe430ecf5309b8f82aa4a4d73f02be2", "bids": [{"price": "0.01", "size": "11241.33"}, {"price": "0.02", "size": "26.15"}, {"price": "0.05", "size": "250"}, {"price": "0.06", "size": "10.95"}], "asks": [{"price": "0.99", "size": "11245.35"}, {"price": "0.98", "size": "25.56"}, {"price": "0.96", "size": "250"}, {"price": "0.95", "size": "6.01"}], "event_type": "book", "last_trade_price": ""}]}
{"_local_timestamp": "2026-01-25T23:34:33.680627+00:00", "data": {"market": "0x1d12bbebecf72bb86795e3a986259f910de8844bff42b7e1f6b41e0e642c2cfe", "price_changes": [{"asset_id": "84230094436449520755694159101812750459374174946426195873228342039982468961800", "price": "0.05", "size": "0", "side": "BUY", "hash": "bb9502d28d20d203651237db1f28655d7054c9e1", "best_bid": "0.06", "best_ask": "0.96"}, {"asset_id": "80305001066277088942374727959353667400596360783368851992177732172286600957357", "price": "0.95", "size": "0", "side": "SELL", "hash": "2faaa10e83a0384e2d707f9df51ff145026c6aa4", "best_bid": "0.04", "best_ask": "0.94"}], "timestamp": "1769384073594", "event_type": "price_change"}}
{"_local_timestamp": "2026-01-25T23:34:35.137601+00:00", "data": {"market": "0x1d12bbebecf72bb86795e3a986259f910de8844bff42b7e1f6b41e0e642c2cfe", "price_changes": [{"asset_id": "84230094436449520755694159101812750459374174946426195873228342039982468961800", "price": "0.06", "size": "0", "side": "BUY", "hash": "753e59f46291baba3b4cd02c97026f48c194b8a5", "best_bid": "0.03", "best_ask": "0.96"}, {"asset_id": "80305001066277088942374727959353667400596360783368851992177732172286600957357", "price": "0.94", "size": "0", "side": "SELL", "hash": "41322b69ed0c4c76429443f907a6c7390c538c26", "best_bid": "0.04", "best_ask": "0.97"}], "timestamp": "1769384075057", "event_type": "price_change"}}
{"_local_timestamp": "2026-01-25T23:34:35.393573+00:00", "data": {"market": "0x1d12bbebecf72bb86795e3a986259f910de8844bff42b7e1f6b41e0e642c2cfe", "price_changes": [{"asset_id": "84230094436449520755694159101812750459374174946426195873228342039982468961800", "price": "0.04", "size": "5.47", "side": "BUY", "hash": "da02e50715ba72c425bd7850e02dcc4e76e9ffe8", "best_bid": "0.04", "best_ask": "0.96"}, {"asset_id": "80305001066277088942374727959353667400596360783368851992177732172286600957357", "price": "0.96", "size": "5.47", "side": "SELL", "hash": "94783d8a3a355240d95c0fdcac108a2f19837988", "best_bid": "0.04", "best_ask": "0.96"}], "timestamp": "1769384075328", "event_type": "price_change"}}
{"_local_timestamp": "2026-01-25T23:35:50.652510+00:00", "data": {"market": "0x326e6ea591c8c8d005f6695bdfda6a97985591a000ca7050935510ad859e1b1d", "price_changes": [{"asset_id": "7147984308693193198663210272311540409168546624708924436187711141946281139866", "price": "0.02", "size": "895.9", "side": "BUY", "hash": "b1136caf995656fd5dc22777e237e9f8e7ededf0", "best_bid": "0.08", "best_ask": "0.95"}, {"asset_id": "43303857038275526100242814574974258153436508554854992911807654503113445193464", "price": "0.98", "size": "895.9", "side": "SELL", "hash": "ad77366cd53e0e24e6f06b7588d14218884c2315", "best_bid": "0.05", "best_ask": "0.92"}], "timestamp": "1769384150347", "event_type": "price_change"}}
{"_local_timestamp": "2026-01-25T23:35:50.659391+00:00", "data": {"market": "0x326e6ea591c8c8d005f6695bdfda6a97985591a000ca7050935510ad859e1b1d", "price_changes": [{"asset_id": "7147984308693193198663210272311540409168546624708924436187711141946281139866", "price": "0.02", "size": "5.79", "side": "BUY", "hash": "31826c767e9481ba39b6222fa3992c4285ad20d3", "best_bid": "0.08", "best_ask": "0.95"}, {"asset_id": "43303857038275526100242814574974258153436508554854992911807654503113445193464", "price": "0.98", "size": "5.79", "side": "SELL", "hash": "190cc5d7ae38d1612b567d425c22f79aa6f1d440", "best_bid": "0.05", "best_ask": "0.92"}], "timestamp": "1769384150416", "event_type": "price_change"}}
{"_local_timestamp": "2026-01-25T23:35:50.659726+00:00", "data": {"market": "0x326e6ea591c8c8d005f6695bdfda6a97985591a000ca7050935510ad859e1b1d", "price_changes": [{"asset_id": "7147984308693193198663210272311540409168546624708924436187711141946281139866", "price": "0.01", "size": "10402.88", "side": "BUY", "hash": "31826c767e9481ba39b6222fa3992c4285ad20d3", "best_bid": "0.08", "best_ask": "0.95"}, {"asset_id": "43303857038275526100242814574974258153436508554854992911807654503113445193464", "price": "0.99", "size": "10402.88", "side": "SELL", "hash": "190cc5d7ae38d1612b567d425c22f79aa6f1d440", "best_bid": "0.05", "best_ask": "0.92"}], "timestamp": "1769384150416", "event_type": "price_change"}}
{"_local_timestamp": "2026-01-25T23:35:50.660024+00:00", "data": {"market": "0x326e6ea591c8c8d005f6695bdfda6a97985591a000ca7050935510ad859e1b1d", "price_changes": [{"asset_id": "43303857038275526100242814574974258153436508554854992911807654503113445193464", "price": "0.02", "size": "25.56", "side": "BUY", "hash": "bc05276db4f1f33ce07f838b3935ada0a9a2538f", "best_bid": "0.05", "best_ask": "0.92"}, {"asset_id": "7147984308693193198663210272311540409168546624708924436187711141946281139866", "price": "0.98", "size": "25.56", "side": "SELL", "hash": "2c3156344235d047f07b385db414a49d0e6a78fe", "best_bid": "0.08", "best_ask": "0.95"}], "timestamp": "1769384150417", "event_type": "price_change"}}
{"_local_timestamp": "2026-01-25T23:35:50.660612+00:00", "data": {"market": "0x326e6ea591c8c8d005f6695bdfda6a97985591a000ca7050935510ad859e1b1d", "price_changes": [{"asset_id": "43303857038275526100242814574974258153436508554854992911807654503113445193464", "price": "0.01", "size": "10408.24", "side": "BUY", "hash": "bc05276db4f1f33ce07f838b3935ada0a9a2538f", "best_bid": "0.05", "best_ask": "0.92"}, {"asset_id": "7147984308693193198663210272311540409168546624708924436187711141946281139866", "price": "0.99", "size": "10408.24", "side": "SELL", "hash": "2c3156344235d047f07b385db414a49d0e6a78fe", "best_bid": "0.08", "best_ask": "0.95"}], "timestamp": "1769384150417", "event_type": "price_change"}}
{"_local_timestamp": "2026-01-25T23:35:51.063070+00:00", "data": {"market": "0x326e6ea591c8c8d005f6695bdfda6a97985591a000ca7050935510ad859e1b1d", "price_changes": [{"asset_id": "7147984308693193198663210272311540409168546624708924436187711141946281139866", "price": "0.03", "size": "24.99", "side": "BUY", "hash": "f15141b52735e7d134fe0d4aeb85bae1a0223f81", "best_bid": "0.08", "best_ask": "0.95"}, {"asset_id": "43303857038275526100242814574974258153436508554854992911807654503113445193464", "price": "0.97", "size": "24.99", "side": "SELL", "hash": "abbd7d9a81ef7c4cdf4002645c2df94f30cc5a23", "best_bid": "0.05", "best_ask": "0.92"}], "timestamp": "1769384150999", "event_type": "price_change"}}
{"_local_timestamp": "2026-01-25T23:36:05.856570+00:00", "data": {"market": "0x1d12bbebecf72bb86795e3a986259f910de8844bff42b7e1f6b41e0e642c2cfe", "price_changes": [{"asset_id": "84230094436449520755694159101812750459374174946426195873228342039982468961800", "price": "0.05", "size": "23.99", "side": "BUY", "hash": "0e13256d5122f9aecc89a3329cda952ecf761fa6", "best_bid": "0.05", "best_ask": "0.96"}, {"asset_id": "80305001066277088942374727959353667400596360783368851992177732172286600957357", "price": "0.95", "size": "23.99", "side": "SELL", "hash": "32f8f5accefe5d2ef5f8f0e8f99241b33801db54", "best_bid": "0.04", "best_ask": "0.95"}], "timestamp": "1769384165775", "event_type": "price_change"}}
{"_local_timestamp": "2026-01-25T23:36:09.251436+00:00", "data": {"market": "0x1d12bbebecf72bb86795e3a986259f910de8844bff42b7e1f6b41e0e642c2cfe", "price_changes": [{"asset_id": "84230094436449520755694159101812750459374174946426195873228342039982468961800", "price": "0.04", "size": "0", "side": "BUY", "hash": "ca2432397f927ae4ed9a6016c2026c266fb1c86f", "best_bid": "0.05", "best_ask": "0.96"}, {"asset_id": "80305001066277088942374727959353667400596360783368851992177732172286600957357", "price": "0.96", "size": "0", "side": "SELL", "hash": "f086405c076565581d612a1f65a29c494c9c0880", "best_bid": "0.04", "best_ask": "0.95"}], "timestamp": "1769384169171", "event_type": "price_change"}}
{"_local_timestamp": "2026-01-25T23:36:09.639422+00:00", "data": {"market": "0x1d12bbebecf72bb86795e3a986259f910de8844bff42b7e1f6b41e0e642c2cfe", "price_changes": [{"asset_id": "84230094436449520755694159101812750459374174946426195873228342039982468961800", "price": "0.06", "size": "5.47", "side": "BUY", "hash": "322645d837db72aae0136a41e4b014a0387bd8ea", "best_bid": "0.06", "best_ask": "0.96"}, {"asset_id": "80305001066277088942374727959353667400596360783368851992177732172286600957357", "price": "0.94", "size": "5.47", "side": "SELL", "hash": "8f960ce8f686e892b7e41c291b3c43bb30b13468", "best_bid": "0.04", "best_ask": "0.94"}], "timestamp": "1769384169564", "event_type": "price_change"}}
{"_local_timestamp": "2026-01-25T23:36:58.414624+00:00", "data": {"market": "0xb4875fb7273e54b6e6ac237cc6714cb1676c77bbd33f587259d752182fffb86d", "price_changes": [{"asset_id": "78011226093492986212099395263504260010656374613030987819800781945554686849391", "price": "0.11", "size": "890.11", "side": "BUY", "hash": "e1e513f284c52804a1c762235c1a84b7ce9c85d1", "best_bid": "0.24", "best_ask": "0.38"}, {"asset_id": "60996977615752369321449034194037607587188094556696559127505815551902115258750", "price": "0.89", "size": "890.11", "side": "SELL", "hash": "77622504144793862c2b59d9ca243d09b771b8eb", "best_bid": "0.62", "best_ask": "0.76"}], "timestamp": "1769384218095", "event_type": "price_change"}}
{"_local_timestamp": "2026-01-25T23:36:58.592548+00:00", "data": {"market": "0xb4875fb7273e54b6e6ac237cc6714cb1676c77bbd33f587259d752182fffb86d", "price_changes": [{"asset_id": "78011226093492986212099395263504260010656374613030987819800781945554686849391", "price": "0.09", "size": "1221.28", "side": "BUY", "hash": "f115ad7c30262700d649c366e0f57746cd0a3429", "best_bid": "0.24", "best_ask": "0.38"}, {"asset_id": "60996977615752369321449034194037607587188094556696559127505815551902115258750", "price": "0.91", "size": "1221.28", "side": "SELL", "hash": "bd5b32a0b7857a5c008d6d7635a9bde7433ba79c", "best_bid": "0.62", "best_ask": "0.76"}], "timestamp": "1769384218351", "event_type": "price_change"}}
{"_local_timestamp": "2026-01-25T23:36:58.601425+00:00", "data": {"market": "0xb4875fb7273e54b6e6ac237cc6714cb1676c77bbd33f587259d752182fffb86d", "price_changes": [{"asset_id": "78011226093492986212099395263504260010656374613030987819800781945554686849391", "price": "0.1", "size": "965.11", "side": "BUY", "hash": "a2b42d3523932e777634927c19b31373ca381969", "best_bid": "0.24", "best_ask": "0.38"}, {"asset_id": "60996977615752369321449034194037607587188094556696559127505815551902115258750", "price": "0.9", "size": "965.11", "side": "SELL", "hash": "60a7522e141a0733de3b945342fd0a56db0d9600", "best_bid": "0.62", "best_ask": "0.76"}], "timestamp": "1769384218351", "event_type": "price_change"}}
{"_local_timestamp": "2026-01-25T23:37:43.266817+00:00", "data": {"market": "0x1d12bbebecf72bb86795e3a986259f910de8844bff42b7e1f6b41e0e642c2cfe", "price_changes": [{"asset_id": "84230094436449520755694159101812750459374174946426195873228342039982468961800", "price": "0.05", "size": "0", "side": "BUY", "hash": "0665f04706431bd6c4393ecfeed0aa5277ee996a", "best_bid": "0.06", "best_ask": "0.96"}, {"asset_id": "80305001066277088942374727959353667400596360783368851992177732172286600957357", "price": "0.95", "size": "0", "side": "SELL", "hash": "71672cc09d76fdc043279baaefd7f3cb8efbcf8c", "best_bid": "0.04", "best_ask": "0.94"}], "timestamp": "1769384263172", "event_type": "price_change"}}
{"_local_timestamp": "2026-01-25T23:37:46.315926+00:00", "data": {"market": "0x1d12bbebecf72bb86795e3a986259f910de8844bff42b7e1f6b41e0e642c2cfe", "price_changes": [{"asset_id": "84230094436449520755694159101812750459374174946426195873228342039982468961800", "price": "0.06", "size": "0", "side": "BUY", "hash": "bc15fe18c4b73529f750596eac74beaed476895d", "best_bid": "0.03", "best_ask": "0.96"}, {"asset_id": "80305001066277088942374727959353667400596360783368851992177732172286600957357", "price": "0.94", "size": "0", "side": "SELL", "hash": "044040a20531152e4117d2da301be7e2933d2802", "best_bid": "0.04", "best_ask": "0.97"}], "timestamp": "1769384266142", "event_type": "price_change"}}
{"_local_timestamp": "2026-01-25T23:37:46.545454+00:00", "data": {"market": "0x1d12bbebecf72bb86795e3a986259f910de8844bff42b7e1f6b41e0e642c2cfe", "price_changes": [{"asset_id": "84230094436449520755694159101812750459374174946426195873228342039982468961800", "price": "0.04", "size": "5.47", "side": "BUY", "hash": "fcb9b09419a54a03743546ad26382290fd9940c0", "best_bid": "0.04", "best_ask": "0.96"}, {"asset_id": "80305001066277088942374727959353667400596360783368851992177732172286600957357", "price": "0.96", "size": "5.47", "side": "SELL", "hash": "c1e8154c8fa5950707e137246214cb1d2a23ada4", "best_bid": "0.04", "best_ask": "0.96"}], "timestamp": "1769384266399", "event_type": "price_change"}}
