{"_local_timestamp": "2026-01-25T23:34:33.439101+00:00", "data": [{"market": "0x5579d19d33084d8426c1d40cc71bdca5f9943dffecb90b7c0cdbfaa40eddee1e", "asset_id": "65941464671544338488805091738391468126136583273510404504301145690250669249535", "timestamp": "1769383986108", "hash": "14b2101e3461160c95d83be9e6c3626388074b33", "bids": [{"price": "0.01", "size": "11241.33"}, {"price": "0.02", "size": "13.72"}, {"price": "0.03", "size": "57"}, {"price": "0.04", "size": "14.43"}, {"price": "0.07", "size": "148.47"}], "asks": [{"price": "0.99", "size": "6984.29"}, {"price": "0.98", "size": "4462.39"}, {"price": "0.96", "size": "21.16"}, {"price": "0.76", "size": "1190.11"}, {"price": "0.75", "size": "890.11"}, {"price": "0.57", "size": "10"}, {"price": "0.56", "size": "34.36"}], "event_type": "book", "last_trade_price": ""}, {"market": "0x5579d19d33084d8426c1d40cc71bdca5f9943dffecb90b7c0cdbfaa40eddee1e", "asset_id": "96260308130942586014469299128951718368330941095425205395086887613224689028140", "timestamp": "1769383986108", "hash": "17544cfc0a80c18f50c28840ab5ffed877043623", "bids": [{"price": "0.01", "size": "6984.29"}, {"price": "0.02", "size": "4462.39"}, {"price": "0.04", "size": "21.16"}, {"price": "0.24", "size": "1190.11"}, {"price": "0.25", "size": "890.11"}, {"price": "0.43", "size": "10"}, {"price": "0.44", "size": "34.36"}], "asks": [{"price": "0.99", "size": "11241.33"}, {"price": "0.98", "size": "13.72"}, {"price": "0.97", "size": "57"}, {"price": "0.96", "size": "14.43"}, {"price": "0.93", "size": "148.47"}], "event_type": "book", "last_trade_price": ""}]}
{"_local_timestamp": "2026-01-25T23:34:35.730832+00:00", "data": {"market": "0x5579d19d33084d8426c1d40cc71bdca5f9943dffecb90b7c0cdbfaa40eddee1e", "price_changes": [{"asset_id": "96260308130942586014469299128951718368330941095425205395086887613224689028140", "price": "0.02", "size": "4457.32", "side": "BUY", "hash": "6307800603b21c111e7e3946d98832913718a895", "best_bid": "0.44", "best_ask": "0.93"}, {"asset_id": "65941464671544338488805091738391468126136583273510404504301145690250669249535", "price": "0.98", "size": "4457.32", "side": "SELL", "hash": "77b594f75305529359d9a0f4ef65364994ed3592", "best_bid": "0.07", "best_ask": "0.56"}], "timestamp": "1769384075490", "event_type": "price_change"}}
{"_local_timestamp": "2026-01-25T23:34:35.731225+00:00", "data": {"market": "0x5579d19d33084d8426c1d40cc71bdca5f9943dffecb90b7c0cdbfaa40eddee1e", "price_changes": [{"asset_id": "96260308130942586014469299128951718368330941095425205395086887613224689028140", "price": "0.04", "size": "0", "side": "BUY", "hash": "6307800603b21c111e7e3946d98832913718a895", "best_bid": "0.44", "best_ask": "0.93"}, {"asset_id": "65941464671544338488805091738391468126136583273510404504301145690250669249535", "price": "0.96", "size": "0", "side": "SELL", "hash": "77b594f75305529359d9a0f4ef65364994ed3592", "best_bid": "0.07", "best_ask": "0.56"}], "timestamp": "1769384075490", "event_type": "price_change"}}
{"_local_timestamp": "2026-01-25T23:34:36.340926+00:00", "data": {"market": "0x5579d19d33084d8426c1d40cc71bdca5f9943dffecb90b7c0cdbfaa40eddee1e", "price_changes": [{"asset_id": "96260308130942586014469299128951718368330941095425205395086887613224689028140", "price": "0.01", "size": "6989.74", "side": "BUY", "hash": "763688c3adf11d561ebfc9bd706418121d899a83", "best_bid": "0.44", "best_ask": "0.93"}, {"asset_id": "65941464671544338488805091738391468126136583273510404504301145690250669249535", "price": "0.99", "size": "6989.74", "side": "SELL", "hash": "4e0c669b98196af9caf56205c04401df6e057699", "best_bid": "0.07", "best_ask": "0.56"}], "timestamp": "1769384076098", "event_type": "price_change"}}
{"_local_timestamp": "2026-01-25T23:34:36.350310+00:00", "data": {"market": "0x5579d19d33084d8426c1d40cc71bdca5f9943dffecb90b7c0cdbfaa40eddee1e", "price_changes": [{"asset_id": "96260308130942586014469299128951718368330941095425205395086887613224689028140", "price": "0.03", "size": "29.78", "side": "BUY", "hash": "e809edd65178c88199ba74d044522052887c7285", "best_bid": "0.44", "best_ask": "0.93"}, {"asset_id": "65941464671544338488805091738391468126136583273510404504301145690250669249535", "price": "0.97", "size": "29.78", "side": "SELL", "hash": "a8cff06cddcbf803d2b44a452492c8c747fd571f", "best_bid": "0.07", "best_ask": "0.56"}], "timestamp": "1769384076099", "event_type": "price_change"}}
