{"_local_timestamp": "2026-01-25T23:34:24.094152+00:00", "data": [{"market": "0xcf3bdf479e31addf0d920776325a8759c37e977d8ccd16d84bb8a7c9b319f5b4", "asset_id": "19423897484252245381031724860563835455358662770351298411785241621776824540110", "timestamp": "1769384061841", "hash": "7a075199d5dab3d2e6a246a148f404cb1ba7e9f6", "bids": [{"price": "0.01", "size": "8789.27"}, {"price": "0.02", "size": "1800"}, {"price": "0.03", "size": "9.51"}, {"price": "0.07", "size": "1500"}, {"price": "0.08", "size": "4164.98"}, {"price": "0.09", "size": "200"}, {"price": "0.1", "size": "500"}, {"price": "0.11", "size": "4157.32"}, {"price": "0.14", "size": "200"}, {"price": "0.22", "size": "300"}, {"price": "0.24", "size": "1090.11"}, {"price": "0.25", "size": "890.11"}, {"price": "0.26", "size": "125"}, {"price": "0.27", "size": "62"}, {"price": "0.28", "size": "75"}, {"price": "0.5", "size": "10"}, {"price": "0.52", "size": "50"}, {"price": "0.54", "size": "169"}], "asks": [{"price": "0.99", "size": "8389.4"}, {"price": "0.98", "size": "1800"}, {"price": "0.97", "size": "9.19"}, {"price": "0.93", "size": "1500"}, {"price": "0.92", "size": "4157.32"}, {"price": "0.85", "size": "300"}, {"price": "0.83", "size": "200"}, {"price": "0.81", "size": "1315.11"}, {"price": "0.8", "size": "965.11"}, {"price": "0.76", "size": "10"}, {"price": "0.67", "size": "50"}, {"price": "0.63", "size": "150"}, {"price": "0.62", "size": "31"}], "event_type": "book", "last_trade_price": "0.540"}, {"market": "0xcf3bdf479e31addf0d920776325a8759c37e977d8ccd16d84bb8a7c9b319f5b4", "asset_id": "79800804285394431406313674956566735663577258418418362056340026872565628701860", "timestamp": "1769384061841", "hash": "5682addabd95c9575ea9a12e12939a8dfed05c70", "bids": [{"price": "0.01", "size": "8389.4"}, {"price": "0.02", "size": "1800"}, {"price": "0.03", "size": "9.19"}, {"price": "0.07", "size": "1500"}, {"price": "0.08", "size": "4157.32"}, {"price": "0.15", "size": "300"}, {"price": "0.17", "size": "200"}, {"price": "0.19", "size": "1315.11"}, {"price": "0.2", "size": "965.11"}, {"price": "0.24", "size": "10"}, {"price": "0.33", "size": "50"}, {"price": "0.37", "size": "150"}, {"price": "0.38", "size": "31"}], "asks": [{"price": "0.99", "size": "8789.27"}, {"price": "0.98", "size": "1800"}, {"price": "0.97", "size": "9.51"}, {"price": "0.93", "size": "1500"}, {"price": "0.92", "size": "4164.98"}, {"price": "0.91", "size": "200"}, {"price": "0.9", "size": "500"}, {"price": "0.89", "size": "4157.32"}, {"price": "0.86", "size": "200"}, {"price": "0.78", "size": "300"}, {"price": "0.76", "size": "1090.11"}, {"price": "0.75", "size": "890.11"}, {"price": "0.74", "size": "125"}, {"price": "0.73", "size": "62"}, {"price": "0.72", "size": "75"}, {"price": "0.5", "size": "10"}, {"price": "0.48", "size": "50"}, {"price": "0.46", "size": "169"}], "event_type": "book", "last_trade_price": "0.540"}]}
{"_local_timestamp": "2026-01-25T23:34:29.444086+00:00", "data": {"market": "0xcf3bdf479e31addf0d920776325a8759c37e977d8ccd16d84bb8a7c9b319f5b4", "price_changes": [{"asset_id": "19423897484252245381031724860563835455358662770351298411785241621776824540110", "price": "0.09", "size": "100", "side": "BUY", "hash": "8e60f02774c574d6c710358ebb896bcf7e364542", "best_bid": "0.54", "best_ask": "0.62"}, {"asset_id": "79800804285394431406313674956566735663577258418418362056340026872565628701860", "price": "0.91", "size": "100", "side": "SELL", "hash": "a670def61f5a1efc062279a752d65112d2a36871", "best_bid": "0.38", "best_ask": "0.46"}], "timestamp": "1769384069205", "event_type": "price_change"}}
{"_local_timestamp": "2026-01-25T23:34:29.533836+00:00", "data": {"market": "0xcf3bdf479e31addf0d920776325a8759c37e977d8ccd16d84bb8a7c9b319f5b4", "price_changes": [{"asset_id": "19423897484252245381031724860563835455358662770351298411785241621776824540110", "price": "0.11", "size": "0", "side": "BUY", "hash": "f8223d4e8f4583c33d3e9e924e5cfedfad8cdf27", "best_bid": "0.54", "best_ask": "0.62"}, {"asset_id": "79800804285394431406313674956566735663577258418418362056340026872565628701860", "price": "0.89", "size": "0", "side": "SELL", "hash": "bdb70d363acdaaa4d21dc1a03493d1758cb9fa87", "best_bid": "0.38", "best_ask": "0.46"}], "timestamp": "1769384069304", "event_type": "price_change"}}
{"_local_timestamp": "2026-01-25T23:34:29.721647+00:00", "data": {"market": "0xcf3bdf479e31addf0d920776325a8759c37e977d8ccd16d84bb8a7c9b319f5b4", "price_changes": [{"asset_id": "19423897484252245381031724860563835455358662770351298411785241621776824540110", "price": "0.1", "size": "600", "side": "BUY", "hash": "72909d6ab592e81732b54930fdf098904c9a9c7f", "best_bid": "0.54", "best_ask": "0.62"}, {"asset_id": "79800804285394431406313674956566735663577258418418362056340026872565628701860", "price": "0.9", "size": "600", "side": "SELL", "hash": "02a7a18c93c4a92c79b571f7f146773a489e22ea", "best_bid": "0.38", "best_ask": "0.46"}], "timestamp": "1769384069496", "event_type": "price_change"}}
{"_local_timestamp": "2026-01-25T23:34:29.780633+00:00", "data": {"market": "0xcf3bdf479e31addf0d920776325a8759c37e977d8ccd16d84bb8a7c9b319f5b4", "price_changes": [{"asset_id": "19423897484252245381031724860563835455358662770351298411785241621776824540110", "price": "0.11", "size": "1270.1", "side": "BUY", "hash": "1027c0477e09fb4a374dd6f09285d24aa67fd3fe", "best_bid": "0.54", "best_ask": "0.62"}, {"asset_id": "79800804285394431406313674956566735663577258418418362056340026872565628701860", "price": "0.89", "size": "1270.1", "side": "SELL", "hash": "0adef547646cc3dcc147bb52384d8c53a93e2d95", "best_bid": "0.38", "best_ask": "0.46"}], "timestamp": "1769384069546", "event_type": "price_change"}}
{"_local_timestamp": "2026-01-25T23:34:30.125305+00:00", "data": {"market": "0xcf3bdf479e31addf0d920776325a8759c37e977d8ccd16d84bb8a7c9b319f5b4", "price_changes": [{"asset_id": "19423897484252245381031724860563835455358662770351298411785241621776824540110", "price": "0.11", "size": "3267.21", "side": "BUY", "hash": "b1dc8b2c5e72bc5f43201422db39905b682aab7f", "best_bid": "0.54", "best_ask": "0.62"}, {"asset_id": "79800804285394431406313674956566735663577258418418362056340026872565628701860", "price": "0.89", "size": "3267.21", "side": "SELL", "hash": "6715d4750b2a2a14b1998b47afd99830d2853a04", "best_bid": "0.38", "best_ask": "0.46"}], "timestamp": "1769384069779", "event_type": "price_change"}}
{"_local_timestamp": "2026-01-25T23:34:30.125774+00:00", "data": {"market": "0xcf3bdf479e31addf0d920776325a8759c37e977d8ccd16d84bb8a7c9b319f5b4", "price_changes": [{"asset_id": "19423897484252245381031724860563835455358662770351298411785241621776824540110", "price": "0.11", "size": "4157.32", "side": "BUY", "hash": "555ef7239f46c30672d8b21e19153f5ba0328b4f", "best_bid": "0.54", "best_ask": "0.62"}, {"asset_id": "79800804285394431406313674956566735663577258418418362056340026872565628701860", "price": "0.89", "size": "4157.32", "side": "SELL", "hash": "44b93607d87722a362587c23c55708eb8c1bd9ea", "best_bid": "0.38", "best_ask": "0.46"}], "timestamp": "1769384069780", "event_type": "price_change"}}
{"_local_timestamp": "2026-01-25T23:34:31.961234+00:00", "data": {"market": "0xcf3bdf479e31addf0d920776325a8759c37e977d8ccd16d84bb8a7c9b319f5b4", "price_changes": [{"asset_id": "19423897484252245381031724860563835455358662770351298411785241621776824540110", "price": "0.09", "size": "0", "side": "BUY", "hash": "7f85591748dd12614a3651d437c728b5f85ea88c", "best_bid": "0.54", "best_ask": "0.62"}, {"asset_id": "79800804285394431406313674956566735663577258418418362056340026872565628701860", "price": "0.91", "size": "0", "side": "SELL", "hash": "fadb304561ce1fba9c36593435947e509404d149", "best_bid": "0.38", "best_ask": "0.46"}], "timestamp": "1769384071737", "event_type": "price_change"}}
{"_local_timestamp": "2026-01-25T23:34:32.401146+00:00", "data": {"market": "0xcf3bdf479e31addf0d920776325a8759c37e977d8ccd16d84bb8a7c9b319f5b4", "price_changes": [{"asset_id": "19423897484252245381031724860563835455358662770351298411785241621776824540110", "price": "0.1", "size": "700", "side": "BUY", "hash": "8aff0a3513f6cd729958b5393039f0129c0b048b", "best_bid": "0.54", "best_ask": "0.62"}, {"asset_id": "79800804285394431406313674956566735663577258418418362056340026872565628701860", "price": "0.9", "size": "700", "side": "SELL", "hash": "2471b74a736042457dcc54bcba4f344b3b19b002", "best_bid": "0.38", "best_ask": "0.46"}], "timestamp": "1769384072120", "event_type": "price_change"}}
{"_local_timestamp": "2026-01-25T23:34:32.515861+00:00", "data": {"market": "0xcf3bdf479e31addf0d920776325a8759c37e977d8ccd16d84bb8a7c9b319f5b4", "price_changes": [{"asset_id": "19423897484252245381031724860563835455358662770351298411785241621776824540110", "price": "0.08", "size": "7.66", "side": "BUY", "hash": "c964871a90e5bcda4f574ac7229654ad90ec54e3", "best_bid": "0.54", "best_ask": "0.62"}, {"asset_id": "79800804285394431406313674956566735663577258418418362056340026872565628701860", "price": "0.92", "size": "7.66", "side": "SELL", "hash": "5584a0116a233ccc7be476e5cd2d1230625f2915", "best_bid": "0.38", "best_ask": "0.46"}], "timestamp": "1769384072260", "event_type": "price_change"}}
{"_local_timestamp": "2026-01-25T23:34:50.611904+00:00", "data": {"market": "0xcf3bdf479e31addf0d920776325a8759c37e977d8ccd16d84bb8a7c9b319f5b4", "price_changes": [{"asset_id": "19423897484252245381031724860563835455358662770351298411785241621776824540110", "price": "0.1", "size": "600", "side": "BUY", "hash": "1d76c32139b389874197597d48609902f9064201", "best_bid": "0.54", "best_ask": "0.62"}, {"asset_id": "79800804285394431406313674956566735663577258418418362056340026872565628701860", "price": "0.9", "size": "600", "side": "SELL", "hash": "4fa2b1d8b5c62a3996626fd809263662d50e5e13", "best_bid": "0.38", "best_ask": "0.46"}], "timestamp": "1769384090191", "event_type": "price_change"}}
{"_local_timestamp": "2026-01-25T23:34:50.650848+00:00", "data": {"market": "0xcf3bdf479e31addf0d920776325a8759c37e977d8ccd16d84bb8a7c9b319f5b4", "price_changes": [{"asset_id": "19423897484252245381031724860563835455358662770351298411785241621776824540110", "price": "0.11", "size": "4257.32", "side": "BUY", "hash": "14c561c5a2267a3bfd662bcf9cbb655b39111ec0", "best_bid": "0.54", "best_ask": "0.62"}, {"asset_id": "79800804285394431406313674956566735663577258418418362056340026872565628701860", "price": "0.89", "size": "4257.32", "side": "SELL", "hash": "1e04b7cc56071d66675d09d48540f3622c006539", "best_bid": "0.38", "best_ask": "0.46"}], "timestamp": "1769384090481", "event_type": "price_change"}}
{"_local_timestamp": "2026-01-25T23:34:50.791897+00:00", "data": {"market": "0xcf3bdf479e31addf0d920776325a8759c37e977d8ccd16d84bb8a7c9b319f5b4", "price_changes": [{"asset_id": "19423897484252245381031724860563835455358662770351298411785241621776824540110", "price": "0.1", "size": "200", "side": "BUY", "hash": "df902ea59fd3ea34880ff97725d69c49e5321510", "best_bid": "0.54", "best_ask": "0.62"}, {"asset_id": "79800804285394431406313674956566735663577258418418362056340026872565628701860", "price": "0.9", "size": "200", "side": "SELL", "hash": "88eb667d94ddfb15e5e562c7ed1b424f4f8b7d6b", "best_bid": "0.38", "best_ask": "0.46"}], "timestamp": "1769384090657", "event_type": "price_change"}}
{"_local_timestamp": "2026-01-25T23:34:50.861375+00:00", "data": {"market": "0xcf3bdf479e31addf0d920776325a8759c37e977d8ccd16d84bb8a7c9b319f5b4", "price_changes": [{"asset_id": "19423897484252245381031724860563835455358662770351298411785241621776824540110", "price": "0.08", "size": "1277.76", "side": "BUY", "hash": "ccb131deb57473e09ddf33bf1166e05360abdb55", "best_bid": "0.54", "best_ask": "0.62"}, {"asset_id": "79800804285394431406313674956566735663577258418418362056340026872565628701860", "price": "0.92", "size": "1277.76", "side": "SELL", "hash": "b0bbb63a08be820de693a84dcdce0f4f3647fb2e", "best_bid": "0.38", "best_ask": "0.46"}], "timestamp": "1769384090722", "event_type": "price_change"}}
{"_local_timestamp": "2026-01-25T23:34:50.861791+00:00", "data": {"market": "0xcf3bdf479e31addf0d920776325a8759c37e977d8ccd16d84bb8a7c9b319f5b4", "price_changes": [{"asset_id": "19423897484252245381031724860563835455358662770351298411785241621776824540110", "price": "0.08", "size": "2167.87", "side": "BUY", "hash": "c38361e6fbe739f2c52c7e08bb969312a769565d", "best_bid": "0.54", "best_ask": "0.62"}, {"asset_id": "79800804285394431406313674956566735663577258418418362056340026872565628701860", "price": "0.92", "size": "2167.87", "side": "SELL", "hash": "d6ebb473b6a0d73a9c9bd13b78db6e747dba180e", "best_bid": "0.38", "best_ask": "0.46"}], "timestamp": "1769384090723", "event_type": "price_change"}}
{"_local_timestamp": "2026-01-25T23:34:50.905091+00:00", "data": {"market": "0xcf3bdf479e31addf0d920776325a8759c37e977d8ccd16d84bb8a7c9b319f5b4", "price_changes": [{"asset_id": "19423897484252245381031724860563835455358662770351298411785241621776824540110", "price": "0.08", "size": "4164.98", "side": "BUY", "hash": "3716288272c995937d67a196126e1075cb194f3d", "best_bid": "0.54", "best_ask": "0.62"}, {"asset_id": "79800804285394431406313674956566735663577258418418362056340026872565628701860", "price": "0.92", "size": "4164.98", "side": "SELL", "hash": "c7e9ea8122c8fffb2089744a4f4e1e489240935f", "best_bid": "0.38", "best_ask": "0.46"}], "timestamp": "1769384090762", "event_type": "price_change"}}
{"_local_timestamp": "2026-01-25T23:34:51.089759+00:00", "data": {"market": "0xcf3bdf479e31addf0d920776325a8759c37e977d8ccd16d84bb8a7c9b319f5b4", "price_changes": [{"asset_id": "19423897484252245381031724860563835455358662770351298411785241621776824540110", "price": "0.11", "size": "4657.32", "side": "BUY", "hash": "7cd409084d4fedeb1f4fcf8f2123e554822680a0", "best_bid": "0.54", "best_ask": "0.62"}, {"asset_id": "79800804285394431406313674956566735663577258418418362056340026872565628701860", "price": "0.89", "size": "4657.32", "side": "SELL", "hash": "56d395abce5367caddbf95fdcb67d9b117e3c1be", "best_bid": "0.38", "best_ask": "0.46"}], "timestamp": "1769384090939", "event_type": "price_change"}}
{"_local_timestamp": "2026-01-25T23:34:56.675318+00:00", "data": {"market": "0xcf3bdf479e31addf0d920776325a8759c37e977d8ccd16d84bb8a7c9b319f5b4", "price_changes": [{"asset_id": "19423897484252245381031724860563835455358662770351298411785241621776824540110", "price": "0.1", "size": "100", "side": "BUY", "hash": "92e8631e35acd7fc8674f4c3434b4ecf28950f1c", "best_bid": "0.54", "best_ask": "0.62"}, {"asset_id": "79800804285394431406313674956566735663577258418418362056340026872565628701860", "price": "0.9", "size": "100", "side": "SELL", "hash": "ae75eaf957676d34c92a6b5d96bd55f53274358f", "best_bid": "0.38", "best_ask": "0.46"}], "timestamp": "1769384096592", "event_type": "price_change"}}
{"_local_timestamp": "2026-01-25T23:34:56.746849+00:00", "data": {"market": "0xcf3bdf479e31addf0d920776325a8759c37e977d8ccd16d84bb8a7c9b319f5b4", "price_changes": [{"asset_id": "19423897484252245381031724860563835455358662770351298411785241621776824540110", "price": "0.11", "size": "1390.11", "side": "BUY", "hash": "8cf7e745893b9d1de29a9214c8020eb88e484f88", "best_bid": "0.54", "best_ask": "0.62"}, {"asset_id": "79800804285394431406313674956566735663577258418418362056340026872565628701860", "price": "0.89", "size": "1390.11", "side": "SELL", "hash": "ed27d7e8cdaf19921838cfd79f01c2d3d670db90", "best_bid": "0.38", "best_ask": "0.46"}], "timestamp": "1769384096672", "event_type": "price_change"}}
{"_local_timestamp": "2026-01-25T23:34:56.838969+00:00", "data": {"market": "0xcf3bdf479e31addf0d920776325a8759c37e977d8ccd16d84bb8a7c9b319f5b4", "price_changes": [{"asset_id": "19423897484252245381031724860563835455358662770351298411785241621776824540110", "price": "0.11", "size": "500", "side": "BUY", "hash": "1aaa74d5fd6128eb742924d5c49b63cff8685ca1", "best_bid": "0.54", "best_ask": "0.62"}, {"asset_id": "79800804285394431406313674956566735663577258418418362056340026872565628701860", "price": "0.89", "size": "500", "side": "SELL", "hash": "6022f44e165d8ff91e8da51550f73a6c49535f26", "best_bid": "0.38", "best_ask": "0.46"}], "timestamp": "1769384096758", "event_type": "price_change"}}
{"_local_timestamp": "2026-01-25T23:34:56.943149+00:00", "data": {"market": "0xcf3bdf479e31addf0d920776325a8759c37e977d8ccd16d84bb8a7c9b319f5b4", "price_changes": [{"asset_id": "19423897484252245381031724860563835455358662770351298411785241621776824540110", "price": "0.11", "size": "600", "side": "BUY", "hash": "7bdd0785c42fc0cf254b717571095caf15a2cbf2", "best_bid": "0.54", "best_ask": "0.62"}, {"asset_id": "79800804285394431406313674956566735663577258418418362056340026872565628701860", "price": "0.89", "size": "600", "side": "SELL", "hash": "de1bf9c202ff120ee72ca934c506a58a8a7ee04c", "best_bid": "0.38", "best_ask": "0.46"}], "timestamp": "1769384096853", "event_type": "price_change"}}
{"_local_timestamp": "2026-01-25T23:34:56.957750+00:00", "data": {"market": "0xcf3bdf479e31addf0d920776325a8759c37e977d8ccd16d84bb8a7c9b319f5b4", "price_changes": [{"asset_id": "19423897484252245381031724860563835455358662770351298411785241621776824540110", "price": "0.12", "size": "1270.1", "side": "BUY", "hash": "6e2bfe28128cefb8c6f1fb1ed47781d0b9651e61", "best_bid": "0.54", "best_ask": "0.62"}, {"asset_id": "79800804285394431406313674956566735663577258418418362056340026872565628701860", "price": "0.88", "size": "1270.1", "side": "SELL", "hash": "79c86786ee817538b4f662721e94d7bffe0c2ce5", "best_bid": "0.38", "best_ask": "0.46"}], "timestamp": "1769384096884", "event_type": "price_change"}}
{"_local_timestamp": "2026-01-25T23:34:56.961176+00:00", "data": {"market": "0xcf3bdf479e31addf0d920776325a8759c37e977d8ccd16d84bb8a7c9b319f5b4", "price_changes": [{"asset_id": "19423897484252245381031724860563835455358662770351298411785241621776824540110", "price": "0.12", "size": "2160.21", "side": "BUY", "hash": "5fa83a5c52be542a7d8fcd43bb2c26cf21c44300", "best_bid": "0.54", "best_ask": "0.62"}, {"asset_id": "79800804285394431406313674956566735663577258418418362056340026872565628701860", "price": "0.88", "size": "2160.21", "side": "SELL", "hash": "1cc0c08810f03daf001536194bf69b7bf007af70", "best_bid": "0.38", "best_ask": "0.46"}], "timestamp": "1769384096885", "event_type": "price_change"}}
{"_local_timestamp": "2026-01-25T23:34:56.961682+00:00", "data": {"market": "0xcf3bdf479e31addf0d920776325a8759c37e977d8ccd16d84bb8a7c9b319f5b4", "price_changes": [{"asset_id": "19423897484252245381031724860563835455358662770351298411785241621776824540110", "price": "0.12", "size": "4157.32", "side": "BUY", "hash": "bd9cacd918150dc8e74091c7ec4da0aa37dcddef", "best_bid": "0.54", "best_ask": "0.62"}, {"asset_id": "79800804285394431406313674956566735663577258418418362056340026872565628701860", "price": "0.88", "size": "4157.32", "side": "SELL", "hash": "161ad262319540be8eee976b5b40b243690472e2", "best_bid": "0.38", "best_ask": "0.46"}], "timestamp": "1769384096885", "event_type": "price_change"}}
{"_local_timestamp": "2026-01-25T23:35:01.798913+00:00", "data": {"market": "0xcf3bdf479e31addf0d920776325a8759c37e977d8ccd16d84bb8a7c9b319f5b4", "price_changes": [{"asset_id": "19423897484252245381031724860563835455358662770351298411785241621776824540110", "price": "0.1", "size": "0", "side": "BUY", "hash": "500728cd53c04bac576a8adca61e22da47718cd7", "best_bid": "0.54", "best_ask": "0.62"}, {"asset_id": "79800804285394431406313674956566735663577258418418362056340026872565628701860", "price": "0.9", "size": "0", "side": "SELL", "hash": "591319b118c973d47548ab1b9773a95b4a1524ad", "best_bid": "0.38", "best_ask": "0.46"}], "timestamp": "1769384101730", "event_type": "price_change"}}
{"_local_timestamp": "2026-01-25T23:35:01.896329+00:00", "data": {"market": "0xcf3bdf479e31addf0d920776325a8759c37e977d8ccd16d84bb8a7c9b319f5b4", "price_changes": [{"asset_id": "19423897484252245381031724860563835455358662770351298411785241621776824540110", "price": "0.08", "size": "897.77", "side": "BUY", "hash": "acaf15edfa248d41565e4c39ccf6d314211f0911", "best_bid": "0.54", "best_ask": "0.62"}, {"asset_id": "79800804285394431406313674956566735663577258418418362056340026872565628701860", "price": "0.92", "size": "897.77", "side": "SELL", "hash": "d33d8baef8b45ba9aaa4bb1c35285286a1baa7f8", "best_bid": "0.38", "best_ask": "0.46"}], "timestamp": "1769384101815", "event_type": "price_change"}}
{"_local_timestamp": "2026-01-25T23:35:01.994040+00:00", "data": {"market": "0xcf3bdf479e31addf0d920776325a8759c37e977d8ccd16d84bb8a7c9b319f5b4", "price_changes": [{"asset_id": "19423897484252245381031724860563835455358662770351298411785241621776824540110", "price": "0.08", "size": "7.66", "side": "BUY", "hash": "274fd0fd8eaed2f013bddad94acfefeb4b30edb6", "best_bid": "0.54", "best_ask": "0.62"}, {"asset_id": "79800804285394431406313674956566735663577258418418362056340026872565628701860", "price": "0.92", "size": "7.66", "side": "SELL", "hash": "600c3f2caddf81af7e5b1d5991a6f2367dc473b4", "best_bid": "0.38", "best_ask": "0.46"}], "timestamp": "1769384101917", "event_type": "price_change"}}
{"_local_timestamp": "2026-01-25T23:35:02.080028+00:00", "data": {"market": "0xcf3bdf479e31addf0d920776325a8759c37e977d8ccd16d84bb8a7c9b319f5b4", "price_changes": [{"asset_id": "19423897484252245381031724860563835455358662770351298411785241621776824540110", "price": "0.11", "size": "700", "side": "BUY", "hash": "c905684cf9a0161bb5c6e632147a0cc1ebf7b38d", "best_bid": "0.54", "best_ask": "0.62"}, {"asset_id": "79800804285394431406313674956566735663577258418418362056340026872565628701860", "price": "0.89", "size": "700", "side": "SELL", "hash": "d2225aefa4f346a35edbd8c66bf5e3bb6a043016", "best_bid": "0.38", "best_ask": "0.46"}], "timestamp": "1769384102000", "event_type": "price_change"}}
{"_local_timestamp": "2026-01-25T23:35:12.502333+00:00", "data": {"market": "0xcf3bdf479e31addf0d920776325a8759c37e977d8ccd16d84bb8a7c9b319f5b4", "price_changes": [{"asset_id": "19423897484252245381031724860563835455358662770351298411785241621776824540110", "price": "0.11", "size": "300", "side": "BUY", "hash": "f6a9017122e129ff0d049b35ecc7f555460c772e", "best_bid": "0.54", "best_ask": "0.62"}, {"asset_id": "79800804285394431406313674956566735663577258418418362056340026872565628701860", "price": "0.89", "size": "300", "side": "SELL", "hash": "2893bb35a71d27617a16baaabc13de58d79934b2", "best_bid": "0.38", "best_ask": "0.46"}], "timestamp": "1769384112431", "event_type": "price_change"}}
{"_local_timestamp": "2026-01-25T23:35:12.787502+00:00", "data": {"market": "0xcf3bdf479e31addf0d920776325a8759c37e977d8ccd16d84bb8a7c9b319f5b4", "price_changes": [{"asset_id": "19423897484252245381031724860563835455358662770351298411785241621776824540110", "price": "0.12", "size": "4557.32", "side": "BUY", "hash": "6c8d9487a57d97fdb97f1ff8347adfb83d70f1c2", "best_bid": "0.54", "best_ask": "0.62"}, {"asset_id": "79800804285394431406313674956566735663577258418418362056340026872565628701860", "price": "0.88", "size": "4557.32", "side": "SELL", "hash": "b37b8fa133c70dfd55a4ebd78a7979c128776a9a", "best_bid": "0.38", "best_ask": "0.46"}], "timestamp": "1769384112711", "event_type": "price_change"}}
{"_local_timestamp": "2026-01-25T23:35:12.823177+00:00", "data": {"market": "0xcf3bdf479e31addf0d920776325a8759c37e977d8ccd16d84bb8a7c9b319f5b4", "price_changes": [{"asset_id": "19423897484252245381031724860563835455358662770351298411785241621776824540110", "price": "0.08", "size": "2004.77", "side": "BUY", "hash": "84db4d516ac3a2827c488d1cb2b60e6627097c57", "best_bid": "0.54", "best_ask": "0.62"}, {"asset_id": "79800804285394431406313674956566735663577258418418362056340026872565628701860", "price": "0.92", "size": "2004.77", "side": "SELL", "hash": "63c2b4ac8ff14815093f7382d09e8753ba8c7a77", "best_bid": "0.38", "best_ask": "0.46"}], "timestamp": "1769384112751", "event_type": "price_change"}}
{"_local_timestamp": "2026-01-25T23:35:12.826232+00:00", "data": {"market": "0xcf3bdf479e31addf0d920776325a8759c37e977d8ccd16d84bb8a7c9b319f5b4", "price_changes": [{"asset_id": "19423897484252245381031724860563835455358662770351298411785241621776824540110", "price": "0.08", "size": "2894.88", "side": "BUY", "hash": "33ff2d7ee6cdad190d38a610cd95df7598aa74fa", "best_bid": "0.54", "best_ask": "0.62"}, {"asset_id": "79800804285394431406313674956566735663577258418418362056340026872565628701860", "price": "0.92", "size": "2894.88", "side": "SELL", "hash": "429160d2b3748e6d2958eb7b84fac68ea4339ef1", "best_bid": "0.38", "best_ask": "0.46"}], "timestamp": "1769384112752", "event_type": "price_change"}}
{"_local_timestamp": "2026-01-25T23:35:12.827030+00:00", "data": {"market": "0xcf3bdf479e31addf0d920776325a8759c37e977d8ccd16d84bb8a7c9b319f5b4", "price_changes": [{"asset_id": "19423897484252245381031724860563835455358662770351298411785241621776824540110", "price": "0.08", "size": "4164.98", "side": "BUY", "hash": "83ed331a5d474baf0c37d5681a3f85825b32824f", "best_bid": "0.54", "best_ask": "0.62"}, {"asset_id": "79800804285394431406313674956566735663577258418418362056340026872565628701860", "price": "0.92", "size": "4164.98", "side": "SELL", "hash": "732637c9799adf16bad17ae58619b69d0cf3f082", "best_bid": "0.38", "best_ask": "0.46"}], "timestamp": "1769384112753", "event_type": "price_change"}}
{"_local_timestamp": "2026-01-25T23:35:26.818931+00:00", "data": {"market": "0xcf3bdf479e31addf0d920776325a8759c37e977d8ccd16d84bb8a7c9b319f5b4", "price_changes": [{"asset_id": "19423897484252245381031724860563835455358662770351298411785241621776824540110", "price": "0.11", "size": "200", "side": "BUY", "hash": "fa7ab9ae3bef244adfda7df4edfab450c9bcab18", "best_bid": "0.54", "best_ask": "0.62"}, {"asset_id": "79800804285394431406313674956566735663577258418418362056340026872565628701860", "price": "0.89", "size": "200", "side": "SELL", "hash": "e76dccddefeb79442dbf0248d342d63056cd7128", "best_bid": "0.38", "best_ask": "0.46"}], "timestamp": "1769384126629", "event_type": "price_change"}}
{"_local_timestamp": "2026-01-25T23:35:26.922001+00:00", "data": {"market": "0xcf3bdf479e31addf0d920776325a8759c37e977d8ccd16d84bb8a7c9b319f5b4", "price_changes": [{"asset_id": "19423897484252245381031724860563835455358662770351298411785241621776824540110", "price": "0.12", "size": "400", "side": "BUY", "hash": "67929b2eda55d365f30ff3634678431c5005526d", "best_bid": "0.54", "best_ask": "0.62"}, {"asset_id": "79800804285394431406313674956566735663577258418418362056340026872565628701860", "price": "0.88", "size": "400", "side": "SELL", "hash": "fb74158fc2b60dbb2c36327b35c3826f37a9b090", "best_bid": "0.38", "best_ask": "0.46"}], "timestamp": "1769384126833", "event_type": "price_change"}}
{"_local_timestamp": "2026-01-25T23:35:27.247934+00:00", "data": {"market": "0xcf3bdf479e31addf0d920776325a8759c37e977d8ccd16d84bb8a7c9b319f5b4", "price_changes": [{"asset_id": "19423897484252245381031724860563835455358662770351298411785241621776824540110", "price": "0.12", "size": "500", "side": "BUY", "hash": "b52f2580f9819ae590bf6706e425cfba3f28b9f7", "best_bid": "0.54", "best_ask": "0.62"}, {"asset_id": "79800804285394431406313674956566735663577258418418362056340026872565628701860", "price": "0.88", "size": "500", "side": "SELL", "hash": "641ee82ae48cae291f7c90804f68591ffc94d2ba", "best_bid": "0.38", "best_ask": "0.46"}], "timestamp": "1769384126971", "event_type": "price_change"}}
{"_local_timestamp": "2026-01-25T23:35:28.356069+00:00", "data": {"market": "0xcf3bdf479e31addf0d920776325a8759c37e977d8ccd16d84bb8a7c9b319f5b4", "price_changes": [{"asset_id": "19423897484252245381031724860563835455358662770351298411785241621776824540110", "price": "0.11", "size": "100", "side": "BUY", "hash": "14c15f53d3ebddcbe41814ccd589e4c5f7de8312", "best_bid": "0.54", "best_ask": "0.62"}, {"asset_id": "79800804285394431406313674956566735663577258418418362056340026872565628701860", "price": "0.89", "size": "100", "side": "SELL", "hash": "fc6af8f42a5476dd3e0b204868e4620af8e4fe56", "best_bid": "0.38", "best_ask": "0.46"}], "timestamp": "1769384128279", "event_type": "price_change"}}
{"_local_timestamp": "2026-01-25T23:35:28.615436+00:00", "data": {"market": "0xcf3bdf479e31addf0d920776325a8759c37e977d8ccd16d84bb8a7c9b319f5b4", "price_changes": [{"asset_id": "19423897484252245381031724860563835455358662770351298411785241621776824540110", "price": "0.12", "size": "600", "side": "BUY", "hash": "535cc6c5be617c2c9353beaecb0813759c3e0361", "best_bid": "0.54", "best_ask": "0.62"}, {"asset_id": "79800804285394431406313674956566735663577258418418362056340026872565628701860", "price": "0.88", "size": "600", "side": "SELL", "hash": "6baf9829db64353539d5efd84f37d105c86c9772", "best_bid": "0.38", "best_ask": "0.46"}], "timestamp": "1769384128552", "event_type": "price_change"}}
{"_local_timestamp": "2026-01-25T23:35:28.696478+00:00", "data": {"market": "0xcf3bdf479e31addf0d920776325a8759c37e977d8ccd16d84bb8a7c9b319f5b4", "price_changes": [{"asset_id": "19423897484252245381031724860563835455358662770351298411785241621776824540110", "price": "0.13", "size": "1997.11", "side": "BUY", "hash": "1128f20987e549e0943bd4f62f33d3867e731ba1", "best_bid": "0.54", "best_ask": "0.62"}, {"asset_id": "79800804285394431406313674956566735663577258418418362056340026872565628701860", "price": "0.87", "size": "1997.11", "side": "SELL", "hash": "d9264a1be7ed39130c7e6bccab63954a536dd543", "best_bid": "0.38", "best_ask": "0.46"}], "timestamp": "1769384128623", "event_type": "price_change"}}
{"_local_timestamp": "2026-01-25T23:35:28.697057+00:00", "data": {"market": "0xcf3bdf479e31addf0d920776325a8759c37e977d8ccd16d84bb8a7c9b319f5b4", "price_changes": [{"asset_id": "19423897484252245381031724860563835455358662770351298411785241621776824540110", "price": "0.13", "size": "2887.22", "side": "BUY", "hash": "d905e525a0f042fe0fc6c0dbe13d1e65b8b4bdba", "best_bid": "0.54", "best_ask": "0.62"}, {"asset_id": "79800804285394431406313674956566735663577258418418362056340026872565628701860", "price": "0.87", "size": "2887.22", "side": "SELL", "hash": "dbffc4e0c83b89623e7de27e1f5e527d61312f9e", "best_bid": "0.38", "best_ask": "0.46"}], "timestamp": "1769384128624", "event_type": "price_change"}}
{"_local_timestamp": "2026-01-25T23:35:28.729516+00:00", "data": {"market": "0xcf3bdf479e31addf0d920776325a8759c37e977d8ccd16d84bb8a7c9b319f5b4", "price_changes": [{"asset_id": "19423897484252245381031724860563835455358662770351298411785241621776824540110", "price": "0.13", "size": "4157.32", "side": "BUY", "hash": "11dc3530a1adedbcffd5f61f8014447f8cd11655", "best_bid": "0.54", "best_ask": "0.62"}, {"asset_id": "79800804285394431406313674956566735663577258418418362056340026872565628701860", "price": "0.87", "size": "4157.32", "side": "SELL", "hash": "0e019ea2482ea2b23c3140fbba669eb2596ec55c", "best_bid": "0.38", "best_ask": "0.46"}], "timestamp": "1769384128660", "event_type": "price_change"}}
{"_local_timestamp": "2026-01-25T23:35:32.908621+00:00", "data": {"market": "0xcf3bdf479e31addf0d920776325a8759c37e977d8ccd16d84bb8a7c9b319f5b4", "price_changes": [{"asset_id": "19423897484252245381031724860563835455358662770351298411785241621776824540110", "price": "0.11", "size": "0", "side": "BUY", "hash": "a2b9d0f4aef7fc556caa8a9cc592b94763651f94", "best_bid": "0.54", "best_ask": "0.62"}, {"asset_id": "79800804285394431406313674956566735663577258418418362056340026872565628701860", "price": "0.89", "size": "0", "side": "SELL", "hash": "182dca654040219bf94bd922d36b472013397a1e", "best_bid": "0.38", "best_ask": "0.46"}], "timestamp": "1769384132834", "event_type": "price_change"}}
{"_local_timestamp": "2026-01-25T23:35:32.962735+00:00", "data": {"market": "0xcf3bdf479e31addf0d920776325a8759c37e977d8ccd16d84bb8a7c9b319f5b4", "price_changes": [{"asset_id": "19423897484252245381031724860563835455358662770351298411785241621776824540110", "price": "0.08", "size": "897.77", "side": "BUY", "hash": "28b026129a92290d1f288ad62537cd94d570f104", "best_bid": "0.54", "best_ask": "0.62"}, {"asset_id": "79800804285394431406313674956566735663577258418418362056340026872565628701860", "price": "0.92", "size": "897.77", "side": "SELL", "hash": "ebc2d0a9e605c5089083a26b8244509ee29fbd2a", "best_bid": "0.38", "best_ask": "0.46"}], "timestamp": "1769384132893", "event_type": "price_change"}}
{"_local_timestamp": "2026-01-25T23:35:33.068533+00:00", "data": {"market": "0xcf3bdf479e31addf0d920776325a8759c37e977d8ccd16d84bb8a7c9b319f5b4", "price_changes": [{"asset_id": "19423897484252245381031724860563835455358662770351298411785241621776824540110", "price": "0.08", "size": "7.66", "side": "BUY", "hash": "14157e90dbe0f5c1b94b32927a1e9aedd9a8e26c", "best_bid": "0.54", "best_ask": "0.62"}, {"asset_id": "79800804285394431406313674956566735663577258418418362056340026872565628701860", "price": "0.92", "size": "7.66", "side": "SELL", "hash": "2d62b881ab8adef0a728c1dfa63dc3e31fea008b", "best_bid": "0.38", "best_ask": "0.46"}], "timestamp": "1769384132980", "event_type": "price_change"}}
{"_local_timestamp": "2026-01-25T23:35:33.210515+00:00", "data": {"market": "0xcf3bdf479e31addf0d920776325a8759c37e977d8ccd16d84bb8a7c9b319f5b4", "price_changes": [{"asset_id": "19423897484252245381031724860563835455358662770351298411785241621776824540110", "price": "0.12", "size": "700", "side": "BUY", "hash": "d47871a1a7ad52c8304fdc6d9e9c44eda8a40cc4", "best_bid": "0.54", "best_ask": "0.62"}, {"asset_id": "79800804285394431406313674956566735663577258418418362056340026872565628701860", "price": "0.88", "size": "700", "side": "SELL", "hash": "9e1b2d6b702d25bbb68b55e528976958238e62c5", "best_bid": "0.38", "best_ask": "0.46"}], "timestamp": "1769384133121", "event_type": "price_change"}}
{"_local_timestamp": "2026-01-25T23:35:57.064584+00:00", "data": {"market": "0xcf3bdf479e31addf0d920776325a8759c37e977d8ccd16d84bb8a7c9b319f5b4", "price_changes": [{"asset_id": "19423897484252245381031724860563835455358662770351298411785241621776824540110", "price": "0.12", "size": "300", "side": "BUY", "hash": "d4a3426c7a87588478b2ca48279c813319015917", "best_bid": "0.54", "best_ask": "0.62"}, {"asset_id": "79800804285394431406313674956566735663577258418418362056340026872565628701860", "price": "0.88", "size": "300", "side": "SELL", "hash": "1b9399cb3dd94d0b4306d3cc44616b5c5e5741f0", "best_bid": "0.38", "best_ask": "0.46"}], "timestamp": "1769384156985", "event_type": "price_change"}}
{"_local_timestamp": "2026-01-25T23:35:57.226335+00:00", "data": {"market": "0xcf3bdf479e31addf0d920776325a8759c37e977d8ccd16d84bb8a7c9b319f5b4", "price_changes": [{"asset_id": "19423897484252245381031724860563835455358662770351298411785241621776824540110", "price": "0.08", "size": "897.77", "side": "BUY", "hash": "77da0d6bae93fafd7f5dad36b43aefd143aedb0e", "best_bid": "0.54", "best_ask": "0.62"}, {"asset_id": "79800804285394431406313674956566735663577258418418362056340026872565628701860", "price": "0.92", "size": "897.77", "side": "SELL", "hash": "91a76199352a486d2f5f74abbe942c6fc53007c5", "best_bid": "0.38", "best_ask": "0.46"}], "timestamp": "1769384157157", "event_type": "price_change"}}
{"_local_timestamp": "2026-01-25T23:35:57.226851+00:00", "data": {"market": "0xcf3bdf479e31addf0d920776325a8759c37e977d8ccd16d84bb8a7c9b319f5b4", "price_changes": [{"asset_id": "19423897484252245381031724860563835455358662770351298411785241621776824540110", "price": "0.08", "size": "2167.87", "side": "BUY", "hash": "acda7a2195ec8acb0dd2f9e416ada51a524e2de7", "best_bid": "0.54", "best_ask": "0.62"}, {"asset_id": "79800804285394431406313674956566735663577258418418362056340026872565628701860", "price": "0.92", "size": "2167.87", "side": "SELL", "hash": "2309e7d96358c34aeab28d6e6f1430788434c6fb", "best_bid": "0.38", "best_ask": "0.46"}], "timestamp": "1769384157157", "event_type": "price_change"}}
{"_local_timestamp": "2026-01-25T23:35:57.293921+00:00", "data": {"market": "0xcf3bdf479e31addf0d920776325a8759c37e977d8ccd16d84bb8a7c9b319f5b4", "price_changes": [{"asset_id": "19423897484252245381031724860563835455358662770351298411785241621776824540110", "price": "0.08", "size": "4164.98", "side": "BUY", "hash": "284a48aec383eda69e8d9d8d03769d2d01751e09", "best_bid": "0.54", "best_ask": "0.62"}, {"asset_id": "79800804285394431406313674956566735663577258418418362056340026872565628701860", "price": "0.92", "size": "4164.98", "side": "SELL", "hash": "dba2e9c4267001ec812c2173ca6d9487f5e756c3", "best_bid": "0.38", "best_ask": "0.46"}], "timestamp": "1769384157227", "event_type": "price_change"}}
{"_local_timestamp": "2026-01-25T23:35:57.366291+00:00", "data": {"market": "0xcf3bdf479e31addf0d920776325a8759c37e977d8ccd16d84bb8a7c9b319f5b4", "price_changes": [{"asset_id": "19423897484252245381031724860563835455358662770351298411785241621776824540110", "price": "0.13", "size": "4557.32", "side": "BUY", "hash": "852e14a027cd40c20a6512dd209b889a83f0cf9f", "best_bid": "0.54", "best_ask": "0.62"}, {"asset_id": "79800804285394431406313674956566735663577258418418362056340026872565628701860", "price": "0.87", "size": "4557.32", "side": "SELL", "hash": "0aa6be91cbf6f3fee1d62f07438f80554a8cbf85", "best_bid": "0.38", "best_ask": "0.46"}], "timestamp": "1769384157300", "event_type": "price_change"}}
{"_local_timestamp": "2026-01-25T23:35:58.398716+00:00", "data": {"market": "0xcf3bdf479e31addf0d920776325a8759c37e977d8ccd16d84bb8a7c9b319f5b4", "price_changes": [{"asset_id": "19423897484252245381031724860563835455358662770351298411785241621776824540110", "price": "0.12", "size": "200", "side": "BUY", "hash": "b70e2dcd899bb3206396a71b99e61af212013c76", "best_bid": "0.54", "best_ask": "0.62"}, {"asset_id": "79800804285394431406313674956566735663577258418418362056340026872565628701860", "price": "0.88", "size": "200", "side": "SELL", "hash": "e46b43f83567c220ed33891fea2516befc8513b4", "best_bid": "0.38", "best_ask": "0.46"}], "timestamp": "1769384158332", "event_type": "price_change"}}
{"_local_timestamp": "2026-01-25T23:35:58.689188+00:00", "data": {"market": "0xcf3bdf479e31addf0d920776325a8759c37e977d8ccd16d84bb8a7c9b319f5b4", "price_changes": [{"asset_id": "19423897484252245381031724860563835455358662770351298411785241621776824540110", "price": "0.13", "size": "4657.32", "side": "BUY", "hash": "f590472f4be24cb8f0f42761d518bd233f47712a", "best_bid": "0.54", "best_ask": "0.62"}, {"asset_id": "79800804285394431406313674956566735663577258418418362056340026872565628701860", "price": "0.87", "size": "4657.32", "side": "SELL", "hash": "8ef3a699e30cc6a90b2fcef481737fffe3a54471", "best_bid": "0.38", "best_ask": "0.46"}], "timestamp": "1769384158616", "event_type": "price_change"}}
{"_local_timestamp": "2026-01-25T23:35:59.555107+00:00", "data": {"market": "0xcf3bdf479e31addf0d920776325a8759c37e977d8ccd16d84bb8a7c9b319f5b4", "price_changes": [{"asset_id": "19423897484252245381031724860563835455358662770351298411785241621776824540110", "price": "0.12", "size": "100", "side": "BUY", "hash": "0742a05eebf50966a31ca9fd695340bf1a8753ad", "best_bid": "0.54", "best_ask": "0.62"}, {"asset_id": "79800804285394431406313674956566735663577258418418362056340026872565628701860", "price": "0.88", "size": "100", "side": "SELL", "hash": "bc76c2357c96afb0d82a92d50f7f396a54304f2e", "best_bid": "0.38", "best_ask": "0.46"}], "timestamp": "1769384159457", "event_type": "price_change"}}
{"_local_timestamp": "2026-01-25T23:35:59.818876+00:00", "data": {"market": "0xcf3bdf479e31addf0d920776325a8759c37e977d8ccd16d84bb8a7c9b319f5b4", "price_changes": [{"asset_id": "19423897484252245381031724860563835455358662770351298411785241621776824540110", "price": "0.13", "size": "4757.32", "side": "BUY", "hash": "174ba4df50f573b78a7e0d858aa8e1b6b092a753", "best_bid": "0.54", "best_ask": "0.62"}, {"asset_id": "79800804285394431406313674956566735663577258418418362056340026872565628701860", "price": "0.87", "size": "4757.32", "side": "SELL", "hash": "e5b1a64aee279d5d85fb8ffc2f1ae04632850fa6", "best_bid": "0.38", "best_ask": "0.46"}], "timestamp": "1769384159737", "event_type": "price_change"}}
{"_local_timestamp": "2026-01-25T23:35:59.867944+00:00", "data": {"market": "0xcf3bdf479e31addf0d920776325a8759c37e977d8ccd16d84bb8a7c9b319f5b4", "price_changes": [{"asset_id": "19423897484252245381031724860563835455358662770351298411785241621776824540110", "price": "0.13", "size": "600", "side": "BUY", "hash": "fd63585c9b732d81ada06243ef07f61d2b12312b", "best_bid": "0.54", "best_ask": "0.62"}, {"asset_id": "79800804285394431406313674956566735663577258418418362056340026872565628701860", "price": "0.87", "size": "600", "side": "SELL", "hash": "2ecf9cf45425c34c72ab54ef4c75c7e0648849bf", "best_bid": "0.38", "best_ask": "0.46"}], "timestamp": "1769384159795", "event_type": "price_change"}}
{"_local_timestamp": "2026-01-25T23:36:01.865151+00:00", "data": {"market": "0xcf3bdf479e31addf0d920776325a8759c37e977d8ccd16d84bb8a7c9b319f5b4", "price_changes": [{"asset_id": "19423897484252245381031724860563835455358662770351298411785241621776824540110", "price": "0.12", "size": "0", "side": "BUY", "hash": "4bfe042b13a4535374c578108e04b7606316b224", "best_bid": "0.54", "best_ask": "0.62"}, {"asset_id": "79800804285394431406313674956566735663577258418418362056340026872565628701860", "price": "0.88", "size": "0", "side": "SELL", "hash": "2aa2d9d73f70b891ee2d27eb0f2c519f2679ba3a", "best_bid": "0.38", "best_ask": "0.46"}], "timestamp": "1769384161801", "event_type": "price_change"}}
{"_local_timestamp": "2026-01-25T23:36:01.942294+00:00", "data": {"market": "0xcf3bdf479e31addf0d920776325a8759c37e977d8ccd16d84bb8a7c9b319f5b4", "price_changes": [{"asset_id": "19423897484252245381031724860563835455358662770351298411785241621776824540110", "price": "0.14", "size": "2197.11", "side": "BUY", "hash": "69f3782dd1240eab11ac0deb5fb6a257367721b4", "best_bid": "0.54", "best_ask": "0.62"}, {"asset_id": "79800804285394431406313674956566735663577258418418362056340026872565628701860", "price": "0.86", "size": "2197.11", "side": "SELL", "hash": "3b1857f9ef31464109281d21509b68ca7de42d3f", "best_bid": "0.38", "best_ask": "0.46"}], "timestamp": "1769384161866", "event_type": "price_change"}}
{"_local_timestamp": "2026-01-25T23:36:01.943083+00:00", "data": {"market": "0xcf3bdf479e31addf0d920776325a8759c37e977d8ccd16d84bb8a7c9b319f5b4", "price_changes": [{"asset_id": "19423897484252245381031724860563835455358662770351298411785241621776824540110", "price": "0.14", "size": "3087.22", "side": "BUY", "hash": "90e6c5d87106472ec9fec3a768c0688dac64e77b", "best_bid": "0.54", "best_ask": "0.62"}, {"asset_id": "79800804285394431406313674956566735663577258418418362056340026872565628701860", "price": "0.86", "size": "3087.22", "side": "SELL", "hash": "da849c70d4cd4d8135e2a54289aac55b88cf74ea", "best_bid": "0.38", "best_ask": "0.46"}], "timestamp": "1769384161867", "event_type": "price_change"}}
{"_local_timestamp": "2026-01-25T23:36:01.943638+00:00", "data": {"market": "0xcf3bdf479e31addf0d920776325a8759c37e977d8ccd16d84bb8a7c9b319f5b4", "price_changes": [{"asset_id": "19423897484252245381031724860563835455358662770351298411785241621776824540110", "price": "0.14", "size": "4357.32", "side": "BUY", "hash": "fda3dee2e32f6164dd8787bd4881661deec42451", "best_bid": "0.54", "best_ask": "0.62"}, {"asset_id": "79800804285394431406313674956566735663577258418418362056340026872565628701860", "price": "0.86", "size": "4357.32", "side": "SELL", "hash": "5471b22814d4ad8fe5be1d98b0cd5c931a294e5e", "best_bid": "0.38", "best_ask": "0.46"}], "timestamp": "1769384161868", "event_type": "price_change"}}
{"_local_timestamp": "2026-01-25T23:36:02.191122+00:00", "data": {"market": "0xcf3bdf479e31addf0d920776325a8759c37e977d8ccd16d84bb8a7c9b319f5b4", "price_changes": [{"asset_id": "19423897484252245381031724860563835455358662770351298411785241621776824540110", "price": "0.13", "size": "700", "side": "BUY", "hash": "d941e08de861a14c2a92cd5767c665e41616c61d", "best_bid": "0.54", "best_ask": "0.62"}, {"asset_id": "79800804285394431406313674956566735663577258418418362056340026872565628701860", "price": "0.87", "size": "700", "side": "SELL", "hash": "c76a8a9c71a242b727677078fda55682364aa15f", "best_bid": "0.38", "best_ask": "0.46"}], "timestamp": "1769384162113", "event_type": "price_change"}}
{"_local_timestamp": "2026-01-25T23:36:18.487821+00:00", "data": {"market": "0xcf3bdf479e31addf0d920776325a8759c37e977d8ccd16d84bb8a7c9b319f5b4", "price_changes": [{"asset_id": "19423897484252245381031724860563835455358662770351298411785241621776824540110", "price": "0.13", "size": "300", "side": "BUY", "hash": "439e481903d0ac65644cb380f62446b1c8171f21", "best_bid": "0.54", "best_ask": "0.62"}, {"asset_id": "79800804285394431406313674956566735663577258418418362056340026872565628701860", "price": "0.87", "size": "300", "side": "SELL", "hash": "78c70e161505924bea0b9728ff700b1b004ac3b4", "best_bid": "0.38", "best_ask": "0.46"}], "timestamp": "1769384178422", "event_type": "price_change"}}
{"_local_timestamp": "2026-01-25T23:36:18.796045+00:00", "data": {"market": "0xcf3bdf479e31addf0d920776325a8759c37e977d8ccd16d84bb8a7c9b319f5b4", "price_changes": [{"asset_id": "19423897484252245381031724860563835455358662770351298411785241621776824540110", "price": "0.08", "size": "4564.98", "side": "BUY", "hash": "b053d985e78c892864619ecb3a32ae0a1cdba6e6", "best_bid": "0.54", "best_ask": "0.62"}, {"asset_id": "79800804285394431406313674956566735663577258418418362056340026872565628701860", "price": "0.92", "size": "4564.98", "side": "SELL", "hash": "4722af9b98e5e3f57e7fdd06f0e09c459a6e77ff", "best_bid": "0.38", "best_ask": "0.46"}], "timestamp": "1769384178721", "event_type": "price_change"}}
{"_local_timestamp": "2026-01-25T23:36:23.556870+00:00", "data": {"market": "0xcf3bdf479e31addf0d920776325a8759c37e977d8ccd16d84bb8a7c9b319f5b4", "price_changes": [{"asset_id": "19423897484252245381031724860563835455358662770351298411785241621776824540110", "price": "0.13", "size": "200", "side": "BUY", "hash": "b62e4caa6e6f02ac17127b1b0992238ab8ab95fe", "best_bid": "0.54", "best_ask": "0.62"}, {"asset_id": "79800804285394431406313674956566735663577258418418362056340026872565628701860", "price": "0.87", "size": "200", "side": "SELL", "hash": "0b99771b4377d6e2c1104f6e7817a0c75ab32385", "best_bid": "0.38", "best_ask": "0.46"}], "timestamp": "1769384183488", "event_type": "price_change"}}
{"_local_timestamp": "2026-01-25T23:36:23.756222+00:00", "data": {"market": "0xcf3bdf479e31addf0d920776325a8759c37e977d8ccd16d84bb8a7c9b319f5b4", "price_changes": [{"asset_id": "19423897484252245381031724860563835455358662770351298411785241621776824540110", "price": "0.14", "size": "3467.21", "side": "BUY", "hash": "aeb5759fa5ea93f82582d54b14a393c5ba886e2f", "best_bid": "0.54", "best_ask": "0.62"}, {"asset_id": "79800804285394431406313674956566735663577258418418362056340026872565628701860", "price": "0.86", "size": "3467.21", "side": "SELL", "hash": "bcea98d8da32d57ee0e9982747ef698d237a3a02", "best_bid": "0.38", "best_ask": "0.46"}], "timestamp": "1769384183688", "event_type": "price_change"}}
{"_local_timestamp": "2026-01-25T23:36:23.864792+00:00", "data": {"market": "0xcf3bdf479e31addf0d920776325a8759c37e977d8ccd16d84bb8a7c9b319f5b4", "price_changes": [{"asset_id": "19423897484252245381031724860563835455358662770351298411785241621776824540110", "price": "0.14", "size": "3567.21", "side": "BUY", "hash": "c037ef92a77ffda2c42a79aebb4f9e5bc1eaf26a", "best_bid": "0.54", "best_ask": "0.62"}, {"asset_id": "79800804285394431406313674956566735663577258418418362056340026872565628701860", "price": "0.86", "size": "3567.21", "side": "SELL", "hash": "0c783437be5ebd187984541eb7b605707f4f65e9", "best_bid": "0.38", "best_ask": "0.46"}], "timestamp": "1769384183770", "event_type": "price_change"}}
{"_local_timestamp": "2026-01-25T23:36:23.879172+00:00", "data": {"market": "0xcf3bdf479e31addf0d920776325a8759c37e977d8ccd16d84bb8a7c9b319f5b4", "price_changes": [{"asset_id": "19423897484252245381031724860563835455358662770351298411785241621776824540110", "price": "0.14", "size": "300", "side": "BUY", "hash": "6afea413d139fe139acaff8f4894bfde1f4a9b6f", "best_bid": "0.54", "best_ask": "0.62"}, {"asset_id": "79800804285394431406313674956566735663577258418418362056340026872565628701860", "price": "0.86", "size": "300", "side": "SELL", "hash": "83cc8492f157dbcc932c9b64507e2c0885b225f0", "best_bid": "0.38", "best_ask": "0.46"}], "timestamp": "1769384183780", "event_type": "price_change"}}
{"_local_timestamp": "2026-01-25T23:36:24.148759+00:00", "data": {"market": "0xcf3bdf479e31addf0d920776325a8759c37e977d8ccd16d84bb8a7c9b319f5b4", "price_changes": [{"asset_id": "19423897484252245381031724860563835455358662770351298411785241621776824540110", "price": "0.15", "size": "1270.1", "side": "BUY", "hash": "26fe05242ebfce9468d1c78dd9cde100548cb266", "best_bid": "0.54", "best_ask": "0.62"}, {"asset_id": "79800804285394431406313674956566735663577258418418362056340026872565628701860", "price": "0.85", "size": "1270.1", "side": "SELL", "hash": "76d131a047535096b3a9e5ef7b1e4912ca7172ea", "best_bid": "0.38", "best_ask": "0.46"}], "timestamp": "1769384184026", "event_type": "price_change"}}
{"_local_timestamp": "2026-01-25T23:36:24.153212+00:00", "data": {"market": "0xcf3bdf479e31addf0d920776325a8759c37e977d8ccd16d84bb8a7c9b319f5b4", "price_changes": [{"asset_id": "19423897484252245381031724860563835455358662770351298411785241621776824540110", "price": "0.15", "size": "2160.21", "side": "BUY", "hash": "83b4b1e456c8fee23216fc72ecc0f7168d15dc60", "best_bid": "0.54", "best_ask": "0.62"}, {"asset_id": "79800804285394431406313674956566735663577258418418362056340026872565628701860", "price": "0.85", "size": "2160.21", "side": "SELL", "hash": "40760d7ab7f5c412f1fd069793ab238f6bde50a4", "best_bid": "0.38", "best_ask": "0.46"}], "timestamp": "1769384184027", "event_type": "price_change"}}
{"_local_timestamp": "2026-01-25T23:36:24.155245+00:00", "data": {"market": "0xcf3bdf479e31addf0d920776325a8759c37e977d8ccd16d84bb8a7c9b319f5b4", "price_changes": [{"asset_id": "19423897484252245381031724860563835455358662770351298411785241621776824540110", "price": "0.15", "size": "4157.32", "side": "BUY", "hash": "4afd0703eabbd91ec54ee9388dafb94f7d1e4354", "best_bid": "0.54", "best_ask": "0.62"}, {"asset_id": "79800804285394431406313674956566735663577258418418362056340026872565628701860", "price": "0.85", "size": "4157.32", "side": "SELL", "hash": "30fc825e4a82025592e03e2f94f9b89d866ac1cd", "best_bid": "0.38", "best_ask": "0.46"}], "timestamp": "1769384184029", "event_type": "price_change"}}
{"_local_timestamp": "2026-01-25T23:36:31.101649+00:00", "data": {"market": "0xcf3bdf479e31addf0d920776325a8759c37e977d8ccd16d84bb8a7c9b319f5b4", "price_changes": [{"asset_id": "19423897484252245381031724860563835455358662770351298411785241621776824540110", "price": "0.13", "size": "100", "side": "BUY", "hash": "3c295ff8669faeae8dd312958d5938941db40960", "best_bid": "0.54", "best_ask": "0.62"}, {"asset_id": "79800804285394431406313674956566735663577258418418362056340026872565628701860", "price": "0.87", "size": "100", "side": "SELL", "hash": "84b30a2e9b94d14fb1dd79e54a90d0dd1f35f4c4", "best_bid": "0.38", "best_ask": "0.46"}], "timestamp": "1769384191031", "event_type": "price_change"}}
{"_local_timestamp": "2026-01-25T23:36:31.179879+00:00", "data": {"market": "0xcf3bdf479e31addf0d920776325a8759c37e977d8ccd16d84bb8a7c9b319f5b4", "price_changes": [{"asset_id": "19423897484252245381031724860563835455358662770351298411785241621776824540110", "price": "0.13", "size": "0", "side": "BUY", "hash": "bd967d317411b546ed1b2de5c758d18c95ddb82e", "best_bid": "0.54", "best_ask": "0.62"}, {"asset_id": "79800804285394431406313674956566735663577258418418362056340026872565628701860", "price": "0.87", "size": "0", "side": "SELL", "hash": "9993c26a02bb80ab52efe650326b04cda9690b1f", "best_bid": "0.38", "best_ask": "0.46"}], "timestamp": "1769384191107", "event_type": "price_change"}}
{"_local_timestamp": "2026-01-25T23:36:31.233003+00:00", "data": {"market": "0xcf3bdf479e31addf0d920776325a8759c37e977d8ccd16d84bb8a7c9b319f5b4", "price_changes": [{"asset_id": "19423897484252245381031724860563835455358662770351298411785241621776824540110", "price": "0.15", "size": "0", "side": "BUY", "hash": "3dac33408dc853c779ce2e5c7cbfe65e9b71e6bf", "best_bid": "0.54", "best_ask": "0.62"}, {"asset_id": "79800804285394431406313674956566735663577258418418362056340026872565628701860", "price": "0.85", "size": "0", "side": "SELL", "hash": "2afcb6bcf62e47f056a35e5aa1f13a5f56c9c1ca", "best_bid": "0.38", "best_ask": "0.46"}], "timestamp": "1769384191167", "event_type": "price_change"}}
{"_local_timestamp": "2026-01-25T23:36:31.252048+00:00", "data": {"market": "0xcf3bdf479e31addf0d920776325a8759c37e977d8ccd16d84bb8a7c9b319f5b4", "price_changes": [{"asset_id": "19423897484252245381031724860563835455358662770351298411785241621776824540110", "price": "0.16", "size": "1270.1", "side": "BUY", "hash": "2d462d5e07325fba2fd9ee0ffd4e6e9e0d602b92", "best_bid": "0.54", "best_ask": "0.62"}, {"asset_id": "79800804285394431406313674956566735663577258418418362056340026872565628701860", "price": "0.84", "size": "1270.1", "side": "SELL", "hash": "797632494d723f16da7593947e84ac8dd4925e7c", "best_bid": "0.38", "best_ask": "0.46"}], "timestamp": "1769384191175", "event_type": "price_change"}}
{"_local_timestamp": "2026-01-25T23:36:31.252600+00:00", "data": {"market": "0xcf3bdf479e31addf0d920776325a8759c37e977d8ccd16d84bb8a7c9b319f5b4", "price_changes": [{"asset_id": "19423897484252245381031724860563835455358662770351298411785241621776824540110", "price": "0.16", "size": "2160.21", "side": "BUY", "hash": "b2afbec20db0cc98671779a1a08d7e1e4a20fb58", "best_bid": "0.54", "best_ask": "0.62"}, {"asset_id": "79800804285394431406313674956566735663577258418418362056340026872565628701860", "price": "0.84", "size": "2160.21", "side": "SELL", "hash": "585883b994b56789b65575dd5b06c4d99efcfc56", "best_bid": "0.38", "best_ask": "0.46"}], "timestamp": "1769384191176", "event_type": "price_change"}}
{"_local_timestamp": "2026-01-25T23:36:31.276184+00:00", "data": {"market": "0xcf3bdf479e31addf0d920776325a8759c37e977d8ccd16d84bb8a7c9b319f5b4", "price_changes": [{"asset_id": "19423897484252245381031724860563835455358662770351298411785241621776824540110", "price": "0.16", "size": "4157.32", "side": "BUY", "hash": "2694679cb375db4251bc34e0ca77dd59010f2629", "best_bid": "0.54", "best_ask": "0.62"}, {"asset_id": "79800804285394431406313674956566735663577258418418362056340026872565628701860", "price": "0.84", "size": "4157.32", "side": "SELL", "hash": "9f5679126a09e4b041b2afacdbc14960956e5460", "best_bid": "0.38", "best_ask": "0.46"}], "timestamp": "1769384191204", "event_type": "price_change"}}
{"_local_timestamp": "2026-01-25T23:36:31.398886+00:00", "data": {"market": "0xcf3bdf479e31addf0d920776325a8759c37e977d8ccd16d84bb8a7c9b319f5b4", "price_changes": [{"asset_id": "19423897484252245381031724860563835455358662770351298411785241621776824540110", "price": "0.14", "size": "400", "side": "BUY", "hash": "2b3401dbd7fa50cdb7c7095f2b065f7f232bef26", "best_bid": "0.54", "best_ask": "0.62"}, {"asset_id": "79800804285394431406313674956566735663577258418418362056340026872565628701860", "price": "0.86", "size": "400", "side": "SELL", "hash": "8975925e15310e1b626757697d41a38778bafda4", "best_bid": "0.38", "best_ask": "0.46"}], "timestamp": "1769384191329", "event_type": "price_change"}}
{"_local_timestamp": "2026-01-25T23:36:31.969093+00:00", "data": {"market": "0xcf3bdf479e31addf0d920776325a8759c37e977d8ccd16d84bb8a7c9b319f5b4", "price_changes": [{"asset_id": "19423897484252245381031724860563835455358662770351298411785241621776824540110", "price": "0.14", "size": "500", "side": "BUY", "hash": "b4de46f6a53cd24d1b0dd1da86e36515c46fd1c4", "best_bid": "0.54", "best_ask": "0.62"}, {"asset_id": "79800804285394431406313674956566735663577258418418362056340026872565628701860", "price": "0.86", "size": "500", "side": "SELL", "hash": "38666a5d03f07c6945aabb79a6cc604bcc98ba40", "best_bid": "0.38", "best_ask": "0.46"}], "timestamp": "1769384191896", "event_type": "price_change"}}
{"_local_timestamp": "2026-01-25T23:36:41.704570+00:00", "data": {"market": "0xcf3bdf479e31addf0d920776325a8759c37e977d8ccd16d84bb8a7c9b319f5b4", "price_changes": [{"asset_id": "19423897484252245381031724860563835455358662770351298411785241621776824540110", "price": "0.14", "size": "300", "side": "BUY", "hash": "216ce5a72acaae327a01b86fd4d6e447e053c3f7", "best_bid": "0.54", "best_ask": "0.62"}, {"asset_id": "79800804285394431406313674956566735663577258418418362056340026872565628701860", "price": "0.86", "size": "300", "side": "SELL", "hash": "a38b4c895047e3ad3cf2df3367d586fed704d98b", "best_bid": "0.38", "best_ask": "0.46"}], "timestamp": "1769384201631", "event_type": "price_change"}}
{"_local_timestamp": "2026-01-25T23:36:41.800302+00:00", "data": {"market": "0xcf3bdf479e31addf0d920776325a8759c37e977d8ccd16d84bb8a7c9b319f5b4", "price_changes": [{"asset_id": "19423897484252245381031724860563835455358662770351298411785241621776824540110", "price": "0.16", "size": "0", "side": "BUY", "hash": "da57aae14608c83314d43b9b837a7a86e6d03bf7", "best_bid": "0.54", "best_ask": "0.62"}, {"asset_id": "79800804285394431406313674956566735663577258418418362056340026872565628701860", "price": "0.84", "size": "0", "side": "SELL", "hash": "de35fb278d414974e75e3e110149f95ba2ca7910", "best_bid": "0.38", "best_ask": "0.46"}], "timestamp": "1769384201722", "event_type": "price_change"}}
{"_local_timestamp": "2026-01-25T23:36:42.031457+00:00", "data": {"market": "0xcf3bdf479e31addf0d920776325a8759c37e977d8ccd16d84bb8a7c9b319f5b4", "price_changes": [{"asset_id": "19423897484252245381031724860563835455358662770351298411785241621776824540110", "price": "0.15", "size": "200", "side": "BUY", "hash": "c09e0865a2c2651b228ffff0929106572212d6e6", "best_bid": "0.54", "best_ask": "0.62"}, {"asset_id": "79800804285394431406313674956566735663577258418418362056340026872565628701860", "price": "0.85", "size": "200", "side": "SELL", "hash": "e32bbcddb256aa384d05b69a4272d118e60267e8", "best_bid": "0.38", "best_ask": "0.46"}], "timestamp": "1769384201929", "event_type": "price_change"}}
{"_local_timestamp": "2026-01-25T23:36:45.881164+00:00", "data": {"market": "0xcf3bdf479e31addf0d920776325a8759c37e977d8ccd16d84bb8a7c9b319f5b4", "price_changes": [{"asset_id": "19423897484252245381031724860563835455358662770351298411785241621776824540110", "price": "0.14", "size": "200", "side": "BUY", "hash": "a5de4ff8aed9c33c407f0e3e33bc2deb856910ed", "best_bid": "0.54", "best_ask": "0.62"}, {"asset_id": "79800804285394431406313674956566735663577258418418362056340026872565628701860", "price": "0.86", "size": "200", "side": "SELL", "hash": "74a97e3c3e94b406eb48269cd9ddc7da7d607d5c", "best_bid": "0.38", "best_ask": "0.46"}], "timestamp": "1769384205814", "event_type": "price_change"}}
{"_local_timestamp": "2026-01-25T23:36:46.207556+00:00", "data": {"market": "0xcf3bdf479e31addf0d920776325a8759c37e977d8ccd16d84bb8a7c9b319f5b4", "price_changes": [{"asset_id": "19423897484252245381031724860563835455358662770351298411785241621776824540110", "price": "0.15", "size": "300", "side": "BUY", "hash": "19e87d4db40994d135d8b938889027cf7cde6c46", "best_bid": "0.54", "best_ask": "0.62"}, {"asset_id": "79800804285394431406313674956566735663577258418418362056340026872565628701860", "price": "0.85", "size": "300", "side": "SELL", "hash": "d73fc44ed889446c7ec68b7cd7bb91f704b9aa5b", "best_bid": "0.38", "best_ask": "0.46"}], "timestamp": "1769384206085", "event_type": "price_change"}}
{"_local_timestamp": "2026-01-25T23:36:58.270011+00:00", "data": {"market": "0xcf3bdf479e31addf0d920776325a8759c37e977d8ccd16d84bb8a7c9b319f5b4", "price_changes": [{"asset_id": "79800804285394431406313674956566735663577258418418362056340026872565628701860", "price": "0.19", "size": "1015.11", "side": "BUY", "hash": "963317afa20664b57693a00c4615424bea48f528", "best_bid": "0.38", "best_ask": "0.46"}, {"asset_id": "19423897484252245381031724860563835455358662770351298411785241621776824540110", "price": "0.81", "size": "1015.11", "side": "SELL", "hash": "224ac37e3a869d3dbf8dde9c866ce392e3d433a8", "best_bid": "0.54", "best_ask": "0.62"}], "timestamp": "1769384218095", "event_type": "price_change"}}
{"_local_timestamp": "2026-01-25T23:36:58.430243+00:00", "data": {"market": "0xcf3bdf479e31addf0d920776325a8759c37e977d8ccd16d84bb8a7c9b319f5b4", "price_changes": [{"asset_id": "79800804285394431406313674956566735663577258418418362056340026872565628701860", "price": "0.17", "size": "1090.11", "side": "BUY", "hash": "47a34637887b7cd11292ba7d67a7b794fa4f4c46", "best_bid": "0.38", "best_ask": "0.46"}, {"asset_id": "19423897484252245381031724860563835455358662770351298411785241621776824540110", "price": "0.83", "size": "1090.11", "side": "SELL", "hash": "da68bcee9a2b757861a19e88890b1637e7994125", "best_bid": "0.54", "best_ask": "0.62"}], "timestamp": "1769384218305", "event_type": "price_change"}}
{"_local_timestamp": "2026-01-25T23:36:58.430817+00:00", "data": {"market": "0xcf3bdf479e31addf0d920776325a8759c37e977d8ccd16d84bb8a7c9b319f5b4", "price_changes": [{"asset_id": "79800804285394431406313674956566735663577258418418362056340026872565628701860", "price": "0.18", "size": "890.11", "side": "BUY", "hash": "f938f282af915d76459090da2d7ded44e7f345ef", "best_bid": "0.38", "best_ask": "0.46"}, {"asset_id": "19423897484252245381031724860563835455358662770351298411785241621776824540110", "price": "0.82", "size": "890.11", "side": "SELL", "hash": "fc80c5eb9ed9814caef733706f002e9695160e05", "best_bid": "0.54", "best_ask": "0.62"}], "timestamp": "1769384218306", "event_type": "price_change"}}
{"_local_timestamp": "2026-01-25T23:37:00.845001+00:00", "data": {"market": "0xcf3bdf479e31addf0d920776325a8759c37e977d8ccd16d84bb8a7c9b319f5b4", "price_changes": [{"asset_id": "19423897484252245381031724860563835455358662770351298411785241621776824540110", "price": "0.14", "size": "100", "side": "BUY", "hash": "72f003d5a811228425fc7965c3436322444234a7", "best_bid": "0.54", "best_ask": "0.62"}, {"asset_id": "79800804285394431406313674956566735663577258418418362056340026872565628701860", "price": "0.86", "size": "100", "side": "SELL", "hash": "0dd47e3d39d1067b765157f80d2b82b3e30a218c", "best_bid": "0.38", "best_ask": "0.46"}], "timestamp": "1769384220772", "event_type": "price_change"}}
{"_local_timestamp": "2026-01-25T23:37:00.880668+00:00", "data": {"market": "0xcf3bdf479e31addf0d920776325a8759c37e977d8ccd16d84bb8a7c9b319f5b4", "price_changes": [{"asset_id": "79800804285394431406313674956566735663577258418418362056340026872565628701860", "price": "0.2", "size": "75", "side": "BUY", "hash": "6c8cdec90e7f6ff21cbb9aaf8fe09e808dd22d53", "best_bid": "0.38", "best_ask": "0.46"}, {"asset_id": "19423897484252245381031724860563835455358662770351298411785241621776824540110", "price": "0.8", "size": "75", "side": "SELL", "hash": "8dcdd4b8737e061848772e76a2fd8362b73a27f6", "best_bid": "0.54", "best_ask": "0.62"}], "timestamp": "1769384220807", "event_type": "price_change"}}
{"_local_timestamp": "2026-01-25T23:37:00.881369+00:00", "data": {"market": "0xcf3bdf479e31addf0d920776325a8759c37e977d8ccd16d84bb8a7c9b319f5b4", "price_changes": [{"asset_id": "79800804285394431406313674956566735663577258418418362056340026872565628701860", "price": "0.19", "size": "125", "side": "BUY", "hash": "6c8cdec90e7f6ff21cbb9aaf8fe09e808dd22d53", "best_bid": "0.38", "best_ask": "0.46"}, {"asset_id": "19423897484252245381031724860563835455358662770351298411785241621776824540110", "price": "0.81", "size": "125", "side": "SELL", "hash": "8dcdd4b8737e061848772e76a2fd8362b73a27f6", "best_bid": "0.54", "best_ask": "0.62"}], "timestamp": "1769384220807", "event_type": "price_change"}}
{"_local_timestamp": "2026-01-25T23:37:01.117572+00:00", "data": {"market": "0xcf3bdf479e31addf0d920776325a8759c37e977d8ccd16d84bb8a7c9b319f5b4", "price_changes": [{"asset_id": "19423897484252245381031724860563835455358662770351298411785241621776824540110", "price": "0.08", "size": "4664.98", "side": "BUY", "hash": "897899287cd171268819022d3dde7f86ab5d141a", "best_bid": "0.54", "best_ask": "0.62"}, {"asset_id": "79800804285394431406313674956566735663577258418418362056340026872565628701860", "price": "0.92", "size": "4664.98", "side": "SELL", "hash": "c6bee0095072efc2f71ad59b8c58a4e34eed0574", "best_bid": "0.38", "best_ask": "0.46"}], "timestamp": "1769384221047", "event_type": "price_change"}}
{"_local_timestamp": "2026-01-25T23:37:02.925321+00:00", "data": {"market": "0xcf3bdf479e31addf0d920776325a8759c37e977d8ccd16d84bb8a7c9b319f5b4", "price_changes": [{"asset_id": "19423897484252245381031724860563835455358662770351298411785241621776824540110", "price": "0.15", "size": "100", "side": "BUY", "hash": "89f2b2c573d6bf5647c3b07e08114569cee5986a", "best_bid": "0.54", "best_ask": "0.62"}, {"asset_id": "79800804285394431406313674956566735663577258418418362056340026872565628701860", "price": "0.85", "size": "100", "side": "SELL", "hash": "9ad68fda56d4fdf97264dca0b98852fe44d1d062", "best_bid": "0.38", "best_ask": "0.46"}], "timestamp": "1769384222860", "event_type": "price_change"}}
{"_local_timestamp": "2026-01-25T23:37:03.202309+00:00", "data": {"market": "0xcf3bdf479e31addf0d920776325a8759c37e977d8ccd16d84bb8a7c9b319f5b4", "price_changes": [{"asset_id": "19423897484252245381031724860563835455358662770351298411785241621776824540110", "price": "0.14", "size": "300", "side": "BUY", "hash": "116ce899bee05f8a2f72ed803e878ec5cb368f99", "best_bid": "0.54", "best_ask": "0.62"}, {"asset_id": "79800804285394431406313674956566735663577258418418362056340026872565628701860", "price": "0.86", "size": "300", "side": "SELL", "hash": "b82746c56ddc9d9674b97a42807fef112b8c2f16", "best_bid": "0.38", "best_ask": "0.46"}], "timestamp": "1769384223136", "event_type": "price_change"}}
{"_local_timestamp": "2026-01-25T23:37:04.518584+00:00", "data": {"market": "0xcf3bdf479e31addf0d920776325a8759c37e977d8ccd16d84bb8a7c9b319f5b4", "price_changes": [{"asset_id": "19423897484252245381031724860563835455358662770351298411785241621776824540110", "price": "0.14", "size": "200", "side": "BUY", "hash": "e8e0064f3e7f4f637bfea7f7d28c24784b488884", "best_bid": "0.54", "best_ask": "0.62"}, {"asset_id": "79800804285394431406313674956566735663577258418418362056340026872565628701860", "price": "0.86", "size": "200", "side": "SELL", "hash": "a0db53942a4b8b1434154db1e4e02fec329884cf", "best_bid": "0.38", "best_ask": "0.46"}], "timestamp": "1769384224450", "event_type": "price_change"}}
{"_local_timestamp": "2026-01-25T23:37:04.813545+00:00", "data": {"market": "0xcf3bdf479e31addf0d920776325a8759c37e977d8ccd16d84bb8a7c9b319f5b4", "price_changes": [{"asset_id": "19423897484252245381031724860563835455358662770351298411785241621776824540110", "price": "0.08", "size": "4764.98", "side": "BUY", "hash": "4563cd672504f8cfae02befbc0dfc560a8dcb90b", "best_bid": "0.54", "best_ask": "0.62"}, {"asset_id": "79800804285394431406313674956566735663577258418418362056340026872565628701860", "price": "0.92", "size": "4764.98", "side": "SELL", "hash": "4224662b2d441df5963c189034bb4f4a278fd69d", "best_bid": "0.38", "best_ask": "0.46"}], "timestamp": "1769384224741", "event_type": "price_change"}}
{"_local_timestamp": "2026-01-25T23:37:04.840928+00:00", "data": {"market": "0xcf3bdf479e31addf0d920776325a8759c37e977d8ccd16d84bb8a7c9b319f5b4", "price_changes": [{"asset_id": "19423897484252245381031724860563835455358662770351298411785241621776824540110", "price": "0.09", "size": "890.11", "side": "BUY", "hash": "3cecc9b451c5881674b0a5c142ac2054a08531c1", "best_bid": "0.54", "best_ask": "0.62"}, {"asset_id": "79800804285394431406313674956566735663577258418418362056340026872565628701860", "price": "0.91", "size": "890.11", "side": "SELL", "hash": "b6c7e1dab625ff8390e98d51e9ec241ba20c170e", "best_bid": "0.38", "best_ask": "0.46"}], "timestamp": "1769384224774", "event_type": "price_change"}}
{"_local_timestamp": "2026-01-25T23:37:05.108384+00:00", "data": {"market": "0xcf3bdf479e31addf0d920776325a8759c37e977d8ccd16d84bb8a7c9b319f5b4", "price_changes": [{"asset_id": "19423897484252245381031724860563835455358662770351298411785241621776824540110", "price": "0.09", "size": "2887.22", "side": "BUY", "hash": "c0cf94edf7dffb5c8d1d4130f28e3f48544fd59e", "best_bid": "0.54", "best_ask": "0.62"}, {"asset_id": "79800804285394431406313674956566735663577258418418362056340026872565628701860", "price": "0.91", "size": "2887.22", "side": "SELL", "hash": "ab3ce73533ddbb89a7bdc672793acd91490a6a78", "best_bid": "0.38", "best_ask": "0.46"}], "timestamp": "1769384225006", "event_type": "price_change"}}
{"_local_timestamp": "2026-01-25T23:37:05.109120+00:00", "data": {"market": "0xcf3bdf479e31addf0d920776325a8759c37e977d8ccd16d84bb8a7c9b319f5b4", "price_changes": [{"asset_id": "19423897484252245381031724860563835455358662770351298411785241621776824540110", "price": "0.09", "size": "4157.32", "side": "BUY", "hash": "7e788b36644f40f4fe637da15db4c06fa40881bb", "best_bid": "0.54", "best_ask": "0.62"}, {"asset_id": "79800804285394431406313674956566735663577258418418362056340026872565628701860", "price": "0.91", "size": "4157.32", "side": "SELL", "hash": "dafbbbfdf312540808514ac1efee41f60a430ce9", "best_bid": "0.38", "best_ask": "0.46"}], "timestamp": "1769384225008", "event_type": "price_change"}}
{"_local_timestamp": "2026-01-25T23:37:10.416015+00:00", "data": {"market": "0xcf3bdf479e31addf0d920776325a8759c37e977d8ccd16d84bb8a7c9b319f5b4", "price_changes": [{"asset_id": "19423897484252245381031724860563835455358662770351298411785241621776824540110", "price": "0.15", "size": "0", "side": "BUY", "hash": "b7f4439ce98a7836252fb50323f86414a7d54dd6", "best_bid": "0.54", "best_ask": "0.62"}, {"asset_id": "79800804285394431406313674956566735663577258418418362056340026872565628701860", "price": "0.85", "size": "0", "side": "SELL", "hash": "4cd75f6499ab8e0553c0c01ce791a5588bdae16e", "best_bid": "0.38", "best_ask": "0.46"}], "timestamp": "1769384230352", "event_type": "price_change"}}
{"_local_timestamp": "2026-01-25T23:37:10.493728+00:00", "data": {"market": "0xcf3bdf479e31addf0d920776325a8759c37e977d8ccd16d84bb8a7c9b319f5b4", "price_changes": [{"asset_id": "19423897484252245381031724860563835455358662770351298411785241621776824540110", "price": "0.08", "size": "607.66", "side": "BUY", "hash": "edd8ac63e1f671326330da7ca22e6b28ae2dd001", "best_bid": "0.54", "best_ask": "0.62"}, {"asset_id": "79800804285394431406313674956566735663577258418418362056340026872565628701860", "price": "0.92", "size": "607.66", "side": "SELL", "hash": "748b596e2f47d230a9d2b8f6bdbb3184dd4e18bc", "best_bid": "0.38", "best_ask": "0.46"}], "timestamp": "1769384230428", "event_type": "price_change"}}
{"_local_timestamp": "2026-01-25T23:37:10.778455+00:00", "data": {"market": "0xcf3bdf479e31addf0d920776325a8759c37e977d8ccd16d84bb8a7c9b319f5b4", "price_changes": [{"asset_id": "19423897484252245381031724860563835455358662770351298411785241621776824540110", "price": "0.08", "size": "707.66", "side": "BUY", "hash": "fdaabd4e3da7112dd83b284a040ee73ce4e12693", "best_bid": "0.54", "best_ask": "0.62"}, {"asset_id": "79800804285394431406313674956566735663577258418418362056340026872565628701860", "price": "0.92", "size": "707.66", "side": "SELL", "hash": "792479dfb1e3f9259f66ad2257e0c2f2cf21e134", "best_bid": "0.38", "best_ask": "0.46"}], "timestamp": "1769384230694", "event_type": "price_change"}}
{"_local_timestamp": "2026-01-25T23:37:26.724046+00:00", "data": {"market": "0xcf3bdf479e31addf0d920776325a8759c37e977d8ccd16d84bb8a7c9b319f5b4", "price_changes": [{"asset_id": "19423897484252245381031724860563835455358662770351298411785241621776824540110", "price": "0.14", "size": "0", "side": "BUY", "hash": "ba8ee7ad0dc1ff35f7c86f611687032bf94b312c", "best_bid": "0.54", "best_ask": "0.62"}, {"asset_id": "79800804285394431406313674956566735663577258418418362056340026872565628701860", "price": "0.86", "size": "0", "side": "SELL", "hash": "7c285d109a4289b24122246285e90789cfeeb1cd", "best_bid": "0.38", "best_ask": "0.46"}], "timestamp": "1769384246650", "event_type": "price_change"}}
{"_local_timestamp": "2026-01-25T23:37:27.041330+00:00", "data": {"market": "0xcf3bdf479e31addf0d920776325a8759c37e977d8ccd16d84bb8a7c9b319f5b4", "price_changes": [{"asset_id": "19423897484252245381031724860563835455358662770351298411785241621776824540110", "price": "0.15", "size": "200", "side": "BUY", "hash": "a2dff40efd7c1dffe51af3fa002f0f6f56267b89", "best_bid": "0.54", "best_ask": "0.62"}, {"asset_id": "79800804285394431406313674956566735663577258418418362056340026872565628701860", "price": "0.85", "size": "200", "side": "SELL", "hash": "19fa0c71cad809d89859759fe9064ff6ad92b962", "best_bid": "0.38", "best_ask": "0.46"}], "timestamp": "1769384246924", "event_type": "price_change"}}
{"_local_timestamp": "2026-01-25T23:37:32.012555+00:00", "data": {"market": "0xcf3bdf479e31addf0d920776325a8759c37e977d8ccd16d84bb8a7c9b319f5b4", "price_changes": [{"asset_id": "19423897484252245381031724860563835455358662770351298411785241621776824540110", "price": "0.08", "size": "607.66", "side": "BUY", "hash": "bb77563113956ac6b652bb68aae951c9f725892f", "best_bid": "0.54", "best_ask": "0.62"}, {"asset_id": "79800804285394431406313674956566735663577258418418362056340026872565628701860", "price": "0.92", "size": "607.66", "side": "SELL", "hash": "9e5d4a8f269f2d2e1adfc85a4e5cde3d4eca6981", "best_bid": "0.38", "best_ask": "0.46"}], "timestamp": "1769384251902", "event_type": "price_change"}}
{"_local_timestamp": "2026-01-25T23:37:32.297241+00:00", "data": {"market": "0xcf3bdf479e31addf0d920776325a8759c37e977d8ccd16d84bb8a7c9b319f5b4", "price_changes": [{"asset_id": "19423897484252245381031724860563835455358662770351298411785241621776824540110", "price": "0.09", "size": "4257.32", "side": "BUY", "hash": "4a957dbbc320729ef8a65a7e3ec72532fd383c0c", "best_bid": "0.54", "best_ask": "0.62"}, {"asset_id": "79800804285394431406313674956566735663577258418418362056340026872565628701860", "price": "0.91", "size": "4257.32", "side": "SELL", "hash": "436400b5bc67aa7a0b146b11fa952b3d7f0f665c", "best_bid": "0.38", "best_ask": "0.46"}], "timestamp": "1769384252174", "event_type": "price_change"}}
{"_local_timestamp": "2026-01-25T23:37:35.560665+00:00", "data": {"market": "0xcf3bdf479e31addf0d920776325a8759c37e977d8ccd16d84bb8a7c9b319f5b4", "price_changes": [{"asset_id": "19423897484252245381031724860563835455358662770351298411785241621776824540110", "price": "0.08", "size": "507.66", "side": "BUY", "hash": "ecabb84080c25448f4e11984d99918bc2f78677b", "best_bid": "0.54", "best_ask": "0.62"}, {"asset_id": "79800804285394431406313674956566735663577258418418362056340026872565628701860", "price": "0.92", "size": "507.66", "side": "SELL", "hash": "0bdfb920fa233409e234595eb03e3914b1c40a63", "best_bid": "0.38", "best_ask": "0.46"}], "timestamp": "1769384255481", "event_type": "price_change"}}
{"_local_timestamp": "2026-01-25T23:37:35.678418+00:00", "data": {"market": "0xcf3bdf479e31addf0d920776325a8759c37e977d8ccd16d84bb8a7c9b319f5b4", "price_changes": [{"asset_id": "19423897484252245381031724860563835455358662770351298411785241621776824540110", "price": "0.08", "size": "1397.77", "side": "BUY", "hash": "1c719ec7dd4dba5a9112053ecde464d2979f9f26", "best_bid": "0.54", "best_ask": "0.62"}, {"asset_id": "79800804285394431406313674956566735663577258418418362056340026872565628701860", "price": "0.92", "size": "1397.77", "side": "SELL", "hash": "19f098523f59126352bc5edf3c5daad19b7d81d6", "best_bid": "0.38", "best_ask": "0.46"}], "timestamp": "1769384255605", "event_type": "price_change"}}
{"_local_timestamp": "2026-01-25T23:37:35.679027+00:00", "data": {"market": "0xcf3bdf479e31addf0d920776325a8759c37e977d8ccd16d84bb8a7c9b319f5b4", "price_changes": [{"asset_id": "19423897484252245381031724860563835455358662770351298411785241621776824540110", "price": "0.08", "size": "3394.88", "side": "BUY", "hash": "0ca2c3a5fb49fe516bfbf2b4ff482f781854b0ed", "best_bid": "0.54", "best_ask": "0.62"}, {"asset_id": "79800804285394431406313674956566735663577258418418362056340026872565628701860", "price": "0.92", "size": "3394.88", "side": "SELL", "hash": "bdd18ff3cb03e2088fc5003d45173b67bdb3cba6", "best_bid": "0.38", "best_ask": "0.46"}], "timestamp": "1769384255605", "event_type": "price_change"}}
{"_local_timestamp": "2026-01-25T23:37:35.679635+00:00", "data": {"market": "0xcf3bdf479e31addf0d920776325a8759c37e977d8ccd16d84bb8a7c9b319f5b4", "price_changes": [{"asset_id": "19423897484252245381031724860563835455358662770351298411785241621776824540110", "price": "0.08", "size": "4664.98", "side": "BUY", "hash": "db3fce6d8c23aea38e66dcda4d3f4024825ce6eb", "best_bid": "0.54", "best_ask": "0.62"}, {"asset_id": "79800804285394431406313674956566735663577258418418362056340026872565628701860", "price": "0.92", "size": "4664.98", "side": "SELL", "hash": "dfff8b092e881755d02b7aa182a0bbcefebadb21", "best_bid": "0.38", "best_ask": "0.46"}], "timestamp": "1769384255606", "event_type": "price_change"}}
{"_local_timestamp": "2026-01-25T23:37:35.821804+00:00", "data": {"market": "0xcf3bdf479e31addf0d920776325a8759c37e977d8ccd16d84bb8a7c9b319f5b4", "price_changes": [{"asset_id": "19423897484252245381031724860563835455358662770351298411785241621776824540110", "price": "0.09", "size": "4357.32", "side": "BUY", "hash": "f2b3279e7a19f382d2e55c555026b701f7b1d1e8", "best_bid": "0.54", "best_ask": "0.62"}, {"asset_id": "79800804285394431406313674956566735663577258418418362056340026872565628701860", "price": "0.91", "size": "4357.32", "side": "SELL", "hash": "221f6b4c354387732f2a74335e362457fed70f17", "best_bid": "0.38", "best_ask": "0.46"}], "timestamp": "1769384255750", "event_type": "price_change"}}
{"_local_timestamp": "2026-01-25T23:37:37.948868+00:00", "data": {"market": "0xcf3bdf479e31addf0d920776325a8759c37e977d8ccd16d84bb8a7c9b319f5b4", "price_changes": [{"asset_id": "19423897484252245381031724860563835455358662770351298411785241621776824540110", "price": "0.08", "size": "4564.98", "side": "BUY", "hash": "7b38a05854774eb4cbcc87b2157db37e73a4b6c8", "best_bid": "0.54", "best_ask": "0.62"}, {"asset_id": "79800804285394431406313674956566735663577258418418362056340026872565628701860", "price": "0.92", "size": "4564.98", "side": "SELL", "hash": "1bd10deaae65d5437a0ea97498707e4d07e63cf1", "best_bid": "0.38", "best_ask": "0.46"}], "timestamp": "1769384257875", "event_type": "price_change"}}
{"_local_timestamp": "2026-01-25T23:37:38.234803+00:00", "data": {"market": "0xcf3bdf479e31addf0d920776325a8759c37e977d8ccd16d84bb8a7c9b319f5b4", "price_changes": [{"asset_id": "19423897484252245381031724860563835455358662770351298411785241621776824540110", "price": "0.09", "size": "4457.32", "side": "BUY", "hash": "86368988d7928ebb14c1cf596bd29831c8911b14", "best_bid": "0.54", "best_ask": "0.62"}, {"asset_id": "79800804285394431406313674956566735663577258418418362056340026872565628701860", "price": "0.91", "size": "4457.32", "side": "SELL", "hash": "780610b7f23e477b690f58d3b74f062b050eb26c", "best_bid": "0.38", "best_ask": "0.46"}], "timestamp": "1769384258157", "event_type": "price_change"}}
{"_local_timestamp": "2026-01-25T23:37:38.291756+00:00", "data": {"market": "0xcf3bdf479e31addf0d920776325a8759c37e977d8ccd16d84bb8a7c9b319f5b4", "price_changes": [{"asset_id": "19423897484252245381031724860563835455358662770351298411785241621776824540110", "price": "0.09", "size": "300", "side": "BUY", "hash": "b1b2fb1542e7db33d655e7c990a275844682cbda", "best_bid": "0.54", "best_ask": "0.62"}, {"asset_id": "79800804285394431406313674956566735663577258418418362056340026872565628701860", "price": "0.91", "size": "300", "side": "SELL", "hash": "08ec637cd1a596f5496b9ffb9c918b06f6e7b905", "best_bid": "0.38", "best_ask": "0.46"}], "timestamp": "1769384258220", "event_type": "price_change"}}
{"_local_timestamp": "2026-01-25T23:37:47.978793+00:00", "data": {"market": "0xcf3bdf479e31addf0d920776325a8759c37e977d8ccd16d84bb8a7c9b319f5b4", "price_changes": [{"asset_id": "19423897484252245381031724860563835455358662770351298411785241621776824540110", "price": "0.08", "size": "4164.98", "side": "BUY", "hash": "1de8e1cf005a96de942bc5983ceedc66fe64a0d2", "best_bid": "0.54", "best_ask": "0.62"}, {"asset_id": "79800804285394431406313674956566735663577258418418362056340026872565628701860", "price": "0.92", "size": "4164.98", "side": "SELL", "hash": "9d791a84225aa3237ec215ad56f7108540c5abe2", "best_bid": "0.38", "best_ask": "0.46"}], "timestamp": "1769384267899", "event_type": "price_change"}}
{"_local_timestamp": "2026-01-25T23:37:47.979432+00:00", "data": {"market": "0xcf3bdf479e31addf0d920776325a8759c37e977d8ccd16d84bb8a7c9b319f5b4", "price_changes": [{"asset_id": "19423897484252245381031724860563835455358662770351298411785241621776824540110", "price": "0.15", "size": "0", "side": "BUY", "hash": "1de8e1cf005a96de942bc5983ceedc66fe64a0d2", "best_bid": "0.54", "best_ask": "0.62"}, {"asset_id": "79800804285394431406313674956566735663577258418418362056340026872565628701860", "price": "0.85", "size": "0", "side": "SELL", "hash": "9d791a84225aa3237ec215ad56f7108540c5abe2", "best_bid": "0.38", "best_ask": "0.46"}], "timestamp": "1769384267899", "event_type": "price_change"}}
{"_local_timestamp": "2026-01-25T23:37:48.265708+00:00", "data": {"market": "0xcf3bdf479e31addf0d920776325a8759c37e977d8ccd16d84bb8a7c9b319f5b4", "price_changes": [{"asset_id": "19423897484252245381031724860563835455358662770351298411785241621776824540110", "price": "0.09", "size": "700", "side": "BUY", "hash": "a8dd3f354bba55ec106bea6a8caabe2dad328b85", "best_bid": "0.54", "best_ask": "0.62"}, {"asset_id": "79800804285394431406313674956566735663577258418418362056340026872565628701860", "price": "0.91", "size": "700", "side": "SELL", "hash": "2e81cb0eff11ebf88a405b6eec79fded555fe3c7", "best_bid": "0.38", "best_ask": "0.46"}], "timestamp": "1769384268189", "event_type": "price_change"}}
{"_local_timestamp": "2026-01-25T23:37:48.268191+00:00", "data": {"market": "0xcf3bdf479e31addf0d920776325a8759c37e977d8ccd16d84bb8a7c9b319f5b4", "price_changes": [{"asset_id": "19423897484252245381031724860563835455358662770351298411785241621776824540110", "price": "0.14", "size": "200", "side": "BUY", "hash": "ced03e23f6fd816cb11248b04ab4a3d20141b787", "best_bid": "0.54", "best_ask": "0.62"}, {"asset_id": "79800804285394431406313674956566735663577258418418362056340026872565628701860", "price": "0.86", "size": "200", "side": "SELL", "hash": "86b99cfccb12a99f610693ff5bdb42014fdbbf0f", "best_bid": "0.38", "best_ask": "0.46"}], "timestamp": "1769384268189", "event_type": "price_change"}}
{"_local_timestamp": "2026-01-25T23:37:48.546206+00:00", "data": {"market": "0xcf3bdf479e31addf0d920776325a8759c37e977d8ccd16d84bb8a7c9b319f5b4", "price_changes": [{"asset_id": "19423897484252245381031724860563835455358662770351298411785241621776824540110", "price": "0.1", "size": "890.11", "side": "BUY", "hash": "042806f90bf9464c87426553d7ed11f0446bef98", "best_bid": "0.54", "best_ask": "0.62"}, {"asset_id": "79800804285394431406313674956566735663577258418418362056340026872565628701860", "price": "0.9", "size": "890.11", "side": "SELL", "hash": "2c098b85427aef7ff237a78c42d076aaf55d5d99", "best_bid": "0.38", "best_ask": "0.46"}], "timestamp": "1769384268481", "event_type": "price_change"}}
{"_local_timestamp": "2026-01-25T23:37:48.557753+00:00", "data": {"market": "0xcf3bdf479e31addf0d920776325a8759c37e977d8ccd16d84bb8a7c9b319f5b4", "price_changes": [{"asset_id": "19423897484252245381031724860563835455358662770351298411785241621776824540110", "price": "0.1", "size": "2887.22", "side": "BUY", "hash": "7b5d0d66afaa5cde780641e8f87cfb6079e71970", "best_bid": "0.54", "best_ask": "0.62"}, {"asset_id": "79800804285394431406313674956566735663577258418418362056340026872565628701860", "price": "0.9", "size": "2887.22", "side": "SELL", "hash": "6bdddec13ddfd0bfb306da53b08b0a538f69fef7", "best_bid": "0.38", "best_ask": "0.46"}], "timestamp": "1769384268481", "event_type": "price_change"}}
{"_local_timestamp": "2026-01-25T23:37:48.558407+00:00", "data": {"market": "0xcf3bdf479e31addf0d920776325a8759c37e977d8ccd16d84bb8a7c9b319f5b4", "price_changes": [{"asset_id": "19423897484252245381031724860563835455358662770351298411785241621776824540110", "price": "0.1", "size": "4157.32", "side": "BUY", "hash": "585f89de34ba1d09f4fa2d97fedceb83887afdd9", "best_bid": "0.54", "best_ask": "0.62"}, {"asset_id": "79800804285394431406313674956566735663577258418418362056340026872565628701860", "price": "0.9", "size": "4157.32", "side": "SELL", "hash": "60160358b455ed694069d8e6d2cc9d749bad68d2", "best_bid": "0.38", "best_ask": "0.46"}], "timestamp": "1769384268482", "event_type": "price_change"}}
{"_local_timestamp": "2026-01-25T23:38:00.544592+00:00", "data": {"market": "0xcf3bdf479e31addf0d920776325a8759c37e977d8ccd16d84bb8a7c9b319f5b4", "price_changes": [{"asset_id": "79800804285394431406313674956566735663577258418418362056340026872565628701860", "price": "0.09", "size": "300", "side": "BUY", "hash": "92dee05726f95f846dc378f6b32603cab31a59cd", "best_bid": "0.38", "best_ask": "0.46"}, {"asset_id": "19423897484252245381031724860563835455358662770351298411785241621776824540110", "price": "0.91", "size": "300", "side": "SELL", "hash": "d9a81d8ce9c443a434d02346aa4636192fbb1e72", "best_bid": "0.54", "best_ask": "0.62"}], "timestamp": "1769384280466", "event_type": "price_change"}}
{"_local_timestamp": "2026-01-25T23:38:00.614805+00:00", "data": {"market": "0xcf3bdf479e31addf0d920776325a8759c37e977d8ccd16d84bb8a7c9b319f5b4", "price_changes": [{"asset_id": "19423897484252245381031724860563835455358662770351298411785241621776824540110", "price": "0.08", "size": "7.66", "side": "BUY", "hash": "63db37edfcc2062b8dd2fc272dcd22ab88d34f3e", "best_bid": "0.54", "best_ask": "0.62"}, {"asset_id": "79800804285394431406313674956566735663577258418418362056340026872565628701860", "price": "0.92", "size": "7.66", "side": "SELL", "hash": "a6e0de5f4b1de8f08562006387264a61a1383dc9", "best_bid": "0.38", "best_ask": "0.46"}], "timestamp": "1769384280543", "event_type": "price_change"}}
{"_local_timestamp": "2026-01-25T23:38:02.355755+00:00", "data": {"market": "0xcf3bdf479e31addf0d920776325a8759c37e977d8ccd16d84bb8a7c9b319f5b4", "price_changes": [{"asset_id": "19423897484252245381031724860563835455358662770351298411785241621776824540110", "price": "0.09", "size": "600", "side": "BUY", "hash": "91696d8e3bea195f88de7b4b132938606d006800", "best_bid": "0.54", "best_ask": "0.62"}, {"asset_id": "79800804285394431406313674956566735663577258418418362056340026872565628701860", "price": "0.91", "size": "600", "side": "SELL", "hash": "9c7e658d0107fdad676e702de3776d187cdeba7a", "best_bid": "0.38", "best_ask": "0.46"}], "timestamp": "1769384282282", "event_type": "price_change"}}
{"_local_timestamp": "2026-01-25T23:38:02.629286+00:00", "data": {"market": "0xcf3bdf479e31addf0d920776325a8759c37e977d8ccd16d84bb8a7c9b319f5b4", "price_changes": [{"asset_id": "19423897484252245381031724860563835455358662770351298411785241621776824540110", "price": "0.08", "size": "107.66", "side": "BUY", "hash": "8dc9bf0712fffe6e9b770854ec06d823bca11bf4", "best_bid": "0.54", "best_ask": "0.62"}, {"asset_id": "79800804285394431406313674956566735663577258418418362056340026872565628701860", "price": "0.92", "size": "107.66", "side": "SELL", "hash": "584d04e4acf788119eb1ad13c7a8256c52036ae5", "best_bid": "0.38", "best_ask": "0.46"}], "timestamp": "1769384282561", "event_type": "price_change"}}
{"_local_timestamp": "2026-01-25T23:38:04.819617+00:00", "data": {"market": "0xcf3bdf479e31addf0d920776325a8759c37e977d8ccd16d84bb8a7c9b319f5b4", "price_changes": [{"asset_id": "19423897484252245381031724860563835455358662770351298411785241621776824540110", "price": "0.09", "size": "500", "side": "BUY", "hash": "d823d467ab00f9e83c0770d9c6c90a9500c3ee5c", "best_bid": "0.54", "best_ask": "0.62"}, {"asset_id": "79800804285394431406313674956566735663577258418418362056340026872565628701860", "price": "0.91", "size": "500", "side": "SELL", "hash": "238cd5b8c2220cbb6ac134107567971fbf6890ba", "best_bid": "0.38", "best_ask": "0.46"}], "timestamp": "1769384284736", "event_type": "price_change"}}
{"_local_timestamp": "2026-01-25T23:38:04.895358+00:00", "data": {"market": "0xcf3bdf479e31addf0d920776325a8759c37e977d8ccd16d84bb8a7c9b319f5b4", "price_changes": [{"asset_id": "19423897484252245381031724860563835455358662770351298411785241621776824540110", "price": "0.08", "size": "1377.76", "side": "BUY", "hash": "6728cb1b365648b77459d4c421308d12f6eaf1f4", "best_bid": "0.54", "best_ask": "0.62"}, {"asset_id": "79800804285394431406313674956566735663577258418418362056340026872565628701860", "price": "0.92", "size": "1377.76", "side": "SELL", "hash": "fe54908e4f3ff3e35bc0bb5c65103f9d1bac0c66", "best_bid": "0.38", "best_ask": "0.46"}], "timestamp": "1769384284823", "event_type": "price_change"}}
{"_local_timestamp": "2026-01-25T23:38:04.896026+00:00", "data": {"market": "0xcf3bdf479e31addf0d920776325a8759c37e977d8ccd16d84bb8a7c9b319f5b4", "price_changes": [{"asset_id": "19423897484252245381031724860563835455358662770351298411785241621776824540110", "price": "0.08", "size": "3374.87", "side": "BUY", "hash": "0198e9072186b8ff6dd6cac11ba2308fc2e0602e", "best_bid": "0.54", "best_ask": "0.62"}, {"asset_id": "79800804285394431406313674956566735663577258418418362056340026872565628701860", "price": "0.92", "size": "3374.87", "side": "SELL", "hash": "cc8492c4f4ca9eda6999efadfad1fe94ea15561b", "best_bid": "0.38", "best_ask": "0.46"}], "timestamp": "1769384284824", "event_type": "price_change"}}
{"_local_timestamp": "2026-01-25T23:38:04.896621+00:00", "data": {"market": "0xcf3bdf479e31addf0d920776325a8759c37e977d8ccd16d84bb8a7c9b319f5b4", "price_changes": [{"asset_id": "19423897484252245381031724860563835455358662770351298411785241621776824540110", "price": "0.08", "size": "4264.98", "side": "BUY", "hash": "323025eb6ade29da62a762cf8e77952349ba7c3c", "best_bid": "0.54", "best_ask": "0.62"}, {"asset_id": "79800804285394431406313674956566735663577258418418362056340026872565628701860", "price": "0.92", "size": "4264.98", "side": "SELL", "hash": "e5ce1578a2ac642ae6b5a3ede2055235edde748a", "best_bid": "0.38", "best_ask": "0.46"}], "timestamp": "1769384284824", "event_type": "price_change"}}
{"_local_timestamp": "2026-01-25T23:38:05.101478+00:00", "data": {"market": "0xcf3bdf479e31addf0d920776325a8759c37e977d8ccd16d84bb8a7c9b319f5b4", "price_changes": [{"asset_id": "19423897484252245381031724860563835455358662770351298411785241621776824540110", "price": "0.08", "size": "4364.98", "side": "BUY", "hash": "cedc286c3650f360b6546a032e23a431cd594be7", "best_bid": "0.54", "best_ask": "0.62"}, {"asset_id": "79800804285394431406313674956566735663577258418418362056340026872565628701860", "price": "0.92", "size": "4364.98", "side": "SELL", "hash": "6264f87e5c9afa8808b00d1a856be92a46aaaee8", "best_bid": "0.38", "best_ask": "0.46"}], "timestamp": "1769384285005", "event_type": "price_change"}}
{"_local_timestamp": "2026-01-25T23:38:09.896885+00:00", "data": {"market": "0xcf3bdf479e31addf0d920776325a8759c37e977d8ccd16d84bb8a7c9b319f5b4", "price_changes": [{"asset_id": "19423897484252245381031724860563835455358662770351298411785241621776824540110", "price": "0.09", "size": "100", "side": "BUY", "hash": "85671b8b10313a7f2fc3f8b9abe267e42dd1f9a0", "best_bid": "0.54", "best_ask": "0.62"}, {"asset_id": "79800804285394431406313674956566735663577258418418362056340026872565628701860", "price": "0.91", "size": "100", "side": "SELL", "hash": "4081ca3cce1110977b06bbbf2a0dcee5bf28f60f", "best_bid": "0.38", "best_ask": "0.46"}], "timestamp": "1769384289781", "event_type": "price_change"}}
{"_local_timestamp": "2026-01-25T23:38:09.994399+00:00", "data": {"market": "0xcf3bdf479e31addf0d920776325a8759c37e977d8ccd16d84bb8a7c9b319f5b4", "price_changes": [{"asset_id": "19423897484252245381031724860563835455358662770351298411785241621776824540110", "price": "0.1", "size": "0", "side": "BUY", "hash": "a524cc9453f26a27faccb5fe5738e47524374aaf", "best_bid": "0.54", "best_ask": "0.62"}, {"asset_id": "79800804285394431406313674956566735663577258418418362056340026872565628701860", "price": "0.9", "size": "0", "side": "SELL", "hash": "9b2be11e45a576a6c8e20b51f1f3f742b5f23715", "best_bid": "0.38", "best_ask": "0.46"}], "timestamp": "1769384289884", "event_type": "price_change"}}
{"_local_timestamp": "2026-01-25T23:38:10.250816+00:00", "data": {"market": "0xcf3bdf479e31addf0d920776325a8759c37e977d8ccd16d84bb8a7c9b319f5b4", "price_changes": [{"asset_id": "19423897484252245381031724860563835455358662770351298411785241621776824540110", "price": "0.1", "size": "400", "side": "BUY", "hash": "400a0f987b7b95a0db4dce75b1d77e0702e1cc0c", "best_bid": "0.54", "best_ask": "0.62"}, {"asset_id": "79800804285394431406313674956566735663577258418418362056340026872565628701860", "price": "0.9", "size": "400", "side": "SELL", "hash": "e75c4d28f8298eb8ab868075efb65aa13a336b70", "best_bid": "0.38", "best_ask": "0.46"}], "timestamp": "1769384290053", "event_type": "price_change"}}
{"_local_timestamp": "2026-01-25T23:38:10.478424+00:00", "data": {"market": "0xcf3bdf479e31addf0d920776325a8759c37e977d8ccd16d84bb8a7c9b319f5b4", "price_changes": [{"asset_id": "19423897484252245381031724860563835455358662770351298411785241621776824540110", "price": "0.09", "size": "0", "side": "BUY", "hash": "9eeb12e21b65b5248ad35333a5d91e976287ffab", "best_bid": "0.54", "best_ask": "0.62"}, {"asset_id": "79800804285394431406313674956566735663577258418418362056340026872565628701860", "price": "0.91", "size": "0", "side": "SELL", "hash": "5a7ae05ce14f490c2a3685ede118814f55dd35f9", "best_bid": "0.38", "best_ask": "0.46"}], "timestamp": "1769384290360", "event_type": "price_change"}}
{"_local_timestamp": "2026-01-25T23:38:10.807765+00:00", "data": {"market": "0xcf3bdf479e31addf0d920776325a8759c37e977d8ccd16d84bb8a7c9b319f5b4", "price_changes": [{"asset_id": "19423897484252245381031724860563835455358662770351298411785241621776824540110", "price": "0.08", "size": "4464.98", "side": "BUY", "hash": "dd79fadab67e356b2fe0a44d5e830b50134b508d", "best_bid": "0.54", "best_ask": "0.62"}, {"asset_id": "79800804285394431406313674956566735663577258418418362056340026872565628701860", "price": "0.92", "size": "4464.98", "side": "SELL", "hash": "9c4440662ebe3f168807d92b818af7b02ac9223c", "best_bid": "0.38", "best_ask": "0.46"}], "timestamp": "1769384290736", "event_type": "price_change"}}
{"_local_timestamp": "2026-01-25T23:38:27.645169+00:00", "data": {"market": "0xcf3bdf479e31addf0d920776325a8759c37e977d8ccd16d84bb8a7c9b319f5b4", "price_changes": [{"asset_id": "19423897484252245381031724860563835455358662770351298411785241621776824540110", "price": "0.08", "size": "4364.98", "side": "BUY", "hash": "9445249be043c2af844cedf39f528d4b65154a71", "best_bid": "0.54", "best_ask": "0.62"}, {"asset_id": "79800804285394431406313674956566735663577258418418362056340026872565628701860", "price": "0.92", "size": "4364.98", "side": "SELL", "hash": "0fb725783fdd250f2b3a1fdc616aa48230e75b78", "best_bid": "0.38", "best_ask": "0.46"}], "timestamp": "1769384307568", "event_type": "price_change"}}
{"_local_timestamp": "2026-01-25T23:38:27.933041+00:00", "data": {"market": "0xcf3bdf479e31addf0d920776325a8759c37e977d8ccd16d84bb8a7c9b319f5b4", "price_changes": [{"asset_id": "19423897484252245381031724860563835455358662770351298411785241621776824540110", "price": "0.1", "size": "500", "side": "BUY", "hash": "59495c5e04766b9f52236cdc6485452da425d170", "best_bid": "0.54", "best_ask": "0.62"}, {"asset_id": "79800804285394431406313674956566735663577258418418362056340026872565628701860", "price": "0.9", "size": "500", "side": "SELL", "hash": "bb16775000cafd729d46de309190e6d64e99ef3b", "best_bid": "0.38", "best_ask": "0.46"}], "timestamp": "1769384307857", "event_type": "price_change"}}
