{"_local_timestamp": "2026-01-25T23:34:13.096511+00:00", "data": [{"market": "0x2401a3354060ac23b5062944956a3ea95a21ad155ee141dca22b77b5069cead5", "asset_id": "29809993680420121829041521802470759704351204111817325020401851092919600935989", "timestamp": "1769383980529", "hash": "a19a08d9eb6d1e67a269303cd23bb2fda704db05", "bids": [{"price": "0.01", "size": "11449.21"}, {"price": "0.02", "size": "18.72"}, {"price": "0.03", "size": "1140.11"}, {"price": "0.04", "size": "930.07"}], "asks": [{"price": "0.99", "size": "11431.62"}, {"price": "0.98", "size": "47.46"}, {"price": "0.94", "size": "5.47"}, {"price": "0.93", "size": "5.47"}, {"price": "0.86", "size": "250"}], "event_type": "book", "last_trade_price": ""}, {"market": "0x0727f9f4666484828ee1cc5d250be92a5290ce5a69a20467d77931aed5a95d00", "asset_id": "89219807408614080357426386263610125885671883975534230969322133238697084556538", "timestamp": "1769383979201", "hash": "a140cb461f28933a831692a5d0a9636c4a3c7227", "bids": [{"price": "0.01", "size": "302.04"}, {"price": "0.02", "size": "275.48"}, {"price": "0.03", "size": "18.99"}, {"price": "0.04", "size": "40.39"}], "asks": [{"price": "0.99", "size": "302.04"}, {"price": "0.98", "size": "257.48"}, {"price": "0.97", "size": "18.99"}, {"price": "0.96", "size": "5.47"}], "event_type": "book", "last_trade_price": ""}, {"market": "0x947eda69992ec87be0835dd381d44e014b118a726913d9de83f4af6ca0b5efcf", "asset_id": "18449152278240458640327454535631524659890809526570450948234254399542427812400", "timestamp": "1769383886055", "hash": "25ae2cd333133823bd41f8d4a1a9e8bb1a047cda", "bids": [{"price": "0.01", "size": "293.28"}, {"price": "0.02", "size": "255.94"}, {"price": "0.03", "size": "9.8"}, {"price": "0.06", "size": "12.04"}], "asks": [{"price": "0.99", "size": "302.04"}, {"price": "0.98", "size": "275.48"}, {"price": "0.97", "size": "18.99"}, {"price": "0.96", "size": "29.99"}], "event_type": "book", "last_trade_price": ""}, {"market": "0x96933d51a0f93177040c7572e5b4ae6ca5495cd93a08418af55ade18a8848270", "asset_id": "62678107738722867666510553584045721012525979989359682908746275707554312623850", "timestamp": "1769383983239", "hash": "12655a9605f95b9be821d11a6c4c87d3a58b7084", "bids": [{"price": "0.01", "size": "10550.35"}, {"price": "0.02", "size": "43.03"}, {"price": "0.06", "size": "1140.11"}, {"price": "0.07", "size": "890.11"}], "asks": [{"price": "0.99", "size": "10551.41"}, {"price": "0.98", "size": "42.51"}, {"price": "0.94", "size": "1145.58"}, {"price": "0.93", "size": "895.58"}, {"price": "0.72", "size": "50"}], "event_type": "book", "last_trade_price": ""}, {"market": "0x96933d51a0f93177040c7572e5b4ae6ca5495cd93a08418af55ade18a8848270", "asset_id": "85780962061969591778896600914417302208590704743957949859712992465360382739692", "timestamp": "1769383983239", "hash": "759467258550b7816f0c3b846740911a9dfdf793", "bids": [{"price": "0.01", "size": "10551.41"}, {"price": "0.02", "size": "42.51"}, {"price": "0.06", "size": "1145.58"}, {"price": "0.07", "size": "895.58"}, {"price": "0.28", "size": "50"}], "asks": [{"price": "0.99", "size": "10550.35"}, {"price": "0.98", "size": "43.03"}, {"price": "0.94", "size": "1140.11"}, {"price": "0.93", "size": "890.11"}], "event_type": "book", "last_trade_price": ""}, {"market": "0x19a5f4d90e22cb992635ef15a19f8d5ffc64f556a48662afdca827775aa16c08", "asset_id": "94447434034338341395700793891057177645147950667760703119677617145954756862994", "timestamp": "1769383980526", "hash": "b5910a69b20e020611aba8654eff84456d3c6206", "bids": [{"price": "0.01", "size": "11398.58"}, {"price": "0.02", "size": "160.48"}, {"price": "0.03", "size": "85.65"}, {"price": "0.04", "size": "39.24"}], "asks": [{"price": "0.99", "size": "11388.93"}, {"price": "0.98", "size": "155.89"}, {"price": "0.97", "size": "30.74"}, {"price": "0.92", "size": "1140.11"}, {"price": "0.91", "size": "890.11"}], "event_type": "book", "last_trade_price": ""}, {"market": "0x2bb9c2b1fadb0293a93d55eb67044f7face9cfa07470f4a89a27c017b0335e8c", "asset_id": "92045840732503176401437635785007677847086252162428681009875484095180718441798", "timestamp": "1769383980494", "hash": "b98cd35e874e7af94d891d37d8c0e43338c15912", "bids": [{"price": "0.01", "size": "11388.93"}, {"price": "0.02", "size": "155.89"}, {"price": "0.03", "size": "30.74"}, {"price": "0.08", "size": "1140.11"}, {"price": "0.09", "size": "890.11"}], "asks": [{"price": "0.99", "size": "11398.58"}, {"price": "0.98", "size": "160.48"}, {"price": "0.97", "size": "85.65"}, {"price": "0.96", "size": "55.42"}], "event_type": "book", "last_trade_price": ""}, {"market": "0xc59e05f66a6acaaeddf42ecc60109a5b29a7bebb68ae9d40312ec25ea8000287", "asset_id": "89135499517478225626457875899535430584955245079575176312396543173022239218395", "timestamp": "1769383986450", "hash": "d8224556b83e19fcda5369d7ea37a1a7fc83bd95", "bids": [{"price": "0.01", "size": "7194.15"}, {"price": "0.02", "size": "4607.32"}, {"price": "0.04", "size": "21.23"}, {"price": "0.24", "size": "300"}, {"price": "0.27", "size": "1090.11"}, {"price": "0.28", "size": "890.11"}, {"price": "0.29", "size": "125"}, {"price": "0.3", "size": "62"}, {"price": "0.31", "size": "75"}, {"price": "0.5", "size": "10"}, {"price": "0.51", "size": "89"}], "asks": [{"price": "0.99", "size": "6784.64"}, {"price": "0.98", "size": "10313.16"}, {"price": "0.97", "size": "4407.32"}, {"price": "0.96", "size": "20.24"}, {"price": "0.88", "size": "300"}, {"price": "0.87", "size": "1090.11"}, {"price": "0.86", "size": "1015.11"}, {"price": "0.85", "size": "75"}, {"price": "0.84", "size": "49"}, {"price": "0.78", "size": "127.93"}], "event_type": "book", "last_trade_price": "0.660"}, {"market": "0x947eda69992ec87be0835dd381d44e014b118a726913d9de83f4af6ca0b5efcf", "asset_id": "43177391289123384037057302476684267359530765543005564267433747882504076922907", "timestamp": "1769383886055", "hash": "25801a380ac4b9fe44324181bf70f620749b3afe", "bids": [{"price": "0.01", "size": "302.04"}, {"price": "0.02", "size": "275.48"}, {"price": "0.03", "size": "18.99"}, {"price": "0.04", "size": "29.99"}], "asks": [{"price": "0.99", "size": "293.28"}, {"price": "0.98", "size": "255.94"}, {"price": "0.97", "size": "9.8"}, {"price": "0.94", "size": "12.04"}], "event_type": "book", "last_trade_price": ""}, {"market": "0x23b9f464813a604d156b9c39ff5c37853019ede568d57becdf5c439b45628dc4", "asset_id": "85837250814074077539211908285417961683753530308174982617161094927667394156047", "timestamp": "1769383980496", "hash": "aff2ec88f687adb2afe76c8b23ee14d8bc1ae5a5", "bids": [{"price": "0.01", "size": "11339.38"}, {"price": "0.02", "size": "15.37"}, {"price": "0.03", "size": "1199.11"}, {"price": "0.04", "size": "890.11"}, {"price": "0.05", "size": "5.88"}, {"price": "0.07", "size": "10.94"}], "asks": [{"price": "0.99", "size": "11345.35"}, {"price": "0.98", "size": "25.56"}, {"price": "0.96", "size": "1140.11"}, {"price": "0.95", "size": "896.12"}], "event_type": "book", "last_trade_price": ""}, {"market": "0x23b9f464813a604d156b9c39ff5c37853019ede568d57becdf5c439b45628dc4", "asset_id": "30536826496310177750894097825596262849854437565863241298303820464255967660406", "timestamp": "1769383980496", "hash": "e194f4be48d02d1d4dfb91980a5b95bc212fb2cb", "bids": [{"price": "0.01", "size": "11345.35"}, {"price": "0.02", "size": "25.56"}, {"price": "0.04", "size": "1140.11"}, {"price": "0.05", "size": "896.12"}], "asks": [{"price": "0.99", "size": "11339.38"}, {"price": "0.98", "size": "15.37"}, {"price": "0.97", "size": "1199.11"}, {"price": "0.96", "size": "890.11"}, {"price": "0.95", "size": "5.88"}, {"price": "0.93", "size": "10.94"}], "event_type": "book", "last_trade_price": ""}, {"market": "0xc59e05f66a6acaaeddf42ecc60109a5b29a7bebb68ae9d40312ec25ea8000287", "asset_id": "65249763713921911106800536792587915720039618349865339649776218927242924336631", "timestamp": "1769383986450", "hash": "bcdc864a1e4da3035585a96b7d45f8d38f3cfae5", "bids": [{"price": "0.01", "size": "6784.64"}, {"price": "0.02", "size": "10313.16"}, {"price": "0.03", "size": "4407.32"}, {"price": "0.04", "size": "20.24"}, {"price": "0.12", "size": "300"}, {"price": "0.13", "size": "1090.11"}, {"price": "0.14", "size": "1015.11"}, {"price": "0.15", "size": "75"}, {"price": "0.16", "size": "49"}, {"price": "0.22", "size": "127.93"}], "asks": [{"price": "0.99", "size": "7194.15"}, {"price": "0.98", "size": "4607.32"}, {"price": "0.96", "size": "21.23"}, {"price": "0.76", "size": "300"}, {"price": "0.73", "size": "1090.11"}, {"price": "0.72", "size": "890.11"}, {"price": "0.71", "size": "125"}, {"price": "0.7", "size": "62"}, {"price": "0.69", "size": "75"}, {"price": "0.5", "size": "10"}, {"price": "0.49", "size": "89"}], "event_type": "book", "last_trade_price": "0.660"}, {"market": "0x19a5f4d90e22cb992635ef15a19f8d5ffc64f556a48662afdca827775aa16c08", "asset_id": "55438407177979400780919220955635844711805507488335377116492952956510297705010", "timestamp": "1769383980526", "hash": "e538b63a2877d4c0cc607af28cc99388a043801d", "bids": [{"price": "0.01", "size": "11388.93"}, {"price": "0.02", "size": "155.89"}, {"price": "0.03", "size": "30.74"}, {"price": "0.08", "size": "1140.11"}, {"price": "0.09", "size": "890.11"}], "asks": [{"price": "0.99", "size": "11398.58"}, {"price": "0.98", "size": "160.48"}, {"price": "0.97", "size": "85.65"}, {"price": "0.96", "size": "39.24"}], "event_type": "book", "last_trade_price": ""}, {"market": "0x2401a3354060ac23b5062944956a3ea95a21ad155ee141dca22b77b5069cead5", "asset_id": "92426077490069247283959754958996210946507815057942602898525691466790118944540", "timestamp": "1769383980529", "hash": "8ba82c75dde6b360424d91dc34d26020cb44efef", "bids": [{"price": "0.01", "size": "11431.62"}, {"price": "0.02", "size": "47.46"}, {"price": "0.06", "size": "5.47"}, {"price": "0.07", "size": "5.47"}, {"price": "0.14", "size": "250"}], "asks": [{"price": "0.99", "size": "11449.21"}, {"price": "0.98", "size": "18.72"}, {"price": "0.97", "size": "1140.11"}, {"price": "0.96", "size": "930.07"}], "event_type": "book", "last_trade_price": ""}, {"market": "0x2bb9c2b1fadb0293a93d55eb67044f7face9cfa07470f4a89a27c017b0335e8c", "asset_id": "48837421887473558774565641243168624425487739904275781922315636382382879623206", "timestamp": "1769383980494", "hash": "e00f056fe94347d1821cdc64e9fc73760192504b", "bids": [{"price": "0.01", "size": "11398.58"}, {"price": "0.02", "size": "160.48"}, {"price": "0.03", "size": "85.65"}, {"price": "0.04", "size": "55.42"}], "asks": [{"price": "0.99", "size": "11388.93"}, {"price": "0.98", "size": "155.89"}, {"price": "0.97", "size": "30.74"}, {"price": "0.92", "size": "1140.11"}, {"price": "0.91", "size": "890.11"}], "event_type": "book", "last_trade_price": ""}, {"market": "0x0727f9f4666484828ee1cc5d250be92a5290ce5a69a20467d77931aed5a95d00", "asset_id": "35910343730033898022117182434342860526965277191087661958434554396227107909146", "timestamp": "1769383979201", "hash": "c5996e5f9800347632b46cf4be3cb93b5f633864", "bids": [{"price": "0.01", "size": "302.04"}, {"price": "0.02", "size": "257.48"}, {"price": "0.03", "size": "18.99"}, {"price": "0.04", "size": "5.47"}], "asks": [{"price": "0.99", "size": "302.04"}, {"price": "0.98", "size": "275.48"}, {"price": "0.97", "size": "18.99"}, {"price": "0.96", "size": "40.39"}], "event_type": "book", "last_trade_price": ""}]}
{"_local_timestamp": "2026-01-25T23:34:33.078905+00:00", "data": {"market": "0x96933d51a0f93177040c7572e5b4ae6ca5495cd93a08418af55ade18a8848270", "price_changes": [{"asset_id": "85780962061969591778896600914417302208590704743957949859712992465360382739692", "price": "0.28", "size": "0", "side": "BUY", "hash": "ad5c70d32a2641cdaea50145bee21992a933ba2a", "best_bid": "0.07", "best_ask": "0.93"}, {"asset_id": "62678107738722867666510553584045721012525979989359682908746275707554312623850", "price": "0.72", "size": "0", "side": "SELL", "hash": "3b72353540a18724b7b9045072bd72ec723d6793", "best_bid": "0.07", "best_ask": "0.93"}], "timestamp": "1769384073001", "event_type": "price_change"}}
{"_local_timestamp": "2026-01-25T23:34:35.758755+00:00", "data": {"market": "0x0727f9f4666484828ee1cc5d250be92a5290ce5a69a20467d77931aed5a95d00", "price_changes": [{"asset_id": "35910343730033898022117182434342860526965277191087661958434554396227107909146", "price": "0.05", "size": "23.99", "side": "BUY", "hash": "1a1370a6c581f323f08c7ae2c6dc76a4c2a1e7bf", "best_bid": "0.05", "best_ask": "0.96"}, {"asset_id": "89219807408614080357426386263610125885671883975534230969322133238697084556538", "price": "0.95", "size": "23.99", "side": "SELL", "hash": "e76afcb4794541bb37edc10a5d407e5fecd5b8d1", "best_bid": "0.04", "best_ask": "0.95"}], "timestamp": "1769384075688", "event_type": "price_change"}}
{"_local_timestamp": "2026-01-25T23:34:39.007905+00:00", "data": {"market": "0x0727f9f4666484828ee1cc5d250be92a5290ce5a69a20467d77931aed5a95d00", "price_changes": [{"asset_id": "35910343730033898022117182434342860526965277191087661958434554396227107909146", "price": "0.04", "size": "0", "side": "BUY", "hash": "c3fbf700aa13ec21fae9f90234f507ebefbe0956", "best_bid": "0.05", "best_ask": "0.96"}, {"asset_id": "89219807408614080357426386263610125885671883975534230969322133238697084556538", "price": "0.96", "size": "0", "side": "SELL", "hash": "efc7b16043ce0c964a9a8bf88d23067cd4fe7d4b", "best_bid": "0.04", "best_ask": "0.95"}], "timestamp": "1769384078927", "event_type": "price_change"}}
{"_local_timestamp": "2026-01-25T23:34:39.380739+00:00", "data": {"market": "0x0727f9f4666484828ee1cc5d250be92a5290ce5a69a20467d77931aed5a95d00", "price_changes": [{"asset_id": "35910343730033898022117182434342860526965277191087661958434554396227107909146", "price": "0.06", "size": "5.47", "side": "BUY", "hash": "1aeeb5619841c2ad3aa35cbf788a6bca79b6a587", "best_bid": "0.06", "best_ask": "0.96"}, {"asset_id": "89219807408614080357426386263610125885671883975534230969322133238697084556538", "price": "0.94", "size": "5.47", "side": "SELL", "hash": "7e554541bb363e31bda76045dbd197854a32e071", "best_bid": "0.04", "best_ask": "0.94"}], "timestamp": "1769384079248", "event_type": "price_change"}}
{"_local_timestamp": "2026-01-25T23:35:51.703641+00:00", "data": {"market": "0x96933d51a0f93177040c7572e5b4ae6ca5495cd93a08418af55ade18a8848270", "price_changes": [{"asset_id": "85780962061969591778896600914417302208590704743957949859712992465360382739692", "price": "0.28", "size": "50", "side": "BUY", "hash": "43b3b2f04c3368d73dfb394002cd1e78bc225e2e", "best_bid": "0.28", "best_ask": "0.93"}, {"asset_id": "62678107738722867666510553584045721012525979989359682908746275707554312623850", "price": "0.72", "size": "50", "side": "SELL", "hash": "cca3a8d2dd871988678ed8dfea9a91948898abf3", "best_bid": "0.07", "best_ask": "0.72"}], "timestamp": "1769384151640", "event_type": "price_change"}}
{"_local_timestamp": "2026-01-25T23:35:56.650257+00:00", "data": {"market": "0x23b9f464813a604d156b9c39ff5c37853019ede568d57becdf5c439b45628dc4", "price_changes": [{"asset_id": "85837250814074077539211908285417961683753530308174982617161094927667394156047", "price": "0.28", "size": "50", "side": "BUY", "hash": "d680703247e8685fcee845b79315ea1ade4fcde1", "best_bid": "0.28", "best_ask": "0.95"}, {"asset_id": "30536826496310177750894097825596262849854437565863241298303820464255967660406", "price": "0.72", "size": "50", "side": "SELL", "hash": "0c91dfcc9710cc35df13118cf5eb46c885f33fcb", "best_bid": "0.05", "best_ask": "0.72"}], "timestamp": "1769384156584", "event_type": "price_change"}}
{"_local_timestamp": "2026-01-25T23:35:56.711687+00:00", "data": {"market": "0x23b9f464813a604d156b9c39ff5c37853019ede568d57becdf5c439b45628dc4", "price_changes": [{"asset_id": "30536826496310177750894097825596262849854437565863241298303820464255967660406", "price": "0.01", "size": "10455.24", "side": "BUY", "hash": "b3d8d2b8d974214f8dbd01e2d0ab3e8c00c003b7", "best_bid": "0.05", "best_ask": "0.72"}, {"asset_id": "85837250814074077539211908285417961683753530308174982617161094927667394156047", "price": "0.99", "size": "10455.24", "side": "SELL", "hash": "4554a5eead3bedcc3536067ba7b38fcbed521537", "best_bid": "0.28", "best_ask": "0.95"}], "timestamp": "1769384156641", "event_type": "price_change"}}
{"_local_timestamp": "2026-01-25T23:35:56.715754+00:00", "data": {"market": "0x23b9f464813a604d156b9c39ff5c37853019ede568d57becdf5c439b45628dc4", "price_changes": [{"asset_id": "85837250814074077539211908285417961683753530308174982617161094927667394156047", "price": "0.01", "size": "10449.27", "side": "BUY", "hash": "5149a6e98daf849f878b8c52338d30f62b30830b", "best_bid": "0.28", "best_ask": "0.95"}, {"asset_id": "30536826496310177750894097825596262849854437565863241298303820464255967660406", "price": "0.99", "size": "10449.27", "side": "SELL", "hash": "92c6fd0348b203da73d2b03ba4a778ac4194fbd0", "best_bid": "0.05", "best_ask": "0.72"}], "timestamp": "1769384156641", "event_type": "price_change"}}
{"_local_timestamp": "2026-01-25T23:36:04.545059+00:00", "data": {"market": "0x0727f9f4666484828ee1cc5d250be92a5290ce5a69a20467d77931aed5a95d00", "price_changes": [{"asset_id": "35910343730033898022117182434342860526965277191087661958434554396227107909146", "price": "0.05", "size": "0", "side": "BUY", "hash": "98d79e2d9c0ddb9ba394551288a8767a541bd172", "best_bid": "0.06", "best_ask": "0.96"}, {"asset_id": "89219807408614080357426386263610125885671883975534230969322133238697084556538", "price": "0.95", "size": "0", "side": "SELL", "hash": "cf4b67239c0a75e978072a8b06c1db4fb1c002bc", "best_bid": "0.04", "best_ask": "0.94"}], "timestamp": "1769384164468", "event_type": "price_change"}}
{"_local_timestamp": "2026-01-25T23:36:05.897000+00:00", "data": {"market": "0x0727f9f4666484828ee1cc5d250be92a5290ce5a69a20467d77931aed5a95d00", "price_changes": [{"asset_id": "35910343730033898022117182434342860526965277191087661958434554396227107909146", "price": "0.06", "size": "0", "side": "BUY", "hash": "4857780df033958344a1b4a8a20d064022c7c504", "best_bid": "0.03", "best_ask": "0.96"}, {"asset_id": "89219807408614080357426386263610125885671883975534230969322133238697084556538", "price": "0.94", "size": "0", "side": "SELL", "hash": "923db2d68cfccf409c7cafae6f7a80435fbcdbee", "best_bid": "0.04", "best_ask": "0.97"}], "timestamp": "1769384165831", "event_type": "price_change"}}
{"_local_timestamp": "2026-01-25T23:36:05.957935+00:00", "data": {"market": "0x0727f9f4666484828ee1cc5d250be92a5290ce5a69a20467d77931aed5a95d00", "price_changes": [{"asset_id": "35910343730033898022117182434342860526965277191087661958434554396227107909146", "price": "0.04", "size": "5.47", "side": "BUY", "hash": "29955795cccec2d7f1e9fa4844d5989053198603", "best_bid": "0.04", "best_ask": "0.96"}, {"asset_id": "89219807408614080357426386263610125885671883975534230969322133238697084556538", "price": "0.96", "size": "5.47", "side": "SELL", "hash": "c4204b6782b49d6b1238cc68fef9e6afeae9efb6", "best_bid": "0.04", "best_ask": "0.96"}], "timestamp": "1769384165880", "event_type": "price_change"}}
{"_local_timestamp": "2026-01-25T23:36:14.984158+00:00", "data": {"market": "0xc59e05f66a6acaaeddf42ecc60109a5b29a7bebb68ae9d40312ec25ea8000287", "price_changes": [{"asset_id": "89135499517478225626457875899535430584955245079575176312396543173022239218395", "price": "0.64", "size": "50", "side": "BUY", "hash": "b462c30e11d3d3fe833455bb749e6028f194f3a9", "best_bid": "0.64", "best_ask": "0.78"}, {"asset_id": "65249763713921911106800536792587915720039618349865339649776218927242924336631", "price": "0.36", "size": "50", "side": "SELL", "hash": "88736234b3e2ad11b0264686e7c4b47b4b098ff3", "best_bid": "0.22", "best_ask": "0.36"}], "timestamp": "1769384174914", "event_type": "price_change"}}
{"_local_timestamp": "2026-01-25T23:36:14.989363+00:00", "data": {"market": "0xc59e05f66a6acaaeddf42ecc60109a5b29a7bebb68ae9d40312ec25ea8000287", "price_changes": [{"asset_id": "65249763713921911106800536792587915720039618349865339649776218927242924336631", "price": "0.2", "size": "50", "side": "BUY", "hash": "34a4616b9ece399fb08e4bb7a604b2936d834067", "best_bid": "0.22", "best_ask": "0.36"}, {"asset_id": "89135499517478225626457875899535430584955245079575176312396543173022239218395", "price": "0.8", "size": "50", "side": "SELL", "hash": "777e6d4b51f40a6808b4abfa48e75e9eb51592bd", "best_bid": "0.64", "best_ask": "0.78"}], "timestamp": "1769384174915", "event_type": "price_change"}}
{"_local_timestamp": "2026-01-25T23:36:15.040800+00:00", "data": {"market": "0xc59e05f66a6acaaeddf42ecc60109a5b29a7bebb68ae9d40312ec25ea8000287", "price_changes": [{"asset_id": "65249763713921911106800536792587915720039618349865339649776218927242924336631", "price": "0.03", "size": "250", "side": "BUY", "hash": "4f0493e614a6dc68f56716ced61c10fa4d683444", "best_bid": "0.22", "best_ask": "0.36"}, {"asset_id": "89135499517478225626457875899535430584955245079575176312396543173022239218395", "price": "0.97", "size": "250", "side": "SELL", "hash": "9539002dab7d07f75b51fd83e54b385b1639efe5", "best_bid": "0.64", "best_ask": "0.78"}], "timestamp": "1769384174973", "event_type": "price_change"}}
{"_local_timestamp": "2026-01-25T23:36:15.041346+00:00", "data": {"market": "0xc59e05f66a6acaaeddf42ecc60109a5b29a7bebb68ae9d40312ec25ea8000287", "price_changes": [{"asset_id": "65249763713921911106800536792587915720039618349865339649776218927242924336631", "price": "0.02", "size": "4314.05", "side": "BUY", "hash": "4f0493e614a6dc68f56716ced61c10fa4d683444", "best_bid": "0.22", "best_ask": "0.36"}, {"asset_id": "89135499517478225626457875899535430584955245079575176312396543173022239218395", "price": "0.98", "size": "4314.05", "side": "SELL", "hash": "9539002dab7d07f75b51fd83e54b385b1639efe5", "best_bid": "0.64", "best_ask": "0.78"}], "timestamp": "1769384174973", "event_type": "price_change"}}
{"_local_timestamp": "2026-01-25T23:36:15.060554+00:00", "data": {"market": "0xc59e05f66a6acaaeddf42ecc60109a5b29a7bebb68ae9d40312ec25ea8000287", "price_changes": [{"asset_id": "89135499517478225626457875899535430584955245079575176312396543173022239218395", "price": "0.64", "size": "89", "side": "BUY", "hash": "5a089e2a04795d5693650c088c1962bda56c3411", "best_bid": "0.64", "best_ask": "0.78"}, {"asset_id": "65249763713921911106800536792587915720039618349865339649776218927242924336631", "price": "0.36", "size": "89", "side": "SELL", "hash": "d80a71aba3b0789d5cedbd89bb97653c28426b41", "best_bid": "0.22", "best_ask": "0.36"}], "timestamp": "1769384174993", "event_type": "price_change"}}
{"_local_timestamp": "2026-01-25T23:36:15.061018+00:00", "data": {"market": "0xc59e05f66a6acaaeddf42ecc60109a5b29a7bebb68ae9d40312ec25ea8000287", "price_changes": [{"asset_id": "89135499517478225626457875899535430584955245079575176312396543173022239218395", "price": "0.51", "size": "50", "side": "BUY", "hash": "59caad49aef07d5270c29686317c0b9c00a2eb0e", "best_bid": "0.64", "best_ask": "0.78"}, {"asset_id": "65249763713921911106800536792587915720039618349865339649776218927242924336631", "price": "0.49", "size": "50", "side": "SELL", "hash": "45f7703bf0877424b5681756aa3ec473056df3c5", "best_bid": "0.22", "best_ask": "0.36"}], "timestamp": "1769384174994", "event_type": "price_change"}}
{"_local_timestamp": "2026-01-25T23:36:17.021677+00:00", "data": {"market": "0xc59e05f66a6acaaeddf42ecc60109a5b29a7bebb68ae9d40312ec25ea8000287", "price_changes": [{"asset_id": "65249763713921911106800536792587915720039618349865339649776218927242924336631", "price": "0.16", "size": "10", "side": "BUY", "hash": "91064551a4540d24e3f3d16a12e25c3302640f17", "best_bid": "0.22", "best_ask": "0.36"}, {"asset_id": "89135499517478225626457875899535430584955245079575176312396543173022239218395", "price": "0.84", "size": "10", "side": "SELL", "hash": "aa2cfe708674f5ea088a654ba4f5aa959003fed5", "best_bid": "0.64", "best_ask": "0.78"}], "timestamp": "1769384176956", "event_type": "price_change"}}
{"_local_timestamp": "2026-01-25T23:36:17.025885+00:00", "data": {"market": "0xc59e05f66a6acaaeddf42ecc60109a5b29a7bebb68ae9d40312ec25ea8000287", "price_changes": [{"asset_id": "65249763713921911106800536792587915720039618349865339649776218927242924336631", "price": "0.2", "size": "83", "side": "BUY", "hash": "6dffd716c2bc93f7cb99e585d418a49d02c3615e", "best_bid": "0.22", "best_ask": "0.36"}, {"asset_id": "89135499517478225626457875899535430584955245079575176312396543173022239218395", "price": "0.8", "size": "83", "side": "SELL", "hash": "e33fcae2a46f22674f696ae16110a5a75bb9117d", "best_bid": "0.64", "best_ask": "0.78"}], "timestamp": "1769384176961", "event_type": "price_change"}}
{"_local_timestamp": "2026-01-25T23:36:19.031260+00:00", "data": {"market": "0xc59e05f66a6acaaeddf42ecc60109a5b29a7bebb68ae9d40312ec25ea8000287", "price_changes": [{"asset_id": "65249763713921911106800536792587915720039618349865339649776218927242924336631", "price": "0.16", "size": "17", "side": "BUY", "hash": "62ef39b1c367d079a278b680cf93660435759993", "best_bid": "0.22", "best_ask": "0.36"}, {"asset_id": "89135499517478225626457875899535430584955245079575176312396543173022239218395", "price": "0.84", "size": "17", "side": "SELL", "hash": "1de85ba9350f243b45ce38132522bdf7d354f1e2", "best_bid": "0.64", "best_ask": "0.78"}], "timestamp": "1769384178964", "event_type": "price_change"}}
{"_local_timestamp": "2026-01-25T23:36:35.936164+00:00", "data": {"market": "0x96933d51a0f93177040c7572e5b4ae6ca5495cd93a08418af55ade18a8848270", "price_changes": [{"asset_id": "85780962061969591778896600914417302208590704743957949859712992465360382739692", "price": "0.01", "size": "10542.8", "side": "BUY", "hash": "a4353d5294cc1e32ef3118dc5ca94d183ddd3778", "best_bid": "0.28", "best_ask": "0.93"}, {"asset_id": "62678107738722867666510553584045721012525979989359682908746275707554312623850", "price": "0.99", "size": "10542.8", "side": "SELL", "hash": "4d606efda6ac253e1626222d8ddb4fc150286b58", "best_bid": "0.07", "best_ask": "0.72"}], "timestamp": "1769384195866", "event_type": "price_change"}}
{"_local_timestamp": "2026-01-25T23:36:35.936682+00:00", "data": {"market": "0x96933d51a0f93177040c7572e5b4ae6ca5495cd93a08418af55ade18a8848270", "price_changes": [{"asset_id": "85780962061969591778896600914417302208590704743957949859712992465360382739692", "price": "0.02", "size": "6.12", "side": "BUY", "hash": "a4353d5294cc1e32ef3118dc5ca94d183ddd3778", "best_bid": "0.28", "best_ask": "0.93"}, {"asset_id": "62678107738722867666510553584045721012525979989359682908746275707554312623850", "price": "0.98", "size": "6.12", "side": "SELL", "hash": "4d606efda6ac253e1626222d8ddb4fc150286b58", "best_bid": "0.07", "best_ask": "0.72"}], "timestamp": "1769384195866", "event_type": "price_change"}}
{"_local_timestamp": "2026-01-25T23:36:37.137497+00:00", "data": {"market": "0x96933d51a0f93177040c7572e5b4ae6ca5495cd93a08418af55ade18a8848270", "price_changes": [{"asset_id": "85780962061969591778896600914417302208590704743957949859712992465360382739692", "price": "0.08", "size": "7.67", "side": "BUY", "hash": "e40c1b145b3cc3c007567cb944977fab0f2da3f9", "best_bid": "0.28", "best_ask": "0.93"}, {"asset_id": "62678107738722867666510553584045721012525979989359682908746275707554312623850", "price": "0.92", "size": "7.67", "side": "SELL", "hash": "c83a631fe16a958118f3f1312ae7da767d997148", "best_bid": "0.07", "best_ask": "0.72"}], "timestamp": "1769384197020", "event_type": "price_change"}}
{"_local_timestamp": "2026-01-25T23:36:37.137944+00:00", "data": {"market": "0x96933d51a0f93177040c7572e5b4ae6ca5495cd93a08418af55ade18a8848270", "price_changes": [{"asset_id": "85780962061969591778896600914417302208590704743957949859712992465360382739692", "price": "0.02", "size": "16.1", "side": "BUY", "hash": "fadda2e40447b042346d5a449fb12172af0ed0f9", "best_bid": "0.28", "best_ask": "0.93"}, {"asset_id": "62678107738722867666510553584045721012525979989359682908746275707554312623850", "price": "0.98", "size": "16.1", "side": "SELL", "hash": "26864101c04f54f0e525043e3bf7b53c041fe265", "best_bid": "0.07", "best_ask": "0.72"}], "timestamp": "1769384197020", "event_type": "price_change"}}
{"_local_timestamp": "2026-01-25T23:36:37.270394+00:00", "data": {"market": "0x23b9f464813a604d156b9c39ff5c37853019ede568d57becdf5c439b45628dc4", "price_changes": [{"asset_id": "85837250814074077539211908285417961683753530308174982617161094927667394156047", "price": "0.01", "size": "10436.43", "side": "BUY", "hash": "2e41db71041b1438cb6190852ebdce48a6df5572", "best_bid": "0.28", "best_ask": "0.95"}, {"asset_id": "30536826496310177750894097825596262849854437565863241298303820464255967660406", "price": "0.99", "size": "10436.43", "side": "SELL", "hash": "2e1c5cc167488b65ea73cfcf3d1316992ec3b3de", "best_bid": "0.05", "best_ask": "0.72"}], "timestamp": "1769384197203", "event_type": "price_change"}}
{"_local_timestamp": "2026-01-25T23:36:37.270890+00:00", "data": {"market": "0x23b9f464813a604d156b9c39ff5c37853019ede568d57becdf5c439b45628dc4", "price_changes": [{"asset_id": "85837250814074077539211908285417961683753530308174982617161094927667394156047", "price": "0.02", "size": "6.46", "side": "BUY", "hash": "2e41db71041b1438cb6190852ebdce48a6df5572", "best_bid": "0.28", "best_ask": "0.95"}, {"asset_id": "30536826496310177750894097825596262849854437565863241298303820464255967660406", "price": "0.98", "size": "6.46", "side": "SELL", "hash": "2e1c5cc167488b65ea73cfcf3d1316992ec3b3de", "best_bid": "0.05", "best_ask": "0.72"}], "timestamp": "1769384197203", "event_type": "price_change"}}
{"_local_timestamp": "2026-01-25T23:36:37.271229+00:00", "data": {"market": "0x23b9f464813a604d156b9c39ff5c37853019ede568d57becdf5c439b45628dc4", "price_changes": [{"asset_id": "85837250814074077539211908285417961683753530308174982617161094927667394156047", "price": "0.03", "size": "1190.11", "side": "BUY", "hash": "2e41db71041b1438cb6190852ebdce48a6df5572", "best_bid": "0.28", "best_ask": "0.95"}, {"asset_id": "30536826496310177750894097825596262849854437565863241298303820464255967660406", "price": "0.97", "size": "1190.11", "side": "SELL", "hash": "2e1c5cc167488b65ea73cfcf3d1316992ec3b3de", "best_bid": "0.05", "best_ask": "0.72"}], "timestamp": "1769384197203", "event_type": "price_change"}}
{"_local_timestamp": "2026-01-25T23:36:37.275837+00:00", "data": {"market": "0x23b9f464813a604d156b9c39ff5c37853019ede568d57becdf5c439b45628dc4", "price_changes": [{"asset_id": "85837250814074077539211908285417961683753530308174982617161094927667394156047", "price": "0.05", "size": "0", "side": "BUY", "hash": "2e41db71041b1438cb6190852ebdce48a6df5572", "best_bid": "0.28", "best_ask": "0.95"}, {"asset_id": "30536826496310177750894097825596262849854437565863241298303820464255967660406", "price": "0.95", "size": "0", "side": "SELL", "hash": "2e1c5cc167488b65ea73cfcf3d1316992ec3b3de", "best_bid": "0.05", "best_ask": "0.72"}], "timestamp": "1769384197203", "event_type": "price_change"}}
{"_local_timestamp": "2026-01-25T23:36:37.985068+00:00", "data": {"market": "0x23b9f464813a604d156b9c39ff5c37853019ede568d57becdf5c439b45628dc4", "price_changes": [{"asset_id": "85837250814074077539211908285417961683753530308174982617161094927667394156047", "price": "0.01", "size": "10442.72", "side": "BUY", "hash": "fe843211a74df04b72e2634b3ce6038ddaaa727e", "best_bid": "0.28", "best_ask": "0.95"}, {"asset_id": "30536826496310177750894097825596262849854437565863241298303820464255967660406", "price": "0.99", "size": "10442.72", "side": "SELL", "hash": "65b390ffbe2410ecb1c2cf59210f6c2bd152fdcd", "best_bid": "0.05", "best_ask": "0.72"}], "timestamp": "1769384197910", "event_type": "price_change"}}
{"_local_timestamp": "2026-01-25T23:36:37.985517+00:00", "data": {"market": "0x23b9f464813a604d156b9c39ff5c37853019ede568d57becdf5c439b45628dc4", "price_changes": [{"asset_id": "85837250814074077539211908285417961683753530308174982617161094927667394156047", "price": "0.04", "size": "895.14", "side": "BUY", "hash": "88b5abba53cde9a43883fdcf58ff7b5ecca9a8f4", "best_bid": "0.28", "best_ask": "0.95"}, {"asset_id": "30536826496310177750894097825596262849854437565863241298303820464255967660406", "price": "0.96", "size": "895.14", "side": "SELL", "hash": "d4273a201ec728d9ea3808ec8b40049dbdb6cdda", "best_bid": "0.05", "best_ask": "0.72"}], "timestamp": "1769384197911", "event_type": "price_change"}}
{"_local_timestamp": "2026-01-25T23:36:37.985833+00:00", "data": {"market": "0x23b9f464813a604d156b9c39ff5c37853019ede568d57becdf5c439b45628dc4", "price_changes": [{"asset_id": "85837250814074077539211908285417961683753530308174982617161094927667394156047", "price": "0.08", "size": "7.58", "side": "BUY", "hash": "99b4e32bbd18ab2454737569457d7dbd55aba550", "best_bid": "0.28", "best_ask": "0.95"}, {"asset_id": "30536826496310177750894097825596262849854437565863241298303820464255967660406", "price": "0.92", "size": "7.58", "side": "SELL", "hash": "a809b76451ffd28c5bf6670598915306a473c1a9", "best_bid": "0.05", "best_ask": "0.72"}], "timestamp": "1769384197912", "event_type": "price_change"}}
{"_local_timestamp": "2026-01-25T23:36:38.299048+00:00", "data": {"market": "0x947eda69992ec87be0835dd381d44e014b118a726913d9de83f4af6ca0b5efcf", "price_changes": [{"asset_id": "18449152278240458640327454535631524659890809526570450948234254399542427812400", "price": "0.06", "size": "5.47", "side": "BUY", "hash": "143becd7ccd5185be1302089443ddd80f8b95eed", "best_bid": "0.06", "best_ask": "0.96"}, {"asset_id": "43177391289123384037057302476684267359530765543005564267433747882504076922907", "price": "0.94", "size": "5.47", "side": "SELL", "hash": "e769a1e5023ae40ce2221d79aefae400636376b0", "best_bid": "0.04", "best_ask": "0.94"}], "timestamp": "1769384198233", "event_type": "price_change"}}
{"_local_timestamp": "2026-01-25T23:36:38.561968+00:00", "data": {"market": "0x947eda69992ec87be0835dd381d44e014b118a726913d9de83f4af6ca0b5efcf", "price_changes": [{"asset_id": "18449152278240458640327454535631524659890809526570450948234254399542427812400", "price": "0.03", "size": "22.94", "side": "BUY", "hash": "349f5c4cefbdfe25ed720b6526a652df1ea87b44", "best_bid": "0.06", "best_ask": "0.96"}, {"asset_id": "43177391289123384037057302476684267359530765543005564267433747882504076922907", "price": "0.97", "size": "22.94", "side": "SELL", "hash": "a59a8d83f0130bbde9ab793858e93d2cb5071687", "best_bid": "0.04", "best_ask": "0.94"}], "timestamp": "1769384198494", "event_type": "price_change"}}
{"_local_timestamp": "2026-01-25T23:36:39.457387+00:00", "data": {"market": "0x947eda69992ec87be0835dd381d44e014b118a726913d9de83f4af6ca0b5efcf", "price_changes": [{"asset_id": "18449152278240458640327454535631524659890809526570450948234254399542427812400", "price": "0.06", "size": "0", "side": "BUY", "hash": "2f0516ffcf7b87fbaa974fceed9b03163fca6729", "best_bid": "0.03", "best_ask": "0.96"}, {"asset_id": "43177391289123384037057302476684267359530765543005564267433747882504076922907", "price": "0.94", "size": "0", "side": "SELL", "hash": "b026704b101a3f656bbc4a4396ec6c2defd8468e", "best_bid": "0.04", "best_ask": "0.97"}], "timestamp": "1769384199385", "event_type": "price_change"}}
{"_local_timestamp": "2026-01-25T23:36:39.489829+00:00", "data": {"market": "0x947eda69992ec87be0835dd381d44e014b118a726913d9de83f4af6ca0b5efcf", "price_changes": [{"asset_id": "18449152278240458640327454535631524659890809526570450948234254399542427812400", "price": "0.04", "size": "5.47", "side": "BUY", "hash": "0d519eaeaddf08b40af7d45418bb58cff0e5159d", "best_bid": "0.04", "best_ask": "0.96"}, {"asset_id": "43177391289123384037057302476684267359530765543005564267433747882504076922907", "price": "0.96", "size": "5.47", "side": "SELL", "hash": "49d56591b31c36e2ef8002df1583d640fb554f8a", "best_bid": "0.04", "best_ask": "0.96"}], "timestamp": "1769384199416", "event_type": "price_change"}}
{"_local_timestamp": "2026-01-25T23:36:55.419062+00:00", "data": {"market": "0xc59e05f66a6acaaeddf42ecc60109a5b29a7bebb68ae9d40312ec25ea8000287", "price_changes": [{"asset_id": "89135499517478225626457875899535430584955245079575176312396543173022239218395", "price": "0.01", "size": "7184.19", "side": "BUY", "hash": "16a342e2bde5b8a1ea0885aa80344019ff76adac", "best_bid": "0.64", "best_ask": "0.78"}, {"asset_id": "65249763713921911106800536792587915720039618349865339649776218927242924336631", "price": "0.99", "size": "7184.19", "side": "SELL", "hash": "d846211f455a2214349cbd04b06a4ee17f08ba99", "best_bid": "0.22", "best_ask": "0.36"}], "timestamp": "1769384215351", "event_type": "price_change"}}
{"_local_timestamp": "2026-01-25T23:36:55.419602+00:00", "data": {"market": "0xc59e05f66a6acaaeddf42ecc60109a5b29a7bebb68ae9d40312ec25ea8000287", "price_changes": [{"asset_id": "89135499517478225626457875899535430584955245079575176312396543173022239218395", "price": "0.04", "size": "0", "side": "BUY", "hash": "16a342e2bde5b8a1ea0885aa80344019ff76adac", "best_bid": "0.64", "best_ask": "0.78"}, {"asset_id": "65249763713921911106800536792587915720039618349865339649776218927242924336631", "price": "0.96", "size": "0", "side": "SELL", "hash": "d846211f455a2214349cbd04b06a4ee17f08ba99", "best_bid": "0.22", "best_ask": "0.36"}], "timestamp": "1769384215351", "event_type": "price_change"}}
{"_local_timestamp": "2026-01-25T23:36:56.392933+00:00", "data": {"market": "0xc59e05f66a6acaaeddf42ecc60109a5b29a7bebb68ae9d40312ec25ea8000287", "price_changes": [{"asset_id": "89135499517478225626457875899535430584955245079575176312396543173022239218395", "price": "0.03", "size": "31.64", "side": "BUY", "hash": "3b8a67b9bbffa55c94d15f105e94712890dea60c", "best_bid": "0.64", "best_ask": "0.78"}, {"asset_id": "65249763713921911106800536792587915720039618349865339649776218927242924336631", "price": "0.97", "size": "31.64", "side": "SELL", "hash": "c78613289ca579c573df61add48986963053b4e2", "best_bid": "0.22", "best_ask": "0.36"}], "timestamp": "1769384216016", "event_type": "price_change"}}
{"_local_timestamp": "2026-01-25T23:36:58.184291+00:00", "data": {"market": "0xc59e05f66a6acaaeddf42ecc60109a5b29a7bebb68ae9d40312ec25ea8000287", "price_changes": [{"asset_id": "65249763713921911106800536792587915720039618349865339649776218927242924336631", "price": "0.03", "size": "0", "side": "BUY", "hash": "8e58a6ccf1ed3d69b6b79a2dbeb91ac664743a34", "best_bid": "0.22", "best_ask": "0.36"}, {"asset_id": "89135499517478225626457875899535430584955245079575176312396543173022239218395", "price": "0.97", "size": "0", "side": "SELL", "hash": "fea4ba49e34987ccfccab450feae3e5e41810f79", "best_bid": "0.64", "best_ask": "0.78"}], "timestamp": "1769384218085", "event_type": "price_change"}}
{"_local_timestamp": "2026-01-25T23:36:58.286126+00:00", "data": {"market": "0x2401a3354060ac23b5062944956a3ea95a21ad155ee141dca22b77b5069cead5", "price_changes": [{"asset_id": "92426077490069247283959754958996210946507815057942602898525691466790118944540", "price": "0.14", "size": "0", "side": "BUY", "hash": "73c9b2614f9ffac9279c153b5d64e7921c205ee0", "best_bid": "0.07", "best_ask": "0.96"}, {"asset_id": "29809993680420121829041521802470759704351204111817325020401851092919600935989", "price": "0.86", "size": "0", "side": "SELL", "hash": "9ca7450f51058184d49b93101f6826f3fdfd908b", "best_bid": "0.04", "best_ask": "0.93"}], "timestamp": "1769384218088", "event_type": "price_change"}}
{"_local_timestamp": "2026-01-25T23:36:58.286583+00:00", "data": {"market": "0x23b9f464813a604d156b9c39ff5c37853019ede568d57becdf5c439b45628dc4", "price_changes": [{"asset_id": "85837250814074077539211908285417961683753530308174982617161094927667394156047", "price": "0.03", "size": "890.11", "side": "BUY", "hash": "c975e0925d0ec76380f111d46006ec27705903ea", "best_bid": "0.28", "best_ask": "0.95"}, {"asset_id": "30536826496310177750894097825596262849854437565863241298303820464255967660406", "price": "0.97", "size": "890.11", "side": "SELL", "hash": "46075c3b10c7d8d3e27c9bad304caebf31b212e6", "best_bid": "0.05", "best_ask": "0.72"}], "timestamp": "1769384218089", "event_type": "price_change"}}
{"_local_timestamp": "2026-01-25T23:36:58.440503+00:00", "data": {"market": "0x2401a3354060ac23b5062944956a3ea95a21ad155ee141dca22b77b5069cead5", "price_changes": [{"asset_id": "29809993680420121829041521802470759704351204111817325020401851092919600935989", "price": "0.01", "size": "10559.1", "side": "BUY", "hash": "a9d3833de706b1767b2af6f4717e5aa20fd7fd24", "best_bid": "0.04", "best_ask": "0.93"}, {"asset_id": "92426077490069247283959754958996210946507815057942602898525691466790118944540", "price": "0.99", "size": "10559.1", "side": "SELL", "hash": "8709c5918e7ed105c693b1035900d1e596def012", "best_bid": "0.07", "best_ask": "0.96"}], "timestamp": "1769384218335", "event_type": "price_change"}}
{"_local_timestamp": "2026-01-25T23:36:58.450464+00:00", "data": {"market": "0x2401a3354060ac23b5062944956a3ea95a21ad155ee141dca22b77b5069cead5", "price_changes": [{"asset_id": "92426077490069247283959754958996210946507815057942602898525691466790118944540", "price": "0.02", "size": "937.57", "side": "BUY", "hash": "c10c1aa2f1a66478001887348ddaa9e2254e9946", "best_bid": "0.07", "best_ask": "0.96"}, {"asset_id": "29809993680420121829041521802470759704351204111817325020401851092919600935989", "price": "0.98", "size": "937.57", "side": "SELL", "hash": "9408d580af86902e2173cd1465ebaafca9694af1", "best_bid": "0.04", "best_ask": "0.93"}], "timestamp": "1769384218351", "event_type": "price_change"}}
{"_local_timestamp": "2026-01-25T23:36:58.466054+00:00", "data": {"market": "0x23b9f464813a604d156b9c39ff5c37853019ede568d57becdf5c439b45628dc4", "price_changes": [{"asset_id": "85837250814074077539211908285417961683753530308174982617161094927667394156047", "price": "0.02", "size": "896.57", "side": "BUY", "hash": "b5f2375b498d0db2bfeb0f915a309aa2bc41d333", "best_bid": "0.28", "best_ask": "0.95"}, {"asset_id": "30536826496310177750894097825596262849854437565863241298303820464255967660406", "price": "0.98", "size": "896.57", "side": "SELL", "hash": "c1615a6330a764ed462627d8226f820f78fcf044", "best_bid": "0.05", "best_ask": "0.72"}], "timestamp": "1769384218381", "event_type": "price_change"}}
{"_local_timestamp": "2026-01-25T23:36:58.466593+00:00", "data": {"market": "0x23b9f464813a604d156b9c39ff5c37853019ede568d57becdf5c439b45628dc4", "price_changes": [{"asset_id": "85837250814074077539211908285417961683753530308174982617161094927667394156047", "price": "0.01", "size": "11332.83", "side": "BUY", "hash": "1b26ba51ed8b991e5cb297e37ca23233b99844a6", "best_bid": "0.28", "best_ask": "0.95"}, {"asset_id": "30536826496310177750894097825596262849854437565863241298303820464255967660406", "price": "0.99", "size": "11332.83", "side": "SELL", "hash": "ae5d4260a07868d627091deddd7ac2d3a52cc821", "best_bid": "0.05", "best_ask": "0.72"}], "timestamp": "1769384218382", "event_type": "price_change"}}
{"_local_timestamp": "2026-01-25T23:37:07.524252+00:00", "data": {"market": "0xc59e05f66a6acaaeddf42ecc60109a5b29a7bebb68ae9d40312ec25ea8000287", "price_changes": [{"asset_id": "65249763713921911106800536792587915720039618349865339649776218927242924336631", "price": "0.02", "size": "4614.05", "side": "BUY", "hash": "1a4ee67a42270b81875fd1ab4d6844c6cae65ac9", "best_bid": "0.22", "best_ask": "0.36"}, {"asset_id": "89135499517478225626457875899535430584955245079575176312396543173022239218395", "price": "0.98", "size": "4614.05", "side": "SELL", "hash": "284b37906aa266e7dd858baf457e0bfa649bef0f", "best_bid": "0.64", "best_ask": "0.78"}], "timestamp": "1769384227456", "event_type": "price_change"}}
{"_local_timestamp": "2026-01-25T23:37:56.283882+00:00", "data": {"market": "0x2401a3354060ac23b5062944956a3ea95a21ad155ee141dca22b77b5069cead5", "price_changes": [{"asset_id": "92426077490069247283959754958996210946507815057942602898525691466790118944540", "price": "0.28", "size": "50", "side": "BUY", "hash": "461efefa043cfe9a1b29d18829d537def8643f49", "best_bid": "0.28", "best_ask": "0.96"}, {"asset_id": "29809993680420121829041521802470759704351204111817325020401851092919600935989", "price": "0.72", "size": "50", "side": "SELL", "hash": "3ae17b6cc196038fdad145f1065de59e30556b1a", "best_bid": "0.04", "best_ask": "0.72"}], "timestamp": "1769384276214", "event_type": "price_change"}}
{"_local_timestamp": "2026-01-25T23:37:56.551263+00:00", "data": {"market": "0xc59e05f66a6acaaeddf42ecc60109a5b29a7bebb68ae9d40312ec25ea8000287", "price_changes": [{"asset_id": "65249763713921911106800536792587915720039618349865339649776218927242924336631", "price": "0.04", "size": "320.24", "side": "BUY", "hash": "633a67366a4187ad3267830a4c65eea99702666c", "best_bid": "0.22", "best_ask": "0.36"}, {"asset_id": "89135499517478225626457875899535430584955245079575176312396543173022239218395", "price": "0.96", "size": "320.24", "side": "SELL", "hash": "2eda068f0fe8676a4136cf081e411fab91c116fc", "best_bid": "0.64", "best_ask": "0.78"}], "timestamp": "1769384276482", "event_type": "price_change"}}
{"_local_timestamp": "2026-01-25T23:37:56.551706+00:00", "data": {"market": "0x2401a3354060ac23b5062944956a3ea95a21ad155ee141dca22b77b5069cead5", "price_changes": [{"asset_id": "92426077490069247283959754958996210946507815057942602898525691466790118944540", "price": "0.03", "size": "23", "side": "BUY", "hash": "8ae3dc49cd2a1d13f6ecc56dc26be23c9c164349", "best_bid": "0.28", "best_ask": "0.96"}, {"asset_id": "29809993680420121829041521802470759704351204111817325020401851092919600935989", "price": "0.97", "size": "23", "side": "SELL", "hash": "71ced1a147721f36cd3362ac1d6a3f2a88c468e4", "best_bid": "0.04", "best_ask": "0.72"}], "timestamp": "1769384276482", "event_type": "price_change"}}
{"_local_timestamp": "2026-01-25T23:37:56.552100+00:00", "data": {"market": "0x23b9f464813a604d156b9c39ff5c37853019ede568d57becdf5c439b45628dc4", "price_changes": [{"asset_id": "85837250814074077539211908285417961683753530308174982617161094927667394156047", "price": "0.05", "size": "300", "side": "BUY", "hash": "af35b9f4b109718dfd989acea41098d01f647a66", "best_bid": "0.28", "best_ask": "0.95"}, {"asset_id": "30536826496310177750894097825596262849854437565863241298303820464255967660406", "price": "0.95", "size": "300", "side": "SELL", "hash": "f84a634137f2ba1ef81fad88e783bf80e8ebe181", "best_bid": "0.05", "best_ask": "0.72"}], "timestamp": "1769384276483", "event_type": "price_change"}}
{"_local_timestamp": "2026-01-25T23:37:56.612544+00:00", "data": {"market": "0x23b9f464813a604d156b9c39ff5c37853019ede568d57becdf5c439b45628dc4", "price_changes": [{"asset_id": "85837250814074077539211908285417961683753530308174982617161094927667394156047", "price": "0.05", "size": "1190.11", "side": "BUY", "hash": "10b6b79d40ea707e1563fcdbd9e3d32c42c7cb2c", "best_bid": "0.28", "best_ask": "0.95"}, {"asset_id": "30536826496310177750894097825596262849854437565863241298303820464255967660406", "price": "0.95", "size": "1190.11", "side": "SELL", "hash": "ec18c99a2dad92f7811852c431efb0209ec492ff", "best_bid": "0.05", "best_ask": "0.72"}], "timestamp": "1769384276531", "event_type": "price_change"}}
{"_local_timestamp": "2026-01-25T23:37:56.613019+00:00", "data": {"market": "0x23b9f464813a604d156b9c39ff5c37853019ede568d57becdf5c439b45628dc4", "price_changes": [{"asset_id": "85837250814074077539211908285417961683753530308174982617161094927667394156047", "price": "0.06", "size": "890.11", "side": "BUY", "hash": "c5c28cca8f6329be74c9d05b42717af1c7c5fa5f", "best_bid": "0.28", "best_ask": "0.95"}, {"asset_id": "30536826496310177750894097825596262849854437565863241298303820464255967660406", "price": "0.94", "size": "890.11", "side": "SELL", "hash": "fc64f5f0ee81e511b166e1ab07a22ad172b62915", "best_bid": "0.05", "best_ask": "0.72"}], "timestamp": "1769384276532", "event_type": "price_change"}}
{"_local_timestamp": "2026-01-25T23:37:56.626333+00:00", "data": {"market": "0x23b9f464813a604d156b9c39ff5c37853019ede568d57becdf5c439b45628dc4", "price_changes": [{"asset_id": "85837250814074077539211908285417961683753530308174982617161094927667394156047", "price": "0.04", "size": "5.03", "side": "BUY", "hash": "b24cd042471a4042d032b71a35fdc25ed781fa83", "best_bid": "0.28", "best_ask": "0.95"}, {"asset_id": "30536826496310177750894097825596262849854437565863241298303820464255967660406", "price": "0.96", "size": "5.03", "side": "SELL", "hash": "83e1eb580dd79cdaecc6739114bfd5aa0b0bdf2d", "best_bid": "0.05", "best_ask": "0.72"}], "timestamp": "1769384276560", "event_type": "price_change"}}
{"_local_timestamp": "2026-01-25T23:37:56.626851+00:00", "data": {"market": "0x23b9f464813a604d156b9c39ff5c37853019ede568d57becdf5c439b45628dc4", "price_changes": [{"asset_id": "85837250814074077539211908285417961683753530308174982617161094927667394156047", "price": "0.03", "size": "0", "side": "BUY", "hash": "b24cd042471a4042d032b71a35fdc25ed781fa83", "best_bid": "0.28", "best_ask": "0.95"}, {"asset_id": "30536826496310177750894097825596262849854437565863241298303820464255967660406", "price": "0.97", "size": "0", "side": "SELL", "hash": "83e1eb580dd79cdaecc6739114bfd5aa0b0bdf2d", "best_bid": "0.05", "best_ask": "0.72"}], "timestamp": "1769384276560", "event_type": "price_change"}}
{"_local_timestamp": "2026-01-25T23:37:56.823357+00:00", "data": {"market": "0x23b9f464813a604d156b9c39ff5c37853019ede568d57becdf5c439b45628dc4", "price_changes": [{"asset_id": "85837250814074077539211908285417961683753530308174982617161094927667394156047", "price": "0.07", "size": "1281.04", "side": "BUY", "hash": "622cd5f02f654830337e514a91f73a9a04eb6b50", "best_bid": "0.28", "best_ask": "0.95"}, {"asset_id": "30536826496310177750894097825596262849854437565863241298303820464255967660406", "price": "0.93", "size": "1281.04", "side": "SELL", "hash": "667bc433842f60453c8d95c278e8d0de6b47efb2", "best_bid": "0.05", "best_ask": "0.72"}], "timestamp": "1769384276758", "event_type": "price_change"}}
{"_local_timestamp": "2026-01-25T23:37:56.831527+00:00", "data": {"market": "0x23b9f464813a604d156b9c39ff5c37853019ede568d57becdf5c439b45628dc4", "price_changes": [{"asset_id": "85837250814074077539211908285417961683753530308174982617161094927667394156047", "price": "0.07", "size": "2171.15", "side": "BUY", "hash": "6d946d7f84d90a9af15566a025607687209a287f", "best_bid": "0.28", "best_ask": "0.95"}, {"asset_id": "30536826496310177750894097825596262849854437565863241298303820464255967660406", "price": "0.93", "size": "2171.15", "side": "SELL", "hash": "67af12859cfce960c1435205398528e6863821d9", "best_bid": "0.05", "best_ask": "0.72"}], "timestamp": "1769384276759", "event_type": "price_change"}}
{"_local_timestamp": "2026-01-25T23:37:56.832038+00:00", "data": {"market": "0x23b9f464813a604d156b9c39ff5c37853019ede568d57becdf5c439b45628dc4", "price_changes": [{"asset_id": "85837250814074077539211908285417961683753530308174982617161094927667394156047", "price": "0.07", "size": "4168.26", "side": "BUY", "hash": "b89225e79a8b42af11654d9d93801fcf7206e6c7", "best_bid": "0.28", "best_ask": "0.95"}, {"asset_id": "30536826496310177750894097825596262849854437565863241298303820464255967660406", "price": "0.93", "size": "4168.26", "side": "SELL", "hash": "e3bdba6771c94433bcfd49a5c75247cfe237107d", "best_bid": "0.05", "best_ask": "0.72"}], "timestamp": "1769384276760", "event_type": "price_change"}}
{"_local_timestamp": "2026-01-25T23:38:07.538555+00:00", "data": {"market": "0xc59e05f66a6acaaeddf42ecc60109a5b29a7bebb68ae9d40312ec25ea8000287", "price_changes": [{"asset_id": "65249763713921911106800536792587915720039618349865339649776218927242924336631", "price": "0.02", "size": "4314.05", "side": "BUY", "hash": "bed18795eb5344cbea772aa51779e38ba8532606", "best_bid": "0.22", "best_ask": "0.36"}, {"asset_id": "89135499517478225626457875899535430584955245079575176312396543173022239218395", "price": "0.98", "size": "4314.05", "side": "SELL", "hash": "395e0b7ea71eece6085b861e68cccd5369ed959d", "best_bid": "0.64", "best_ask": "0.78"}], "timestamp": "1769384287470", "event_type": "price_change"}}
{"_local_timestamp": "2026-01-25T23:39:46.273050+00:00", "data": {"market": "0xc59e05f66a6acaaeddf42ecc60109a5b29a7bebb68ae9d40312ec25ea8000287", "price_changes": [{"asset_id": "89135499517478225626457875899535430584955245079575176312396543173022239218395", "price": "0.02", "size": "5607.32", "side": "BUY", "hash": "b7a7d02e7499673d9f2b7405e43409a5653c4d12", "best_bid": "0.64", "best_ask": "0.78"}, {"asset_id": "65249763713921911106800536792587915720039618349865339649776218927242924336631", "price": "0.98", "size": "5607.32", "side": "SELL", "hash": "55955c9e085629ade6483b3afeb6b30f34f8c09b", "best_bid": "0.22", "best_ask": "0.36"}], "timestamp": "1769384386170", "event_type": "price_change"}}
{"_local_timestamp": "2026-01-25T23:39:46.558597+00:00", "data": {"market": "0xc59e05f66a6acaaeddf42ecc60109a5b29a7bebb68ae9d40312ec25ea8000287", "price_changes": [{"asset_id": "89135499517478225626457875899535430584955245079575176312396543173022239218395", "price": "0.03", "size": "1301.74", "side": "BUY", "hash": "a1b13b3329520954480a4fdd11b4a27660cf4ec5", "best_bid": "0.64", "best_ask": "0.78"}, {"asset_id": "65249763713921911106800536792587915720039618349865339649776218927242924336631", "price": "0.97", "size": "1301.74", "side": "SELL", "hash": "39188bc5f58f1078bd6f90c4d9eebab4238b213a", "best_bid": "0.22", "best_ask": "0.36"}], "timestamp": "1769384386492", "event_type": "price_change"}}
{"_local_timestamp": "2026-01-25T23:39:46.564098+00:00", "data": {"market": "0xc59e05f66a6acaaeddf42ecc60109a5b29a7bebb68ae9d40312ec25ea8000287", "price_changes": [{"asset_id": "89135499517478225626457875899535430584955245079575176312396543173022239218395", "price": "0.03", "size": "2191.85", "side": "BUY", "hash": "76adcb5b1a9f9567199a26bba3b055cd2d15a037", "best_bid": "0.64", "best_ask": "0.78"}, {"asset_id": "65249763713921911106800536792587915720039618349865339649776218927242924336631", "price": "0.97", "size": "2191.85", "side": "SELL", "hash": "62442237947761847c7cecd3e0e5bc767f6e4dc5", "best_bid": "0.22", "best_ask": "0.36"}], "timestamp": "1769384386496", "event_type": "price_change"}}
{"_local_timestamp": "2026-01-25T23:39:46.564649+00:00", "data": {"market": "0xc59e05f66a6acaaeddf42ecc60109a5b29a7bebb68ae9d40312ec25ea8000287", "price_changes": [{"asset_id": "89135499517478225626457875899535430584955245079575176312396543173022239218395", "price": "0.03", "size": "4188.96", "side": "BUY", "hash": "3a134f9e3b004cbb69eb7cfd429351ba4b167e58", "best_bid": "0.64", "best_ask": "0.78"}, {"asset_id": "65249763713921911106800536792587915720039618349865339649776218927242924336631", "price": "0.97", "size": "4188.96", "side": "SELL", "hash": "f297e33ea7d0efa4fa2bb3b5283c65f0182f67b9", "best_bid": "0.22", "best_ask": "0.36"}], "timestamp": "1769384386499", "event_type": "price_change"}}
{"_local_timestamp": "2026-01-25T23:39:51.074631+00:00", "data": {"market": "0x96933d51a0f93177040c7572e5b4ae6ca5495cd93a08418af55ade18a8848270", "price_changes": [{"asset_id": "85780962061969591778896600914417302208590704743957949859712992465360382739692", "price": "0.28", "size": "0", "side": "BUY", "hash": "59963a150d44d66134f252817cd7ee826df38c9c", "best_bid": "0.08", "best_ask": "0.93"}, {"asset_id": "62678107738722867666510553584045721012525979989359682908746275707554312623850", "price": "0.72", "size": "0", "side": "SELL", "hash": "347c459c977d79d612117d69252ff45a8815a533", "best_bid": "0.07", "best_ask": "0.92"}], "timestamp": "1769384391001", "event_type": "price_change"}}
{"_local_timestamp": "2026-01-25T23:39:56.090756+00:00", "data": {"market": "0x23b9f464813a604d156b9c39ff5c37853019ede568d57becdf5c439b45628dc4", "price_changes": [{"asset_id": "85837250814074077539211908285417961683753530308174982617161094927667394156047", "price": "0.28", "size": "0", "side": "BUY", "hash": "2bfb959cb8555a7c5215355f697260c0955b5cd7", "best_bid": "0.08", "best_ask": "0.95"}, {"asset_id": "30536826496310177750894097825596262849854437565863241298303820464255967660406", "price": "0.72", "size": "0", "side": "SELL", "hash": "146c704d62d317eee5f72d491a94adb441d394db", "best_bid": "0.05", "best_ask": "0.92"}], "timestamp": "1769384396002", "event_type": "price_change"}}
{"_local_timestamp": "2026-01-25T23:39:56.153687+00:00", "data": {"market": "0x23b9f464813a604d156b9c39ff5c37853019ede568d57becdf5c439b45628dc4", "price_changes": [{"asset_id": "85837250814074077539211908285417961683753530308174982617161094927667394156047", "price": "0.07", "size": "10.94", "side": "BUY", "hash": "31a0b18675311648bf5d1f4b1b8963917069bafc", "best_bid": "0.08", "best_ask": "0.95"}, {"asset_id": "30536826496310177750894097825596262849854437565863241298303820464255967660406", "price": "0.93", "size": "10.94", "side": "SELL", "hash": "d5e6fd4223628e4f980c0e810b972dc0dd175e0e", "best_bid": "0.05", "best_ask": "0.92"}], "timestamp": "1769384396066", "event_type": "price_change"}}
{"_local_timestamp": "2026-01-25T23:39:56.154330+00:00", "data": {"market": "0x23b9f464813a604d156b9c39ff5c37853019ede568d57becdf5c439b45628dc4", "price_changes": [{"asset_id": "85837250814074077539211908285417961683753530308174982617161094927667394156047", "price": "0.02", "size": "6.46", "side": "BUY", "hash": "31a0b18675311648bf5d1f4b1b8963917069bafc", "best_bid": "0.08", "best_ask": "0.95"}, {"asset_id": "30536826496310177750894097825596262849854437565863241298303820464255967660406", "price": "0.98", "size": "6.46", "side": "SELL", "hash": "d5e6fd4223628e4f980c0e810b972dc0dd175e0e", "best_bid": "0.05", "best_ask": "0.92"}], "timestamp": "1769384396066", "event_type": "price_change"}}
{"_local_timestamp": "2026-01-25T23:39:56.154850+00:00", "data": {"market": "0x23b9f464813a604d156b9c39ff5c37853019ede568d57becdf5c439b45628dc4", "price_changes": [{"asset_id": "85837250814074077539211908285417961683753530308174982617161094927667394156047", "price": "0.01", "size": "10442.72", "side": "BUY", "hash": "31a0b18675311648bf5d1f4b1b8963917069bafc", "best_bid": "0.08", "best_ask": "0.95"}, {"asset_id": "30536826496310177750894097825596262849854437565863241298303820464255967660406", "price": "0.99", "size": "10442.72", "side": "SELL", "hash": "d5e6fd4223628e4f980c0e810b972dc0dd175e0e", "best_bid": "0.05", "best_ask": "0.92"}], "timestamp": "1769384396066", "event_type": "price_change"}}
{"_local_timestamp": "2026-01-25T23:39:56.687425+00:00", "data": {"market": "0xc59e05f66a6acaaeddf42ecc60109a5b29a7bebb68ae9d40312ec25ea8000287", "price_changes": [{"asset_id": "89135499517478225626457875899535430584955245079575176312396543173022239218395", "price": "0.02", "size": "5307.32", "side": "BUY", "hash": "e0a450b16c69d1df86d8a8dbe37914d097118531", "best_bid": "0.64", "best_ask": "0.78"}, {"asset_id": "65249763713921911106800536792587915720039618349865339649776218927242924336631", "price": "0.98", "size": "5307.32", "side": "SELL", "hash": "772df77ca18e8ec47e6d62de9d5eebdc1621c61f", "best_bid": "0.22", "best_ask": "0.36"}], "timestamp": "1769384396618", "event_type": "price_change"}}
{"_local_timestamp": "2026-01-25T23:39:56.850624+00:00", "data": {"market": "0xc59e05f66a6acaaeddf42ecc60109a5b29a7bebb68ae9d40312ec25ea8000287", "price_changes": [{"asset_id": "89135499517478225626457875899535430584955245079575176312396543173022239218395", "price": "0.02", "size": "1150", "side": "BUY", "hash": "93722b4692eb545e1bc61d109e754a89d538a733", "best_bid": "0.64", "best_ask": "0.78"}, {"asset_id": "65249763713921911106800536792587915720039618349865339649776218927242924336631", "price": "0.98", "size": "1150", "side": "SELL", "hash": "60a6abcb3f033903b19a46cd7f2a56c4e170dff0", "best_bid": "0.22", "best_ask": "0.36"}], "timestamp": "1769384396724", "event_type": "price_change"}}
{"_local_timestamp": "2026-01-25T23:39:56.969626+00:00", "data": {"market": "0xc59e05f66a6acaaeddf42ecc60109a5b29a7bebb68ae9d40312ec25ea8000287", "price_changes": [{"asset_id": "89135499517478225626457875899535430584955245079575176312396543173022239218395", "price": "0.03", "size": "4488.96", "side": "BUY", "hash": "78baeb067bf2b28edd308a8ba3f52978d2c376b9", "best_bid": "0.64", "best_ask": "0.78"}, {"asset_id": "65249763713921911106800536792587915720039618349865339649776218927242924336631", "price": "0.97", "size": "4488.96", "side": "SELL", "hash": "d4995e5d95731e188d0b48eaac471dc30ca8de29", "best_bid": "0.22", "best_ask": "0.36"}], "timestamp": "1769384396845", "event_type": "price_change"}}
