{"_local_timestamp": "2026-01-25T23:41:29.060975+00:00", "data": [{"market": "0xcf3bdf479e31addf0d920776325a8759c37e977d8ccd16d84bb8a7c9b319f5b4", "asset_id": "79800804285394431406313674956566735663577258418418362056340026872565628701860", "timestamp": "1769384488124", "hash": "58ea6c9202770b40c3f568f13053e0ac4555b7c3", "bids": [{"price": "0.01", "size": "8389.4"}, {"price": "0.02", "size": "1800"}, {"price": "0.03", "size": "9.19"}, {"price": "0.07", "size": "1500"}, {"price": "0.08", "size": "4157.32"}, {"price": "0.09", "size": "300"}, {"price": "0.15", "size": "300"}, {"price": "0.17", "size": "1090.11"}, {"price": "0.18", "size": "890.11"}, {"price": "0.19", "size": "125"}, {"price": "0.2", "size": "75"}, {"price": "0.24", "size": "10"}, {"price": "0.33", "size": "50"}, {"price": "0.37", "size": "150"}, {"price": "0.38", "size": "31"}], "asks": [{"price": "0.99", "size": "8789.27"}, {"price": "0.98", "size": "1800"}, {"price": "0.97", "size": "9.51"}, {"price": "0.93", "size": "1500"}, {"price": "0.92", "size": "4564.98"}, {"price": "0.88", "size": "300"}, {"price": "0.87", "size": "4157.32"}, {"price": "0.86", "size": "200"}, {"price": "0.78", "size": "300"}, {"price": "0.76", "size": "1090.11"}, {"price": "0.75", "size": "890.11"}, {"price": "0.74", "size": "125"}, {"price": "0.73", "size": "62"}, {"price": "0.72", "size": "75"}, {"price": "0.5", "size": "10"}, {"price": "0.48", "size": "50"}, {"price": "0.46", "size": "169"}], "event_type": "book", "last_trade_price": "0.540"}, {"market": "0xcf3bdf479e31addf0d920776325a8759c37e977d8ccd16d84bb8a7c9b319f5b4", "asset_id": "19423897484252245381031724860563835455358662770351298411785241621776824540110", "timestamp": "1769384488124", "hash": "79773f97a11775c38810c265f495487e4409446f", "bids": [{"price": "0.01", "size": "8789.27"}, {"price": "0.02", "size": "1800"}, {"price": "0.03", "size": "9.51"}, {"price": "0.07", "size": "1500"}, {"price": "0.08", "size": "4564.98"}, {"price": "0.12", "size": "300"}, {"price": "0.13", "size": "4157.32"}, {"price": "0.14", "size": "200"}, {"price": "0.22", "size": "300"}, {"price": "0.24", "size": "1090.11"}, {"price": "0.25", "size": "890.11"}, {"price": "0.26", "size": "125"}, {"price": "0.27", "size": "62"}, {"price": "0.28", "size": "75"}, {"price": "0.5", "size": "10"}, {"price": "0.52", "size": "50"}, {"price": "0.54", "size": "169"}], "asks": [{"price": "0.99", "size": "8389.4"}, {"price": "0.98", "size": "1800"}, {"price": "0.97", "size": "9.19"}, {"price": "0.93", "size": "1500"}, {"price": "0.92", "size": "4157.32"}, {"price": "0.91", "size": "300"}, {"price": "0.85", "size": "300"}, {"price": "0.83", "size": "1090.11"}, {"price": "0.82", "size": "890.11"}, {"price": "0.81", "size": "125"}, {"price": "0.8", "size": "75"}, {"price": "0.76", "size": "10"}, {"price": "0.67", "size": "50"}, {"price": "0.63", "size": "150"}, {"price": "0.62", "size": "31"}], "event_type": "book", "last_trade_price": "0.540"}]}
{"_local_timestamp": "2026-01-25T23:41:33.499430+00:00", "data": {"market": "0xcf3bdf479e31addf0d920776325a8759c37e977d8ccd16d84bb8a7c9b319f5b4", "price_changes": [{"asset_id": "19423897484252245381031724860563835455358662770351298411785241621776824540110", "price": "0.12", "size": "200", "side": "BUY", "hash": "7476c736fea69bc276c0d999077a1b699c7c5530", "best_bid": "0.54", "best_ask": "0.62"}, {"asset_id": "79800804285394431406313674956566735663577258418418362056340026872565628701860", "price": "0.88", "size": "200", "side": "SELL", "hash": "bd20ff18a6b2ac38c1932d0e481680e611e98d5f", "best_bid": "0.38", "best_ask": "0.46"}], "timestamp": "1769384493419", "event_type": "price_change"}}
{"_local_timestamp": "2026-01-25T23:41:33.576191+00:00", "data": {"market": "0xcf3bdf479e31addf0d920776325a8759c37e977d8ccd16d84bb8a7c9b319f5b4", "price_changes": [{"asset_id": "19423897484252245381031724860563835455358662770351298411785241621776824540110", "price": "0.13", "size": "0", "side": "BUY", "hash": "17275409fdf3a5186ea6de215731ed9f8484ba99", "best_bid": "0.54", "best_ask": "0.62"}, {"asset_id": "79800804285394431406313674956566735663577258418418362056340026872565628701860", "price": "0.87", "size": "0", "side": "SELL", "hash": "1452807da67f069076e62fcdd590937506eb8582", "best_bid": "0.38", "best_ask": "0.46"}], "timestamp": "1769384493478", "event_type": "price_change"}}
{"_local_timestamp": "2026-01-25T23:41:33.676300+00:00", "data": {"market": "0xcf3bdf479e31addf0d920776325a8759c37e977d8ccd16d84bb8a7c9b319f5b4", "price_changes": [{"asset_id": "19423897484252245381031724860563835455358662770351298411785241621776824540110", "price": "0.08", "size": "4557.32", "side": "BUY", "hash": "338cffa0626898ed116ac144fd004ad379464966", "best_bid": "0.54", "best_ask": "0.62"}, {"asset_id": "79800804285394431406313674956566735663577258418418362056340026872565628701860", "price": "0.92", "size": "4557.32", "side": "SELL", "hash": "dc6213af7ca3cf0ddcdbedf28ea35ce816e46fca", "best_bid": "0.38", "best_ask": "0.46"}], "timestamp": "1769384493601", "event_type": "price_change"}}
{"_local_timestamp": "2026-01-25T23:41:33.797071+00:00", "data": {"market": "0xcf3bdf479e31addf0d920776325a8759c37e977d8ccd16d84bb8a7c9b319f5b4", "price_changes": [{"asset_id": "19423897484252245381031724860563835455358662770351298411785241621776824540110", "price": "0.13", "size": "100", "side": "BUY", "hash": "36574e60f2dbec72de16a8bd68fb6499aa232c61", "best_bid": "0.54", "best_ask": "0.62"}, {"asset_id": "79800804285394431406313674956566735663577258418418362056340026872565628701860", "price": "0.87", "size": "100", "side": "SELL", "hash": "6a5c5e26d7cb4bf95d82b072c8fd638e9e71ebe5", "best_bid": "0.38", "best_ask": "0.46"}], "timestamp": "1769384493716", "event_type": "price_change"}}
{"_local_timestamp": "2026-01-25T23:41:33.890757+00:00", "data": {"market": "0xcf3bdf479e31addf0d920776325a8759c37e977d8ccd16d84bb8a7c9b319f5b4", "price_changes": [{"asset_id": "19423897484252245381031724860563835455358662770351298411785241621776824540110", "price": "0.09", "size": "6.81", "side": "BUY", "hash": "ecd432482abd62686b194904979956d3b153ae2b", "best_bid": "0.54", "best_ask": "0.62"}, {"asset_id": "79800804285394431406313674956566735663577258418418362056340026872565628701860", "price": "0.91", "size": "6.81", "side": "SELL", "hash": "6c35830eee0f6135d1144b20b725e5990b88dfbf", "best_bid": "0.38", "best_ask": "0.46"}], "timestamp": "1769384493821", "event_type": "price_change"}}
{"_local_timestamp": "2026-01-25T23:41:42.455922+00:00", "data": {"market": "0xcf3bdf479e31addf0d920776325a8759c37e977d8ccd16d84bb8a7c9b319f5b4", "price_changes": [{"asset_id": "19423897484252245381031724860563835455358662770351298411785241621776824540110", "price": "0.12", "size": "100", "side": "BUY", "hash": "8b5c67da897f86823ea42ff62346e2f6db396684", "best_bid": "0.54", "best_ask": "0.62"}, {"asset_id": "79800804285394431406313674956566735663577258418418362056340026872565628701860", "price": "0.88", "size": "100", "side": "SELL", "hash": "627e81f6e17a46fd30b0d94fbd3894cd84535c05", "best_bid": "0.38", "best_ask": "0.46"}], "timestamp": "1769384502368", "event_type": "price_change"}}
{"_local_timestamp": "2026-01-25T23:41:42.749099+00:00", "data": {"market": "0xcf3bdf479e31addf0d920776325a8759c37e977d8ccd16d84bb8a7c9b319f5b4", "price_changes": [{"asset_id": "19423897484252245381031724860563835455358662770351298411785241621776824540110", "price": "0.13", "size": "200", "side": "BUY", "hash": "8d1f8f37bd58a56f582fdab9e791b5e7a19cd9cd", "best_bid": "0.54", "best_ask": "0.62"}, {"asset_id": "79800804285394431406313674956566735663577258418418362056340026872565628701860", "price": "0.87", "size": "200", "side": "SELL", "hash": "944ebcc17acc3e46a931289e09c6af6a6054d808", "best_bid": "0.38", "best_ask": "0.46"}], "timestamp": "1769384502658", "event_type": "price_change"}}
{"_local_timestamp": "2026-01-25T23:41:44.453978+00:00", "data": {"market": "0xcf3bdf479e31addf0d920776325a8759c37e977d8ccd16d84bb8a7c9b319f5b4", "price_changes": [{"asset_id": "19423897484252245381031724860563835455358662770351298411785241621776824540110", "price": "0.12", "size": "0", "side": "BUY", "hash": "661c74659c5cd841bb72da5626650042cefe592c", "best_bid": "0.54", "best_ask": "0.62"}, {"asset_id": "79800804285394431406313674956566735663577258418418362056340026872565628701860", "price": "0.88", "size": "0", "side": "SELL", "hash": "ad7a7e71686c5ba96d13f691221bc4e3d00618e6", "best_bid": "0.38", "best_ask": "0.46"}], "timestamp": "1769384504381", "event_type": "price_change"}}
{"_local_timestamp": "2026-01-25T23:41:44.769476+00:00", "data": {"market": "0xcf3bdf479e31addf0d920776325a8759c37e977d8ccd16d84bb8a7c9b319f5b4", "price_changes": [{"asset_id": "19423897484252245381031724860563835455358662770351298411785241621776824540110", "price": "0.13", "size": "300", "side": "BUY", "hash": "05b3c59acd83afe4875ef8c169571715ab4528af", "best_bid": "0.54", "best_ask": "0.62"}, {"asset_id": "79800804285394431406313674956566735663577258418418362056340026872565628701860", "price": "0.87", "size": "300", "side": "SELL", "hash": "8c1ee7d799431daee061f7893447811f714e241a", "best_bid": "0.38", "best_ask": "0.46"}], "timestamp": "1769384504696", "event_type": "price_change"}}
{"_local_timestamp": "2026-01-25T23:41:59.956437+00:00", "data": {"market": "0xcf3bdf479e31addf0d920776325a8759c37e977d8ccd16d84bb8a7c9b319f5b4", "price_changes": [{"asset_id": "19423897484252245381031724860563835455358662770351298411785241621776824540110", "price": "0.13", "size": "200", "side": "BUY", "hash": "b70bbfefb17d08797024e90f1331c5e93dfe639f", "best_bid": "0.54", "best_ask": "0.62"}, {"asset_id": "79800804285394431406313674956566735663577258418418362056340026872565628701860", "price": "0.87", "size": "200", "side": "SELL", "hash": "e7c948632b14c4d5f1c18638aa31a6838c43f881", "best_bid": "0.38", "best_ask": "0.46"}], "timestamp": "1769384519879", "event_type": "price_change"}}
{"_local_timestamp": "2026-01-25T23:42:00.236569+00:00", "data": {"market": "0xcf3bdf479e31addf0d920776325a8759c37e977d8ccd16d84bb8a7c9b319f5b4", "price_changes": [{"asset_id": "19423897484252245381031724860563835455358662770351298411785241621776824540110", "price": "0.08", "size": "4657.32", "side": "BUY", "hash": "6914e8f03033330c68dc121e411f3cf8f530b79c", "best_bid": "0.54", "best_ask": "0.62"}, {"asset_id": "79800804285394431406313674956566735663577258418418362056340026872565628701860", "price": "0.92", "size": "4657.32", "side": "SELL", "hash": "e618ac2b86ac7f889aad0b3a86c1f1c08e400d1c", "best_bid": "0.38", "best_ask": "0.46"}], "timestamp": "1769384520156", "event_type": "price_change"}}
{"_local_timestamp": "2026-01-25T23:42:10.137116+00:00", "data": {"market": "0xcf3bdf479e31addf0d920776325a8759c37e977d8ccd16d84bb8a7c9b319f5b4", "price_changes": [{"asset_id": "19423897484252245381031724860563835455358662770351298411785241621776824540110", "price": "0.13", "size": "100", "side": "BUY", "hash": "00163d6ee79187f663a4ba98c3cddc80439225a5", "best_bid": "0.54", "best_ask": "0.62"}, {"asset_id": "79800804285394431406313674956566735663577258418418362056340026872565628701860", "price": "0.87", "size": "100", "side": "SELL", "hash": "19a6983a0588882f0b84de2fbf6f0a454f07f35f", "best_bid": "0.38", "best_ask": "0.46"}], "timestamp": "1769384530031", "event_type": "price_change"}}
{"_local_timestamp": "2026-01-25T23:42:10.401086+00:00", "data": {"market": "0xcf3bdf479e31addf0d920776325a8759c37e977d8ccd16d84bb8a7c9b319f5b4", "price_changes": [{"asset_id": "19423897484252245381031724860563835455358662770351298411785241621776824540110", "price": "0.08", "size": "4757.32", "side": "BUY", "hash": "84480a563fde588c278f61c0a29345abe2256d7a", "best_bid": "0.54", "best_ask": "0.62"}, {"asset_id": "79800804285394431406313674956566735663577258418418362056340026872565628701860", "price": "0.92", "size": "4757.32", "side": "SELL", "hash": "6d9b3cdd0455c38d5eab83d86fd4109f807855c1", "best_bid": "0.38", "best_ask": "0.46"}], "timestamp": "1769384530334", "event_type": "price_change"}}
{"_local_timestamp": "2026-01-25T23:42:10.495119+00:00", "data": {"market": "0xcf3bdf479e31addf0d920776325a8759c37e977d8ccd16d84bb8a7c9b319f5b4", "price_changes": [{"asset_id": "19423897484252245381031724860563835455358662770351298411785241621776824540110", "price": "0.09", "size": "2003.92", "side": "BUY", "hash": "66fb90c15296cde628b64d3066abbc79af1be860", "best_bid": "0.54", "best_ask": "0.62"}, {"asset_id": "79800804285394431406313674956566735663577258418418362056340026872565628701860", "price": "0.91", "size": "2003.92", "side": "SELL", "hash": "ca9e7e29052d5ddd4ff0ae1a218c0c0e0da3e171", "best_bid": "0.38", "best_ask": "0.46"}], "timestamp": "1769384530416", "event_type": "price_change"}}
{"_local_timestamp": "2026-01-25T23:42:10.495988+00:00", "data": {"market": "0xcf3bdf479e31addf0d920776325a8759c37e977d8ccd16d84bb8a7c9b319f5b4", "price_changes": [{"asset_id": "19423897484252245381031724860563835455358662770351298411785241621776824540110", "price": "0.09", "size": "3274.02", "side": "BUY", "hash": "3a587865c871ef541a4d24af36e89b174f7e5848", "best_bid": "0.54", "best_ask": "0.62"}, {"asset_id": "79800804285394431406313674956566735663577258418418362056340026872565628701860", "price": "0.91", "size": "3274.02", "side": "SELL", "hash": "0b867e1e6ad7c5d4d6238c3d2cbfa4ebbab5196b", "best_bid": "0.38", "best_ask": "0.46"}], "timestamp": "1769384530417", "event_type": "price_change"}}
{"_local_timestamp": "2026-01-25T23:42:10.503445+00:00", "data": {"market": "0xcf3bdf479e31addf0d920776325a8759c37e977d8ccd16d84bb8a7c9b319f5b4", "price_changes": [{"asset_id": "19423897484252245381031724860563835455358662770351298411785241621776824540110", "price": "0.09", "size": "4164.13", "side": "BUY", "hash": "d26bc1e0169fc84ebeee7c4af1d739719ee9b3b9", "best_bid": "0.54", "best_ask": "0.62"}, {"asset_id": "79800804285394431406313674956566735663577258418418362056340026872565628701860", "price": "0.91", "size": "4164.13", "side": "SELL", "hash": "9602d1fb64057fe008bfe5e9b3ec6949f763fc25", "best_bid": "0.38", "best_ask": "0.46"}], "timestamp": "1769384530418", "event_type": "price_change"}}
{"_local_timestamp": "2026-01-25T23:42:13.599053+00:00", "data": {"market": "0xcf3bdf479e31addf0d920776325a8759c37e977d8ccd16d84bb8a7c9b319f5b4", "price_changes": [{"asset_id": "19423897484252245381031724860563835455358662770351298411785241621776824540110", "price": "0.13", "size": "0", "side": "BUY", "hash": "efa575d5c3037dae4126943a7e33fbcc221a0a8a", "best_bid": "0.54", "best_ask": "0.62"}, {"asset_id": "79800804285394431406313674956566735663577258418418362056340026872565628701860", "price": "0.87", "size": "0", "side": "SELL", "hash": "fa5b5b2f17dbab94e782b63a8f34a8b1b06eb1c9", "best_bid": "0.38", "best_ask": "0.46"}], "timestamp": "1769384533511", "event_type": "price_change"}}
{"_local_timestamp": "2026-01-25T23:42:13.644179+00:00", "data": {"market": "0xcf3bdf479e31addf0d920776325a8759c37e977d8ccd16d84bb8a7c9b319f5b4", "price_changes": [{"asset_id": "19423897484252245381031724860563835455358662770351298411785241621776824540110", "price": "0.08", "size": "600", "side": "BUY", "hash": "628f046db8f1c78599c5e0ec346ecf43966fe242", "best_bid": "0.54", "best_ask": "0.62"}, {"asset_id": "79800804285394431406313674956566735663577258418418362056340026872565628701860", "price": "0.92", "size": "600", "side": "SELL", "hash": "c52be68b56b8235ffc487ce8d0358bd9ff88e612", "best_bid": "0.38", "best_ask": "0.46"}], "timestamp": "1769384533574", "event_type": "price_change"}}
{"_local_timestamp": "2026-01-25T23:42:13.856934+00:00", "data": {"market": "0xcf3bdf479e31addf0d920776325a8759c37e977d8ccd16d84bb8a7c9b319f5b4", "price_changes": [{"asset_id": "19423897484252245381031724860563835455358662770351298411785241621776824540110", "price": "0.08", "size": "700", "side": "BUY", "hash": "904fa9854678671010940490eb0d1eb15875cf8c", "best_bid": "0.54", "best_ask": "0.62"}, {"asset_id": "79800804285394431406313674956566735663577258418418362056340026872565628701860", "price": "0.92", "size": "700", "side": "SELL", "hash": "ad316925b0e5c2bad0a374ff9923d3754b088f1d", "best_bid": "0.38", "best_ask": "0.46"}], "timestamp": "1769384533787", "event_type": "price_change"}}
{"_local_timestamp": "2026-01-25T23:42:34.046775+00:00", "data": {"market": "0xcf3bdf479e31addf0d920776325a8759c37e977d8ccd16d84bb8a7c9b319f5b4", "price_changes": [{"asset_id": "19423897484252245381031724860563835455358662770351298411785241621776824540110", "price": "0.08", "size": "300", "side": "BUY", "hash": "78ba73a5b2fd7b1f3904cae838f877e40a478cef", "best_bid": "0.54", "best_ask": "0.62"}, {"asset_id": "79800804285394431406313674956566735663577258418418362056340026872565628701860", "price": "0.92", "size": "300", "side": "SELL", "hash": "639fb6a7b487482199fa0507454a0793cd98fd0f", "best_bid": "0.38", "best_ask": "0.46"}], "timestamp": "1769384553930", "event_type": "price_change"}}
{"_local_timestamp": "2026-01-25T23:42:34.198518+00:00", "data": {"market": "0xcf3bdf479e31addf0d920776325a8759c37e977d8ccd16d84bb8a7c9b319f5b4", "price_changes": [{"asset_id": "19423897484252245381031724860563835455358662770351298411785241621776824540110", "price": "0.08", "size": "1570.1", "side": "BUY", "hash": "5d8aa19c6799c90d5396eba29298132b6c43416a", "best_bid": "0.54", "best_ask": "0.62"}, {"asset_id": "79800804285394431406313674956566735663577258418418362056340026872565628701860", "price": "0.92", "size": "1570.1", "side": "SELL", "hash": "27d53d7bf8e27d590b2869a09f0a015df7650ecb", "best_bid": "0.38", "best_ask": "0.46"}], "timestamp": "1769384554087", "event_type": "price_change"}}
{"_local_timestamp": "2026-01-25T23:42:34.207453+00:00", "data": {"market": "0xcf3bdf479e31addf0d920776325a8759c37e977d8ccd16d84bb8a7c9b319f5b4", "price_changes": [{"asset_id": "19423897484252245381031724860563835455358662770351298411785241621776824540110", "price": "0.08", "size": "3567.21", "side": "BUY", "hash": "a16fa606e3b61241de22b014aea19c0f69fd60da", "best_bid": "0.54", "best_ask": "0.62"}, {"asset_id": "79800804285394431406313674956566735663577258418418362056340026872565628701860", "price": "0.92", "size": "3567.21", "side": "SELL", "hash": "86661bb82c76c69f152af59499fce4bfbf5469ba", "best_bid": "0.38", "best_ask": "0.46"}], "timestamp": "1769384554088", "event_type": "price_change"}}
{"_local_timestamp": "2026-01-25T23:42:34.208280+00:00", "data": {"market": "0xcf3bdf479e31addf0d920776325a8759c37e977d8ccd16d84bb8a7c9b319f5b4", "price_changes": [{"asset_id": "19423897484252245381031724860563835455358662770351298411785241621776824540110", "price": "0.08", "size": "4457.32", "side": "BUY", "hash": "b465b586f8119c0813958972b822e4d43d09118e", "best_bid": "0.54", "best_ask": "0.62"}, {"asset_id": "79800804285394431406313674956566735663577258418418362056340026872565628701860", "price": "0.92", "size": "4457.32", "side": "SELL", "hash": "cac4ead7928b4a175379c5418dcfdeeabbb41660", "best_bid": "0.38", "best_ask": "0.46"}], "timestamp": "1769384554089", "event_type": "price_change"}}
{"_local_timestamp": "2026-01-25T23:42:34.322355+00:00", "data": {"market": "0xcf3bdf479e31addf0d920776325a8759c37e977d8ccd16d84bb8a7c9b319f5b4", "price_changes": [{"asset_id": "19423897484252245381031724860563835455358662770351298411785241621776824540110", "price": "0.09", "size": "4564.13", "side": "BUY", "hash": "f5c2a2287b06ec89af69e78686d4b1aa4b8d8a9c", "best_bid": "0.54", "best_ask": "0.62"}, {"asset_id": "79800804285394431406313674956566735663577258418418362056340026872565628701860", "price": "0.91", "size": "4564.13", "side": "SELL", "hash": "3b7cb1d5ebf02717900cd907709fc05d7e27522a", "best_bid": "0.38", "best_ask": "0.46"}], "timestamp": "1769384554203", "event_type": "price_change"}}
{"_local_timestamp": "2026-01-25T23:42:41.417965+00:00", "data": {"market": "0xcf3bdf479e31addf0d920776325a8759c37e977d8ccd16d84bb8a7c9b319f5b4", "price_changes": [{"asset_id": "19423897484252245381031724860563835455358662770351298411785241621776824540110", "price": "0.08", "size": "4357.32", "side": "BUY", "hash": "6cac8ebd474e00c09c0464735d540fd6a0def297", "best_bid": "0.54", "best_ask": "0.62"}, {"asset_id": "79800804285394431406313674956566735663577258418418362056340026872565628701860", "price": "0.92", "size": "4357.32", "side": "SELL", "hash": "11a272feb5f9e54ea97ee8ec65864d5f85085ca6", "best_bid": "0.38", "best_ask": "0.46"}], "timestamp": "1769384561295", "event_type": "price_change"}}
{"_local_timestamp": "2026-01-25T23:42:41.578540+00:00", "data": {"market": "0xcf3bdf479e31addf0d920776325a8759c37e977d8ccd16d84bb8a7c9b319f5b4", "price_changes": [{"asset_id": "19423897484252245381031724860563835455358662770351298411785241621776824540110", "price": "0.09", "size": "2403.92", "side": "BUY", "hash": "865518f9a2f691bdae55deb076952d6ddb120ea2", "best_bid": "0.54", "best_ask": "0.62"}, {"asset_id": "79800804285394431406313674956566735663577258418418362056340026872565628701860", "price": "0.91", "size": "2403.92", "side": "SELL", "hash": "96fb172f4346a6e4271519ceb3687477c15f44c4", "best_bid": "0.38", "best_ask": "0.46"}], "timestamp": "1769384561456", "event_type": "price_change"}}
{"_local_timestamp": "2026-01-25T23:42:41.674080+00:00", "data": {"market": "0xcf3bdf479e31addf0d920776325a8759c37e977d8ccd16d84bb8a7c9b319f5b4", "price_changes": [{"asset_id": "19423897484252245381031724860563835455358662770351298411785241621776824540110", "price": "0.09", "size": "406.81", "side": "BUY", "hash": "d62194dbd9565bb31dcd002353975ec7e8376c91", "best_bid": "0.54", "best_ask": "0.62"}, {"asset_id": "79800804285394431406313674956566735663577258418418362056340026872565628701860", "price": "0.91", "size": "406.81", "side": "SELL", "hash": "63265dcc2e2fcbcb322919687f137dff438d8b95", "best_bid": "0.38", "best_ask": "0.46"}], "timestamp": "1769384561545", "event_type": "price_change"}}
{"_local_timestamp": "2026-01-25T23:42:41.697444+00:00", "data": {"market": "0xcf3bdf479e31addf0d920776325a8759c37e977d8ccd16d84bb8a7c9b319f5b4", "price_changes": [{"asset_id": "19423897484252245381031724860563835455358662770351298411785241621776824540110", "price": "0.1", "size": "890.11", "side": "BUY", "hash": "41957bbca9069f2ae1c37034527a363ce2bf3eeb", "best_bid": "0.54", "best_ask": "0.62"}, {"asset_id": "79800804285394431406313674956566735663577258418418362056340026872565628701860", "price": "0.9", "size": "890.11", "side": "SELL", "hash": "cf199d0b2323eae3ae3d16ca8bf389f8f4d3bf79", "best_bid": "0.38", "best_ask": "0.46"}], "timestamp": "1769384561573", "event_type": "price_change"}}
{"_local_timestamp": "2026-01-25T23:42:41.698264+00:00", "data": {"market": "0xcf3bdf479e31addf0d920776325a8759c37e977d8ccd16d84bb8a7c9b319f5b4", "price_changes": [{"asset_id": "19423897484252245381031724860563835455358662770351298411785241621776824540110", "price": "0.1", "size": "2887.22", "side": "BUY", "hash": "1486c8c6a0e743583dc7d0668b5cb48d9e535337", "best_bid": "0.54", "best_ask": "0.62"}, {"asset_id": "79800804285394431406313674956566735663577258418418362056340026872565628701860", "price": "0.9", "size": "2887.22", "side": "SELL", "hash": "4ffe88a4b8ab11ab67e7e2acd6a31ded6f98bcb4", "best_bid": "0.38", "best_ask": "0.46"}], "timestamp": "1769384561574", "event_type": "price_change"}}
{"_local_timestamp": "2026-01-25T23:42:41.698976+00:00", "data": {"market": "0xcf3bdf479e31addf0d920776325a8759c37e977d8ccd16d84bb8a7c9b319f5b4", "price_changes": [{"asset_id": "19423897484252245381031724860563835455358662770351298411785241621776824540110", "price": "0.1", "size": "4157.32", "side": "BUY", "hash": "57a320ef8cb592b84b89a8fe3434ca17335611b3", "best_bid": "0.54", "best_ask": "0.62"}, {"asset_id": "79800804285394431406313674956566735663577258418418362056340026872565628701860", "price": "0.9", "size": "4157.32", "side": "SELL", "hash": "8150289de2ca6a3f7bcaca965c3ed5e54d1e6a4c", "best_bid": "0.38", "best_ask": "0.46"}], "timestamp": "1769384561574", "event_type": "price_change"}}
{"_local_timestamp": "2026-01-25T23:42:41.760608+00:00", "data": {"market": "0xcf3bdf479e31addf0d920776325a8759c37e977d8ccd16d84bb8a7c9b319f5b4", "price_changes": [{"asset_id": "19423897484252245381031724860563835455358662770351298411785241621776824540110", "price": "0.09", "size": "506.81", "side": "BUY", "hash": "c561055cebe4f6081de5302017480d34d80c0744", "best_bid": "0.54", "best_ask": "0.62"}, {"asset_id": "79800804285394431406313674956566735663577258418418362056340026872565628701860", "price": "0.91", "size": "506.81", "side": "SELL", "hash": "0ec360916931c0701dbdc4bb1254fa8fdfb5d580", "best_bid": "0.38", "best_ask": "0.46"}], "timestamp": "1769384561626", "event_type": "price_change"}}
{"_local_timestamp": "2026-01-25T23:42:42.861475+00:00", "data": {"market": "0xcf3bdf479e31addf0d920776325a8759c37e977d8ccd16d84bb8a7c9b319f5b4", "price_changes": [{"asset_id": "19423897484252245381031724860563835455358662770351298411785241621776824540110", "price": "0.08", "size": "4257.32", "side": "BUY", "hash": "cfd603e5abc61f6dbdb5dddf332b2aace148a9ca", "best_bid": "0.54", "best_ask": "0.62"}, {"asset_id": "79800804285394431406313674956566735663577258418418362056340026872565628701860", "price": "0.92", "size": "4257.32", "side": "SELL", "hash": "7b9c87af7b61118738ec4f6791621f9887c4946f", "best_bid": "0.38", "best_ask": "0.46"}], "timestamp": "1769384562745", "event_type": "price_change"}}
{"_local_timestamp": "2026-01-25T23:42:43.164736+00:00", "data": {"market": "0xcf3bdf479e31addf0d920776325a8759c37e977d8ccd16d84bb8a7c9b319f5b4", "price_changes": [{"asset_id": "19423897484252245381031724860563835455358662770351298411785241621776824540110", "price": "0.09", "size": "606.81", "side": "BUY", "hash": "367e1e06518e148784693fd038b557c06b40997b", "best_bid": "0.54", "best_ask": "0.62"}, {"asset_id": "79800804285394431406313674956566735663577258418418362056340026872565628701860", "price": "0.91", "size": "606.81", "side": "SELL", "hash": "2b676aa8ed8b567fed6fdeb5fbf633cd466c5183", "best_bid": "0.38", "best_ask": "0.46"}], "timestamp": "1769384563037", "event_type": "price_change"}}
{"_local_timestamp": "2026-01-25T23:42:49.441029+00:00", "data": {"market": "0xcf3bdf479e31addf0d920776325a8759c37e977d8ccd16d84bb8a7c9b319f5b4", "price_changes": [{"asset_id": "19423897484252245381031724860563835455358662770351298411785241621776824540110", "price": "0.08", "size": "4157.32", "side": "BUY", "hash": "e351f89841be06cb7cce34db60a2ed9de7447576", "best_bid": "0.54", "best_ask": "0.62"}, {"asset_id": "79800804285394431406313674956566735663577258418418362056340026872565628701860", "price": "0.92", "size": "4157.32", "side": "SELL", "hash": "62a2efda9354664eae06397a0de72c989e08395b", "best_bid": "0.38", "best_ask": "0.46"}], "timestamp": "1769384569331", "event_type": "price_change"}}
{"_local_timestamp": "2026-01-25T23:42:49.497427+00:00", "data": {"market": "0xcf3bdf479e31addf0d920776325a8759c37e977d8ccd16d84bb8a7c9b319f5b4", "price_changes": [{"asset_id": "19423897484252245381031724860563835455358662770351298411785241621776824540110", "price": "0.08", "size": "890.11", "side": "BUY", "hash": "002b9312142b66a60b783fae1ba2bb6d39a40934", "best_bid": "0.54", "best_ask": "0.62"}, {"asset_id": "79800804285394431406313674956566735663577258418418362056340026872565628701860", "price": "0.92", "size": "890.11", "side": "SELL", "hash": "9bdd537d54ed84529d344cc437e0823511d276cb", "best_bid": "0.38", "best_ask": "0.46"}], "timestamp": "1769384569390", "event_type": "price_change"}}
{"_local_timestamp": "2026-01-25T23:42:49.587326+00:00", "data": {"market": "0xcf3bdf479e31addf0d920776325a8759c37e977d8ccd16d84bb8a7c9b319f5b4", "price_changes": [{"asset_id": "19423897484252245381031724860563835455358662770351298411785241621776824540110", "price": "0.08", "size": "0", "side": "BUY", "hash": "0ab6ba030dc1d9388abff38fd9ed9be409117d9f", "best_bid": "0.54", "best_ask": "0.62"}, {"asset_id": "79800804285394431406313674956566735663577258418418362056340026872565628701860", "price": "0.92", "size": "0", "side": "SELL", "hash": "918b26cc770d71fe67c3017e20e63c08eb41f43e", "best_bid": "0.38", "best_ask": "0.46"}], "timestamp": "1769384569480", "event_type": "price_change"}}
{"_local_timestamp": "2026-01-25T23:42:49.705713+00:00", "data": {"market": "0xcf3bdf479e31addf0d920776325a8759c37e977d8ccd16d84bb8a7c9b319f5b4", "price_changes": [{"asset_id": "19423897484252245381031724860563835455358662770351298411785241621776824540110", "price": "0.09", "size": "706.81", "side": "BUY", "hash": "7f6fda441c9e0a0f79a28679c666837b58e8eb3f", "best_bid": "0.54", "best_ask": "0.62"}, {"asset_id": "79800804285394431406313674956566735663577258418418362056340026872565628701860", "price": "0.91", "size": "706.81", "side": "SELL", "hash": "cd9835f8818788269491dcfa714b76e47b5e37bf", "best_bid": "0.38", "best_ask": "0.46"}], "timestamp": "1769384569603", "event_type": "price_change"}}
