{"_local_timestamp": "2026-01-25T23:34:17.693771+00:00", "data": [{"market": "0xe7cc4177dda188e53c12a68f0980f9e65c2da1d1db052fa644730a8b3f0bcd03", "asset_id": "52927397454558269774865819257427902138909806240968087324008306264635792829614", "timestamp": "1769383984021", "hash": "b0fb1cbdbc3bcd7ae993e74e7a584907691e01b1", "bids": [{"price": "0.01", "size": "10451.22"}, {"price": "0.02", "size": "26.15"}, {"price": "0.03", "size": "4157.32"}, {"price": "0.05", "size": "1140.11"}, {"price": "0.06", "size": "895.59"}], "asks": [{"price": "0.99", "size": "4452.11"}, {"price": "0.98", "size": "42.6"}, {"price": "0.94", "size": "1140.11"}, {"price": "0.93", "size": "895.58"}], "event_type": "book", "last_trade_price": ""}, {"market": "0xa73900f5be92f189bcdc4e95e12ef5370f073a821e7b53fa42d582ff6db3bc64", "asset_id": "30422827607912060939662546711659851592890378021165133424668598575047709945947", "timestamp": "1769383973615", "hash": "f94939ec91ed0f7d55dad9061359f11ec27e36dd", "bids": [{"price": "0.01", "size": "11296.85"}, {"price": "0.02", "size": "158.95"}, {"price": "0.03", "size": "11.07"}, {"price": "0.04", "size": "250"}, {"price": "0.05", "size": "11.48"}], "asks": [{"price": "0.99", "size": "11292.83"}, {"price": "0.98", "size": "157.03"}, {"price": "0.97", "size": "12.75"}, {"price": "0.95", "size": "250"}, {"price": "0.94", "size": "22.08"}], "event_type": "book", "last_trade_price": ""}, {"market": "0xe7cc4177dda188e53c12a68f0980f9e65c2da1d1db052fa644730a8b3f0bcd03", "asset_id": "102171366876721057050791868238652308630041284361637789053248354572356826390037", "timestamp": "1769383984021", "hash": "bdd12edcd2137018ee7ac5c3314237f3382c18d8", "bids": [{"price": "0.01", "size": "4452.11"}, {"price": "0.02", "size": "42.6"}, {"price": "0.06", "size": "1140.11"}, {"price": "0.07", "size": "895.58"}], "asks": [{"price": "0.99", "size": "10451.22"}, {"price": "0.98", "size": "26.15"}, {"price": "0.97", "size": "4157.32"}, {"price": "0.95", "size": "1140.11"}, {"price": "0.94", "size": "895.59"}], "event_type": "book", "last_trade_price": ""}, {"market": "0x6f27ccf8c8351bfffc19d67c35542a6938130092161c8ff30f1e5d022a5d2e0d", "asset_id": "1035317294727203920976300096773135594076396474266857425996956668272219929847", "timestamp": "1769383986053", "hash": "bc6eddac155b0cb08ad7a2c5895f2facc6ba306c", "bids": [{"price": "0.01", "size": "2449.22"}, {"price": "0.02", "size": "155.63"}, {"price": "0.03", "size": "13.29"}, {"price": "0.04", "size": "500"}, {"price": "0.05", "size": "1090.11"}, {"price": "0.06", "size": "940.11"}, {"price": "0.07", "size": "48.16"}, {"price": "0.1", "size": "110"}], "asks": [{"price": "0.99", "size": "7089.05"}, {"price": "0.98", "size": "4607.32"}, {"price": "0.97", "size": "30.01"}, {"price": "0.78", "size": "300"}, {"price": "0.76", "size": "1090.11"}, {"price": "0.75", "size": "890.11"}, {"price": "0.74", "size": "125"}, {"price": "0.73", "size": "62"}, {"price": "0.72", "size": "75"}, {"price": "0.5", "size": "10"}, {"price": "0.4", "size": "16"}, {"price": "0.36", "size": "50"}], "event_type": "book", "last_trade_price": "0.760"}, {"market": "0x6f27ccf8c8351bfffc19d67c35542a6938130092161c8ff30f1e5d022a5d2e0d", "asset_id": "13855988018639183690972602500158578956782296621765364023390631012972005564239", "timestamp": "1769383986053", "hash": "84a0d8d7ddcaacb49c1bd205d0b472022e553d87", "bids": [{"price": "0.01", "size": "7089.05"}, {"price": "0.02", "size": "4607.32"}, {"price": "0.03", "size": "30.01"}, {"price": "0.22", "size": "300"}, {"price": "0.24", "size": "1090.11"}, {"price": "0.25", "size": "890.11"}, {"price": "0.26", "size": "125"}, {"price": "0.27", "size": "62"}, {"price": "0.28", "size": "75"}, {"price": "0.5", "size": "10"}, {"price": "0.6", "size": "16"}, {"price": "0.64", "size": "50"}], "asks": [{"price": "0.99", "size": "2449.22"}, {"price": "0.98", "size": "155.63"}, {"price": "0.97", "size": "13.29"}, {"price": "0.96", "size": "500"}, {"price": "0.95", "size": "1090.11"}, {"price": "0.94", "size": "940.11"}, {"price": "0.93", "size": "48.16"}, {"price": "0.9", "size": "110"}], "event_type": "book", "last_trade_price": "0.760"}, {"market": "0x20a41787b08a4e15d8a5338484a65e2ad24d2aa88482e95de48ceb805e474628", "asset_id": "92685607768367988539257555984118969221958741678661633799085005076568069753311", "timestamp": "1769383973524", "hash": "e567ff9aa97dc18d0c5d7905656c566718f60f1a", "bids": [{"price": "0.01", "size": "5342.22"}, {"price": "0.02", "size": "26.15"}, {"price": "0.05", "size": "250"}, {"price": "0.06", "size": "10.95"}], "asks": [{"price": "0.99", "size": "11335.78"}, {"price": "0.98", "size": "45.37"}, {"price": "0.88", "size": "250"}], "event_type": "book", "last_trade_price": ""}, {"market": "0x20a41787b08a4e15d8a5338484a65e2ad24d2aa88482e95de48ceb805e474628", "asset_id": "31177459264163886551177107260746876566090967148325127442344239035332554039132", "timestamp": "1769383973524", "hash": "5c52318d0b39c2f49576e97db4930b513ff41672", "bids": [{"price": "0.01", "size": "11335.78"}, {"price": "0.02", "size": "45.37"}, {"price": "0.12", "size": "250"}], "asks": [{"price": "0.99", "size": "5342.22"}, {"price": "0.98", "size": "26.15"}, {"price": "0.95", "size": "250"}, {"price": "0.94", "size": "10.95"}], "event_type": "book", "last_trade_price": ""}, {"market": "0x8e94326c7b8a8f9c6d08aab3e599e25ae297568717388514179630e41817bc9b", "asset_id": "58767839533061451763220204051113000351985051924479739596571576536740911439737", "timestamp": "1769383798423", "hash": "4ec948345f40c209146fda3b429409beed06f41d", "bids": [{"price": "0.01", "size": "202.04"}, {"price": "0.02", "size": "217.48"}, {"price": "0.03", "size": "18.99"}, {"price": "0.04", "size": "29.99"}], "asks": [{"price": "0.99", "size": "202.09"}, {"price": "0.98", "size": "160.48"}, {"price": "0.97", "size": "99.65"}, {"price": "0.96", "size": "9.25"}, {"price": "0.95", "size": "5.47"}], "event_type": "book", "last_trade_price": ""}, {"market": "0xa73900f5be92f189bcdc4e95e12ef5370f073a821e7b53fa42d582ff6db3bc64", "asset_id": "51914620131418840262040865342832889110462809348841485339102652558332751688125", "timestamp": "1769383973615", "hash": "0dfb265aaa454bd3c9edc47c26c0c1e6a4c64b62", "bids": [{"price": "0.01", "size": "11292.83"}, {"price": "0.02", "size": "157.03"}, {"price": "0.03", "size": "12.75"}, {"price": "0.05", "size": "250"}, {"price": "0.06", "size": "22.08"}], "asks": [{"price": "0.99", "size": "11296.85"}, {"price": "0.98", "size": "158.95"}, {"price": "0.97", "size": "11.07"}, {"price": "0.96", "size": "250"}, {"price": "0.95", "size": "11.48"}], "event_type": "book", "last_trade_price": ""}, {"market": "0x8e94326c7b8a8f9c6d08aab3e599e25ae297568717388514179630e41817bc9b", "asset_id": "24756039539613435118172540238679982808931760036119835655369823215286840219819", "timestamp": "1769383798423", "hash": "e335794e105343e7e9d7e20c8fea519e5842888d", "bids": [{"price": "0.01", "size": "202.09"}, {"price": "0.02", "size": "160.48"}, {"price": "0.03", "size": "99.65"}, {"price": "0.04", "size": "9.25"}, {"price": "0.05", "size": "5.47"}], "asks": [{"price": "0.99", "size": "202.04"}, {"price": "0.98", "size": "217.48"}, {"price": "0.97", "size": "18.99"}, {"price": "0.96", "size": "29.99"}], "event_type": "book", "last_trade_price": ""}]}
{"_local_timestamp": "2026-01-25T23:36:05.785637+00:00", "data": {"market": "0xe7cc4177dda188e53c12a68f0980f9e65c2da1d1db052fa644730a8b3f0bcd03", "price_changes": [{"asset_id": "52927397454558269774865819257427902138909806240968087324008306264635792829614", "price": "0.02", "size": "0", "side": "BUY", "hash": "0cd5aa9f960e1fda53a8b2887fcf5b2b3365cf42", "best_bid": "0.06", "best_ask": "0.93"}, {"asset_id": "102171366876721057050791868238652308630041284361637789053248354572356826390037", "price": "0.98", "size": "0", "side": "SELL", "hash": "d7cc2ccf91504e7d13636b8d54471d612e5dbf67", "best_bid": "0.07", "best_ask": "0.94"}], "timestamp": "1769384165714", "event_type": "price_change"}}
{"_local_timestamp": "2026-01-25T23:36:05.836740+00:00", "data": {"market": "0xe7cc4177dda188e53c12a68f0980f9e65c2da1d1db052fa644730a8b3f0bcd03", "price_changes": [{"asset_id": "52927397454558269774865819257427902138909806240968087324008306264635792829614", "price": "0.03", "size": "0", "side": "BUY", "hash": "afce806d81397f6a9d92150f088dce26c235bf08", "best_bid": "0.06", "best_ask": "0.93"}, {"asset_id": "102171366876721057050791868238652308630041284361637789053248354572356826390037", "price": "0.97", "size": "0", "side": "SELL", "hash": "25d2f9bd8d0c549e3942175700c150e1a4c24263", "best_bid": "0.07", "best_ask": "0.94"}], "timestamp": "1769384165762", "event_type": "price_change"}}
{"_local_timestamp": "2026-01-25T23:36:06.717160+00:00", "data": {"market": "0xe7cc4177dda188e53c12a68f0980f9e65c2da1d1db052fa644730a8b3f0bcd03", "price_changes": [{"asset_id": "52927397454558269774865819257427902138909806240968087324008306264635792829614", "price": "0.02", "size": "26.16", "side": "BUY", "hash": "1cec5c4f618add0f75fbc4ff1acd27deeab9bbfd", "best_bid": "0.06", "best_ask": "0.93"}, {"asset_id": "102171366876721057050791868238652308630041284361637789053248354572356826390037", "price": "0.98", "size": "26.16", "side": "SELL", "hash": "b936c4366a337c12c69201c7a25dfed6768fe7ac", "best_bid": "0.07", "best_ask": "0.94"}], "timestamp": "1769384166650", "event_type": "price_change"}}
{"_local_timestamp": "2026-01-25T23:36:07.105747+00:00", "data": {"market": "0x8e94326c7b8a8f9c6d08aab3e599e25ae297568717388514179630e41817bc9b", "price_changes": [{"asset_id": "24756039539613435118172540238679982808931760036119835655369823215286840219819", "price": "0.01", "size": "180", "side": "BUY", "hash": "ade6b3844a4f242ff9ec9fc41534ed169d141fe5", "best_bid": "0.05", "best_ask": "0.96"}, {"asset_id": "58767839533061451763220204051113000351985051924479739596571576536740911439737", "price": "0.99", "size": "180", "side": "SELL", "hash": "75a412edd65765ce264f00a1a12796755a09da22", "best_bid": "0.04", "best_ask": "0.95"}], "timestamp": "1769384167024", "event_type": "price_change"}}
{"_local_timestamp": "2026-01-25T23:36:07.393363+00:00", "data": {"market": "0x8e94326c7b8a8f9c6d08aab3e599e25ae297568717388514179630e41817bc9b", "price_changes": [{"asset_id": "24756039539613435118172540238679982808931760036119835655369823215286840219819", "price": "0.01", "size": "202.09", "side": "BUY", "hash": "028889f1c0787e701ed0a75f298fcbfcddbc986a", "best_bid": "0.05", "best_ask": "0.96"}, {"asset_id": "58767839533061451763220204051113000351985051924479739596571576536740911439737", "price": "0.99", "size": "202.09", "side": "SELL", "hash": "88e418c776b30162b38dec1ebeeef940ea9e796b", "best_bid": "0.04", "best_ask": "0.95"}], "timestamp": "1769384167324", "event_type": "price_change"}}
{"_local_timestamp": "2026-01-25T23:36:58.352076+00:00", "data": {"market": "0x20a41787b08a4e15d8a5338484a65e2ad24d2aa88482e95de48ceb805e474628", "price_changes": [{"asset_id": "31177459264163886551177107260746876566090967148325127442344239035332554039132", "price": "0.12", "size": "0", "side": "BUY", "hash": "8dee169bcab546f922ba10699782b6e70e4fd87c", "best_bid": "0.02", "best_ask": "0.94"}, {"asset_id": "92685607768367988539257555984118969221958741678661633799085005076568069753311", "price": "0.88", "size": "0", "side": "SELL", "hash": "0a6c4bc2f380cf317a0d7ed72e664c196df9573f", "best_bid": "0.06", "best_ask": "0.98"}], "timestamp": "1769384218088", "event_type": "price_change"}}
{"_local_timestamp": "2026-01-25T23:36:58.490016+00:00", "data": {"market": "0x20a41787b08a4e15d8a5338484a65e2ad24d2aa88482e95de48ceb805e474628", "price_changes": [{"asset_id": "31177459264163886551177107260746876566090967148325127442344239035332554039132", "price": "0.02", "size": "935.48", "side": "BUY", "hash": "a0af2efe21e6226269ddf22bc7ae961abfdccc9a", "best_bid": "0.02", "best_ask": "0.94"}, {"asset_id": "92685607768367988539257555984118969221958741678661633799085005076568069753311", "price": "0.98", "size": "935.48", "side": "SELL", "hash": "c4f20805654ffa5cf8775030c9039576741d4c85", "best_bid": "0.06", "best_ask": "0.98"}], "timestamp": "1769384218202", "event_type": "price_change"}}
{"_local_timestamp": "2026-01-25T23:36:58.490436+00:00", "data": {"market": "0x20a41787b08a4e15d8a5338484a65e2ad24d2aa88482e95de48ceb805e474628", "price_changes": [{"asset_id": "92685607768367988539257555984118969221958741678661633799085005076568069753311", "price": "0.07", "size": "1997.11", "side": "BUY", "hash": "ee22ad325597e5f890484a1e743b4dc73ba86302", "best_bid": "0.07", "best_ask": "0.98"}, {"asset_id": "31177459264163886551177107260746876566090967148325127442344239035332554039132", "price": "0.93", "size": "1997.11", "side": "SELL", "hash": "f3e632f7ccbf1200553c490c5f2b28fa7812e6bd", "best_bid": "0.02", "best_ask": "0.93"}], "timestamp": "1769384218202", "event_type": "price_change"}}
{"_local_timestamp": "2026-01-25T23:36:58.497617+00:00", "data": {"market": "0x20a41787b08a4e15d8a5338484a65e2ad24d2aa88482e95de48ceb805e474628", "price_changes": [{"asset_id": "92685607768367988539257555984118969221958741678661633799085005076568069753311", "price": "0.06", "size": "901.06", "side": "BUY", "hash": "c82fc33661bf7e011763d23bc0e0a2592b0759c0", "best_bid": "0.07", "best_ask": "0.98"}, {"asset_id": "31177459264163886551177107260746876566090967148325127442344239035332554039132", "price": "0.94", "size": "901.06", "side": "SELL", "hash": "c59e9b7527d96b417a3ecfe5125a5321ec874f29", "best_bid": "0.02", "best_ask": "0.93"}], "timestamp": "1769384218203", "event_type": "price_change"}}
{"_local_timestamp": "2026-01-25T23:36:58.514333+00:00", "data": {"market": "0x20a41787b08a4e15d8a5338484a65e2ad24d2aa88482e95de48ceb805e474628", "price_changes": [{"asset_id": "92685607768367988539257555984118969221958741678661633799085005076568069753311", "price": "0.01", "size": "294.79", "side": "BUY", "hash": "f7a61cda5bf9347b52bd3b275c4f108761f92683", "best_bid": "0.07", "best_ask": "0.98"}, {"asset_id": "31177459264163886551177107260746876566090967148325127442344239035332554039132", "price": "0.99", "size": "294.79", "side": "SELL", "hash": "0b2c82da298e1d9cc07bf0e8c80a943d83e53bf2", "best_bid": "0.02", "best_ask": "0.93"}], "timestamp": "1769384218227", "event_type": "price_change"}}
{"_local_timestamp": "2026-01-25T23:36:58.533900+00:00", "data": {"market": "0x20a41787b08a4e15d8a5338484a65e2ad24d2aa88482e95de48ceb805e474628", "price_changes": [{"asset_id": "92685607768367988539257555984118969221958741678661633799085005076568069753311", "price": "0.07", "size": "2887.22", "side": "BUY", "hash": "f1a96e401bffd7328a828894060581150c93fe94", "best_bid": "0.07", "best_ask": "0.98"}, {"asset_id": "31177459264163886551177107260746876566090967148325127442344239035332554039132", "price": "0.93", "size": "2887.22", "side": "SELL", "hash": "d3843f69d9416434a4307f938c4c7029e0178e7e", "best_bid": "0.02", "best_ask": "0.93"}], "timestamp": "1769384218251", "event_type": "price_change"}}
{"_local_timestamp": "2026-01-25T23:36:58.534270+00:00", "data": {"market": "0x20a41787b08a4e15d8a5338484a65e2ad24d2aa88482e95de48ceb805e474628", "price_changes": [{"asset_id": "92685607768367988539257555984118969221958741678661633799085005076568069753311", "price": "0.07", "size": "4157.32", "side": "BUY", "hash": "1966ddef7599fc9872f886b03aa88a265c770291", "best_bid": "0.07", "best_ask": "0.98"}, {"asset_id": "31177459264163886551177107260746876566090967148325127442344239035332554039132", "price": "0.93", "size": "4157.32", "side": "SELL", "hash": "ac866a87f9f2dc19e24a086c89731ba834df5669", "best_bid": "0.02", "best_ask": "0.93"}], "timestamp": "1769384218252", "event_type": "price_change"}}
{"_local_timestamp": "2026-01-25T23:36:58.534631+00:00", "data": {"market": "0x20a41787b08a4e15d8a5338484a65e2ad24d2aa88482e95de48ceb805e474628", "price_changes": [{"asset_id": "92685607768367988539257555984118969221958741678661633799085005076568069753311", "price": "0.07", "size": "5047.43", "side": "BUY", "hash": "3ec64f7853b3b61056dd1aa5d3bb98f253db1857", "best_bid": "0.07", "best_ask": "0.98"}, {"asset_id": "31177459264163886551177107260746876566090967148325127442344239035332554039132", "price": "0.93", "size": "5047.43", "side": "SELL", "hash": "a406ac80306f75b263b428d56467b78f83662a9c", "best_bid": "0.02", "best_ask": "0.93"}], "timestamp": "1769384218252", "event_type": "price_change"}}
{"_local_timestamp": "2026-01-25T23:37:00.442654+00:00", "data": {"market": "0x20a41787b08a4e15d8a5338484a65e2ad24d2aa88482e95de48ceb805e474628", "price_changes": [{"asset_id": "92685607768367988539257555984118969221958741678661633799085005076568069753311", "price": "0.06", "size": "895.59", "side": "BUY", "hash": "4772aaabfdd345042cf1a8545252bc306ed9c79d", "best_bid": "0.07", "best_ask": "0.98"}, {"asset_id": "31177459264163886551177107260746876566090967148325127442344239035332554039132", "price": "0.94", "size": "895.59", "side": "SELL", "hash": "0b3447a0dd202bab5ebe520474f08e130f96c172", "best_bid": "0.02", "best_ask": "0.93"}], "timestamp": "1769384220229", "event_type": "price_change"}}
{"_local_timestamp": "2026-01-25T23:37:00.466559+00:00", "data": {"market": "0x20a41787b08a4e15d8a5338484a65e2ad24d2aa88482e95de48ceb805e474628", "price_changes": [{"asset_id": "92685607768367988539257555984118969221958741678661633799085005076568069753311", "price": "0.07", "size": "5052.9", "side": "BUY", "hash": "446b577b620f917971f78a3ed8e3240cf351a1c1", "best_bid": "0.07", "best_ask": "0.98"}, {"asset_id": "31177459264163886551177107260746876566090967148325127442344239035332554039132", "price": "0.93", "size": "5052.9", "side": "SELL", "hash": "b06e369398195b0dfe70dd5afccd43ca24587f04", "best_bid": "0.02", "best_ask": "0.93"}], "timestamp": "1769384220262", "event_type": "price_change"}}
{"_local_timestamp": "2026-01-25T23:37:59.346948+00:00", "data": {"market": "0x20a41787b08a4e15d8a5338484a65e2ad24d2aa88482e95de48ceb805e474628", "price_changes": [{"asset_id": "31177459264163886551177107260746876566090967148325127442344239035332554039132", "price": "0.03", "size": "22", "side": "BUY", "hash": "b97c37cca0e3114310842679d3ad7397354e26ef", "best_bid": "0.03", "best_ask": "0.93"}, {"asset_id": "92685607768367988539257555984118969221958741678661633799085005076568069753311", "price": "0.97", "size": "22", "side": "SELL", "hash": "56de891b996f0b80d66de710de68d0e201be7d78", "best_bid": "0.07", "best_ask": "0.97"}], "timestamp": "1769384279227", "event_type": "price_change"}}
{"_local_timestamp": "2026-01-25T23:37:59.399989+00:00", "data": {"market": "0x20a41787b08a4e15d8a5338484a65e2ad24d2aa88482e95de48ceb805e474628", "price_changes": [{"asset_id": "92685607768367988539257555984118969221958741678661633799085005076568069753311", "price": "0.06", "size": "2165.69", "side": "BUY", "hash": "93fa183eafa5154e5cd81110cc154f543bf3161e", "best_bid": "0.07", "best_ask": "0.97"}, {"asset_id": "31177459264163886551177107260746876566090967148325127442344239035332554039132", "price": "0.94", "size": "2165.69", "side": "SELL", "hash": "e0a4af1bbce06262d79777498fb3024ab77dfcef", "best_bid": "0.03", "best_ask": "0.93"}], "timestamp": "1769384279289", "event_type": "price_change"}}
{"_local_timestamp": "2026-01-25T23:37:59.400452+00:00", "data": {"market": "0x20a41787b08a4e15d8a5338484a65e2ad24d2aa88482e95de48ceb805e474628", "price_changes": [{"asset_id": "92685607768367988539257555984118969221958741678661633799085005076568069753311", "price": "0.05", "size": "1140.11", "side": "BUY", "hash": "f57c62540dd6c6892e578a8474a7141b264a9d50", "best_bid": "0.07", "best_ask": "0.97"}, {"asset_id": "31177459264163886551177107260746876566090967148325127442344239035332554039132", "price": "0.95", "size": "1140.11", "side": "SELL", "hash": "a8a896d185df9469e96b46793e3abe36dd5d77b2", "best_bid": "0.03", "best_ask": "0.93"}], "timestamp": "1769384279292", "event_type": "price_change"}}
{"_local_timestamp": "2026-01-25T23:37:59.400802+00:00", "data": {"market": "0x20a41787b08a4e15d8a5338484a65e2ad24d2aa88482e95de48ceb805e474628", "price_changes": [{"asset_id": "92685607768367988539257555984118969221958741678661633799085005076568069753311", "price": "0.06", "size": "4162.8", "side": "BUY", "hash": "590bf6d7800c5f61028534043f7c25e1522e0d06", "best_bid": "0.07", "best_ask": "0.97"}, {"asset_id": "31177459264163886551177107260746876566090967148325127442344239035332554039132", "price": "0.94", "size": "4162.8", "side": "SELL", "hash": "f6fd03277d9607e1786402cd6299e4f14fea7411", "best_bid": "0.03", "best_ask": "0.93"}], "timestamp": "1769384279296", "event_type": "price_change"}}
{"_local_timestamp": "2026-01-25T23:37:59.401133+00:00", "data": {"market": "0x20a41787b08a4e15d8a5338484a65e2ad24d2aa88482e95de48ceb805e474628", "price_changes": [{"asset_id": "92685607768367988539257555984118969221958741678661633799085005076568069753311", "price": "0.06", "size": "5052.91", "side": "BUY", "hash": "28d003cec6ce4a0da53565398f942e7c77dc0aa7", "best_bid": "0.07", "best_ask": "0.97"}, {"asset_id": "31177459264163886551177107260746876566090967148325127442344239035332554039132", "price": "0.94", "size": "5052.91", "side": "SELL", "hash": "d09f2c46412413e78dd78dacd74bf88fd3695638", "best_bid": "0.03", "best_ask": "0.93"}], "timestamp": "1769384279299", "event_type": "price_change"}}
{"_local_timestamp": "2026-01-25T23:37:59.401649+00:00", "data": {"market": "0x20a41787b08a4e15d8a5338484a65e2ad24d2aa88482e95de48ceb805e474628", "price_changes": [{"asset_id": "92685607768367988539257555984118969221958741678661633799085005076568069753311", "price": "0.07", "size": "5.47", "side": "BUY", "hash": "aaff21e8a2cc762bd46cb70164ba62e4831a41e3", "best_bid": "0.07", "best_ask": "0.97"}, {"asset_id": "31177459264163886551177107260746876566090967148325127442344239035332554039132", "price": "0.93", "size": "5.47", "side": "SELL", "hash": "3a79db9f3787d9c3a81cfd9a47533df7553d9a54", "best_bid": "0.03", "best_ask": "0.93"}], "timestamp": "1769384279299", "event_type": "price_change"}}
