{"_local_timestamp": "2026-01-25T23:41:19.250896+00:00", "data": [{"market": "0xc59e05f66a6acaaeddf42ecc60109a5b29a7bebb68ae9d40312ec25ea8000287", "asset_id": "89135499517478225626457875899535430584955245079575176312396543173022239218395", "timestamp": "1769384416068", "hash": "02da0919dd10d5503f17868aac9509976522e24d", "bids": [{"price": "0.01", "size": "7184.19"}, {"price": "0.02", "size": "1150"}, {"price": "0.03", "size": "4488.96"}, {"price": "0.24", "size": "300"}, {"price": "0.27", "size": "1090.11"}, {"price": "0.28", "size": "890.11"}, {"price": "0.29", "size": "125"}, {"price": "0.3", "size": "62"}, {"price": "0.31", "size": "75"}, {"price": "0.5", "size": "10"}, {"price": "0.51", "size": "89"}], "asks": [{"price": "0.99", "size": "6784.64"}, {"price": "0.98", "size": "4314.05"}, {"price": "0.96", "size": "320.24"}, {"price": "0.88", "size": "300"}, {"price": "0.87", "size": "1090.11"}, {"price": "0.86", "size": "1015.11"}, {"price": "0.85", "size": "75"}, {"price": "0.84", "size": "50"}, {"price": "0.78", "size": "127.93"}], "event_type": "book", "last_trade_price": "0.660"}, {"market": "0x96933d51a0f93177040c7572e5b4ae6ca5495cd93a08418af55ade18a8848270", "asset_id": "85780962061969591778896600914417302208590704743957949859712992465360382739692", "timestamp": "1769384478004", "hash": "cb9aba42c6883bcdde7fec9dc7cfd0755dd80a22", "bids": [{"price": "0.01", "size": "10542.8"}, {"price": "0.02", "size": "16.1"}, {"price": "0.06", "size": "1145.58"}, {"price": "0.07", "size": "895.58"}, {"price": "0.08", "size": "7.67"}, {"price": "0.28", "size": "50"}], "asks": [{"price": "0.99", "size": "10550.35"}, {"price": "0.98", "size": "43.03"}, {"price": "0.94", "size": "1140.11"}, {"price": "0.93", "size": "890.11"}], "event_type": "book", "last_trade_price": ""}, {"market": "0x2bb9c2b1fadb0293a93d55eb67044f7face9cfa07470f4a89a27c017b0335e8c", "asset_id": "92045840732503176401437635785007677847086252162428681009875484095180718441798", "timestamp": "1769383980494", "hash": "b98cd35e874e7af94d891d37d8c0e43338c15912", "bids": [{"price": "0.01", "size": "11388.93"}, {"price": "0.02", "size": "155.89"}, {"price": "0.03", "size": "30.74"}, {"price": "0.08", "size": "1140.11"}, {"price": "0.09", "size": "890.11"}], "asks": [{"price": "0.99", "size": "11398.58"}, {"price": "0.98", "size": "160.48"}, {"price": "0.97", "size": "85.65"}, {"price": "0.96", "size": "55.42"}], "event_type": "book", "last_trade_price": ""}, {"market": "0x0727f9f4666484828ee1cc5d250be92a5290ce5a69a20467d77931aed5a95d00", "asset_id": "35910343730033898022117182434342860526965277191087661958434554396227107909146", "timestamp": "1769384447736", "hash": "7c4eadad007c54fa8c709e7a8309f80a44b607a2", "bids": [{"price": "0.01", "size": "302.04"}, {"price": "0.02", "size": "257.48"}, {"price": "0.03", "size": "18.99"}, {"price": "0.05", "size": "23.99"}, {"price": "0.06", "size": "5.47"}], "asks": [{"price": "0.99", "size": "302.04"}, {"price": "0.98", "size": "275.48"}, {"price": "0.97", "size": "18.99"}, {"price": "0.96", "size": "40.39"}], "event_type": "book", "last_trade_price": ""}, {"market": "0x23b9f464813a604d156b9c39ff5c37853019ede568d57becdf5c439b45628dc4", "asset_id": "85837250814074077539211908285417961683753530308174982617161094927667394156047", "timestamp": "1769384478004", "hash": "e5a45eae10e976692cebcf1ab3afb5ffdc55f8d1", "bids": [{"price": "0.01", "size": "10442.72"}, {"price": "0.02", "size": "6.46"}, {"price": "0.04", "size": "5.03"}, {"price": "0.05", "size": "1190.11"}, {"price": "0.06", "size": "890.11"}, {"price": "0.07", "size": "10.94"}, {"price": "0.08", "size": "7.58"}, {"price": "0.28", "size": "50"}], "asks": [{"price": "0.99", "size": "10455.24"}, {"price": "0.98", "size": "25.56"}, {"price": "0.96", "size": "1140.11"}, {"price": "0.95", "size": "896.12"}], "event_type": "book", "last_trade_price": ""}, {"market": "0x2401a3354060ac23b5062944956a3ea95a21ad155ee141dca22b77b5069cead5", "asset_id": "29809993680420121829041521802470759704351204111817325020401851092919600935989", "timestamp": "1769384276482", "hash": "71ced1a147721f36cd3362ac1d6a3f2a88c468e4", "bids": [{"price": "0.01", "size": "10559.1"}, {"price": "0.02", "size": "18.72"}, {"price": "0.03", "size": "1140.11"}, {"price": "0.04", "size": "930.07"}], "asks": [{"price": "0.99", "size": "11431.62"}, {"price": "0.98", "size": "937.57"}, {"price": "0.97", "size": "23"}, {"price": "0.94", "size": "5.47"}, {"price": "0.93", "size": "5.47"}, {"price": "0.72", "size": "50"}], "event_type": "book", "last_trade_price": ""}, {"market": "0x947eda69992ec87be0835dd381d44e014b118a726913d9de83f4af6ca0b5efcf", "asset_id": "43177391289123384037057302476684267359530765543005564267433747882504076922907", "timestamp": "1769384447736", "hash": "d5e6dcdf5cfc19a5dbab17de3ef547e8c87194d6", "bids": [{"price": "0.01", "size": "302.04"}, {"price": "0.02", "size": "275.48"}, {"price": "0.03", "size": "18.99"}, {"price": "0.04", "size": "29.99"}], "asks": [{"price": "0.99", "size": "293.28"}, {"price": "0.98", "size": "255.94"}, {"price": "0.97", "size": "22.94"}, {"price": "0.95", "size": "23.99"}, {"price": "0.94", "size": "5.47"}], "event_type": "book", "last_trade_price": ""}, {"market": "0x19a5f4d90e22cb992635ef15a19f8d5ffc64f556a48662afdca827775aa16c08", "asset_id": "94447434034338341395700793891057177645147950667760703119677617145954756862994", "timestamp": "1769383980526", "hash": "b5910a69b20e020611aba8654eff84456d3c6206", "bids": [{"price": "0.01", "size": "11398.58"}, {"price": "0.02", "size": "160.48"}, {"price": "0.03", "size": "85.65"}, {"price": "0.04", "size": "39.24"}], "asks": [{"price": "0.99", "size": "11388.93"}, {"price": "0.98", "size": "155.89"}, {"price": "0.97", "size": "30.74"}, {"price": "0.92", "size": "1140.11"}, {"price": "0.91", "size": "890.11"}], "event_type": "book", "last_trade_price": ""}, {"market": "0xc59e05f66a6acaaeddf42ecc60109a5b29a7bebb68ae9d40312ec25ea8000287", "asset_id": "65249763713921911106800536792587915720039618349865339649776218927242924336631", "timestamp": "1769384416068", "hash": "2ee59b7f20a2d3a9a8e7b120d37723edfb56489e", "bids": [{"price": "0.01", "size": "6784.64"}, {"price": "0.02", "size": "4314.05"}, {"price": "0.04", "size": "320.24"}, {"price": "0.12", "size": "300"}, {"price": "0.13", "size": "1090.11"}, {"price": "0.14", "size": "1015.11"}, {"price": "0.15", "size": "75"}, {"price": "0.16", "size": "50"}, {"price": "0.22", "size": "127.93"}], "asks": [{"price": "0.99", "size": "7184.19"}, {"price": "0.98", "size": "1150"}, {"price": "0.97", "size": "4488.96"}, {"price": "0.76", "size": "300"}, {"price": "0.73", "size": "1090.11"}, {"price": "0.72", "size": "890.11"}, {"price": "0.71", "size": "125"}, {"price": "0.7", "size": "62"}, {"price": "0.69", "size": "75"}, {"price": "0.5", "size": "10"}, {"price": "0.49", "size": "89"}], "event_type": "book", "last_trade_price": "0.660"}, {"market": "0x19a5f4d90e22cb992635ef15a19f8d5ffc64f556a48662afdca827775aa16c08", "asset_id": "55438407177979400780919220955635844711805507488335377116492952956510297705010", "timestamp": "1769383980526", "hash": "e538b63a2877d4c0cc607af28cc99388a043801d", "bids": [{"price": "0.01", "size": "11388.93"}, {"price": "0.02", "size": "155.89"}, {"price": "0.03", "size": "30.74"}, {"price": "0.08", "size": "1140.11"}, {"price": "0.09", "size": "890.11"}], "asks": [{"price": "0.99", "size": "11398.58"}, {"price": "0.98", "size": "160.48"}, {"price": "0.97", "size": "85.65"}, {"price": "0.96", "size": "39.24"}], "event_type": "book", "last_trade_price": ""}, {"market": "0x0727f9f4666484828ee1cc5d250be92a5290ce5a69a20467d77931aed5a95d00", "asset_id": "89219807408614080357426386263610125885671883975534230969322133238697084556538", "timestamp": "1769384447736", "hash": "ada633f1c952b8b54a20abfc1f121f5d9081f553", "bids": [{"price": "0.01", "size": "302.04"}, {"price": "0.02", "size": "275.48"}, {"price": "0.03", "size": "18.99"}, {"price": "0.04", "size": "40.39"}], "asks": [{"price": "0.99", "size": "302.04"}, {"price": "0.98", "size": "257.48"}, {"price": "0.97", "size": "18.99"}, {"price": "0.95", "size": "23.99"}, {"price": "0.94", "size": "5.47"}], "event_type": "book", "last_trade_price": ""}, {"market": "0x2401a3354060ac23b5062944956a3ea95a21ad155ee141dca22b77b5069cead5", "asset_id": "92426077490069247283959754958996210946507815057942602898525691466790118944540", "timestamp": "1769384276482", "hash": "8ae3dc49cd2a1d13f6ecc56dc26be23c9c164349", "bids": [{"price": "0.01", "size": "11431.62"}, {"price": "0.02", "size": "937.57"}, {"price": "0.03", "size": "23"}, {"price": "0.06", "size": "5.47"}, {"price": "0.07", "size": "5.47"}, {"price": "0.28", "size": "50"}], "asks": [{"price": "0.99", "size": "10559.1"}, {"price": "0.98", "size": "18.72"}, {"price": "0.97", "size": "1140.11"}, {"price": "0.96", "size": "930.07"}], "event_type": "book", "last_trade_price": ""}, {"market": "0x96933d51a0f93177040c7572e5b4ae6ca5495cd93a08418af55ade18a8848270", "asset_id": "62678107738722867666510553584045721012525979989359682908746275707554312623850", "timestamp": "1769384478004", "hash": "6a9092850035596abdc80df2b85bba5a8884bdc8", "bids": [{"price": "0.01", "size": "10550.35"}, {"price": "0.02", "size": "43.03"}, {"price": "0.06", "size": "1140.11"}, {"price": "0.07", "size": "890.11"}], "asks": [{"price": "0.99", "size": "10542.8"}, {"price": "0.98", "size": "16.1"}, {"price": "0.94", "size": "1145.58"}, {"price": "0.93", "size": "895.58"}, {"price": "0.92", "size": "7.67"}, {"price": "0.72", "size": "50"}], "event_type": "book", "last_trade_price": ""}, {"market": "0x2bb9c2b1fadb0293a93d55eb67044f7face9cfa07470f4a89a27c017b0335e8c", "asset_id": "48837421887473558774565641243168624425487739904275781922315636382382879623206", "timestamp": "1769383980494", "hash": "e00f056fe94347d1821cdc64e9fc73760192504b", "bids": [{"price": "0.01", "size": "11398.58"}, {"price": "0.02", "size": "160.48"}, {"price": "0.03", "size": "85.65"}, {"price": "0.04", "size": "55.42"}], "asks": [{"price": "0.99", "size": "11388.93"}, {"price": "0.98", "size": "155.89"}, {"price": "0.97", "size": "30.74"}, {"price": "0.92", "size": "1140.11"}, {"price": "0.91", "size": "890.11"}], "event_type": "book", "last_trade_price": ""}, {"market": "0x23b9f464813a604d156b9c39ff5c37853019ede568d57becdf5c439b45628dc4", "asset_id": "30536826496310177750894097825596262849854437565863241298303820464255967660406", "timestamp": "1769384478004", "hash": "5001a6eb3ba20fe6e6d320c57c0a21dbe319da9a", "bids": [{"price": "0.01", "size": "10455.24"}, {"price": "0.02", "size": "25.56"}, {"price": "0.04", "size": "1140.11"}, {"price": "0.05", "size": "896.12"}], "asks": [{"price": "0.99", "size": "10442.72"}, {"price": "0.98", "size": "6.46"}, {"price": "0.96", "size": "5.03"}, {"price": "0.95", "size": "1190.11"}, {"price": "0.94", "size": "890.11"}, {"price": "0.93", "size": "10.94"}, {"price": "0.92", "size": "7.58"}, {"price": "0.72", "size": "50"}], "event_type": "book", "last_trade_price": ""}, {"market": "0x947eda69992ec87be0835dd381d44e014b118a726913d9de83f4af6ca0b5efcf", "asset_id": "18449152278240458640327454535631524659890809526570450948234254399542427812400", "timestamp": "1769384447736", "hash": "8a1a30502cddb0a6b767adec6d82041571466b88", "bids": [{"price": "0.01", "size": "293.28"}, {"price": "0.02", "size": "255.94"}, {"price": "0.03", "size": "22.94"}, {"price": "0.05", "size": "23.99"}, {"price": "0.06", "size": "5.47"}], "asks": [{"price": "0.99", "size": "302.04"}, {"price": "0.98", "size": "275.48"}, {"price": "0.97", "size": "18.99"}, {"price": "0.96", "size": "29.99"}], "event_type": "book", "last_trade_price": ""}]}
{"_local_timestamp": "2026-01-25T23:41:46.163127+00:00", "data": {"market": "0xc59e05f66a6acaaeddf42ecc60109a5b29a7bebb68ae9d40312ec25ea8000287", "price_changes": [{"asset_id": "65249763713921911106800536792587915720039618349865339649776218927242924336631", "price": "0.2", "size": "50", "side": "BUY", "hash": "ad227956f96504f6ba52f13a3ec7ccc8fd3186ad", "best_bid": "0.22", "best_ask": "0.49"}, {"asset_id": "89135499517478225626457875899535430584955245079575176312396543173022239218395", "price": "0.8", "size": "50", "side": "SELL", "hash": "c5973171dc74395a0707e69ce64923aeccbe2752", "best_bid": "0.51", "best_ask": "0.78"}], "timestamp": "1769384506091", "event_type": "price_change"}}
{"_local_timestamp": "2026-01-25T23:41:46.164682+00:00", "data": {"market": "0xc59e05f66a6acaaeddf42ecc60109a5b29a7bebb68ae9d40312ec25ea8000287", "price_changes": [{"asset_id": "89135499517478225626457875899535430584955245079575176312396543173022239218395", "price": "0.64", "size": "50", "side": "BUY", "hash": "d86648c74165e4e81d85536f407aa37254fdd82b", "best_bid": "0.64", "best_ask": "0.78"}, {"asset_id": "65249763713921911106800536792587915720039618349865339649776218927242924336631", "price": "0.36", "size": "50", "side": "SELL", "hash": "28d5aacd932799c8e0fafcc95081ee849cc73ba7", "best_bid": "0.22", "best_ask": "0.36"}], "timestamp": "1769384506091", "event_type": "price_change"}}
{"_local_timestamp": "2026-01-25T23:41:46.198946+00:00", "data": {"market": "0xc59e05f66a6acaaeddf42ecc60109a5b29a7bebb68ae9d40312ec25ea8000287", "price_changes": [{"asset_id": "65249763713921911106800536792587915720039618349865339649776218927242924336631", "price": "0.16", "size": "10", "side": "BUY", "hash": "19ceef90ffc0646745bb0bdb56d78828d625726e", "best_bid": "0.22", "best_ask": "0.36"}, {"asset_id": "89135499517478225626457875899535430584955245079575176312396543173022239218395", "price": "0.84", "size": "10", "side": "SELL", "hash": "7c7fae771e7b915ed0c8d5ff9a31e24e11db1fcb", "best_bid": "0.64", "best_ask": "0.78"}], "timestamp": "1769384506128", "event_type": "price_change"}}
{"_local_timestamp": "2026-01-25T23:41:46.199524+00:00", "data": {"market": "0xc59e05f66a6acaaeddf42ecc60109a5b29a7bebb68ae9d40312ec25ea8000287", "price_changes": [{"asset_id": "65249763713921911106800536792587915720039618349865339649776218927242924336631", "price": "0.2", "size": "83", "side": "BUY", "hash": "a7b5f2ca432700a90d4b2eb8fcc421a7354e02cb", "best_bid": "0.22", "best_ask": "0.36"}, {"asset_id": "89135499517478225626457875899535430584955245079575176312396543173022239218395", "price": "0.8", "size": "83", "side": "SELL", "hash": "0e35db3f64c042e405105fcdb0de60378f5bf256", "best_bid": "0.64", "best_ask": "0.78"}], "timestamp": "1769384506130", "event_type": "price_change"}}
{"_local_timestamp": "2026-01-25T23:41:48.211735+00:00", "data": {"market": "0xc59e05f66a6acaaeddf42ecc60109a5b29a7bebb68ae9d40312ec25ea8000287", "price_changes": [{"asset_id": "89135499517478225626457875899535430584955245079575176312396543173022239218395", "price": "0.51", "size": "50", "side": "BUY", "hash": "ba937c17f44aab62e0a3e4a550faebcb11e5c7f4", "best_bid": "0.64", "best_ask": "0.78"}, {"asset_id": "65249763713921911106800536792587915720039618349865339649776218927242924336631", "price": "0.49", "size": "50", "side": "SELL", "hash": "f8942b28be5eb9160c641d9229ecd254b899d98c", "best_bid": "0.22", "best_ask": "0.36"}], "timestamp": "1769384508139", "event_type": "price_change"}}
{"_local_timestamp": "2026-01-25T23:41:48.212321+00:00", "data": {"market": "0xc59e05f66a6acaaeddf42ecc60109a5b29a7bebb68ae9d40312ec25ea8000287", "price_changes": [{"asset_id": "89135499517478225626457875899535430584955245079575176312396543173022239218395", "price": "0.64", "size": "89", "side": "BUY", "hash": "62aa8ba4a3a3408d84efa327f1455681f0330e3d", "best_bid": "0.64", "best_ask": "0.78"}, {"asset_id": "65249763713921911106800536792587915720039618349865339649776218927242924336631", "price": "0.36", "size": "89", "side": "SELL", "hash": "67a3283d165b2635186a0561f16c8fea2f660e30", "best_bid": "0.22", "best_ask": "0.36"}], "timestamp": "1769384508145", "event_type": "price_change"}}
{"_local_timestamp": "2026-01-25T23:41:48.212792+00:00", "data": {"market": "0xc59e05f66a6acaaeddf42ecc60109a5b29a7bebb68ae9d40312ec25ea8000287", "price_changes": [{"asset_id": "65249763713921911106800536792587915720039618349865339649776218927242924336631", "price": "0.16", "size": "17", "side": "BUY", "hash": "9e71b6bbe554aa28f6417f150ede47d71ce305d3", "best_bid": "0.22", "best_ask": "0.36"}, {"asset_id": "89135499517478225626457875899535430584955245079575176312396543173022239218395", "price": "0.84", "size": "17", "side": "SELL", "hash": "d299117021d038824ed882ac852727fcd5cbaf8a", "best_bid": "0.64", "best_ask": "0.78"}], "timestamp": "1769384508146", "event_type": "price_change"}}
{"_local_timestamp": "2026-01-25T23:41:56.069516+00:00", "data": {"market": "0x2401a3354060ac23b5062944956a3ea95a21ad155ee141dca22b77b5069cead5", "price_changes": [{"asset_id": "92426077490069247283959754958996210946507815057942602898525691466790118944540", "price": "0.28", "size": "0", "side": "BUY", "hash": "147cf420f88948238a9f2e292f364c1ed3508831", "best_bid": "0.07", "best_ask": "0.96"}, {"asset_id": "29809993680420121829041521802470759704351204111817325020401851092919600935989", "price": "0.72", "size": "0", "side": "SELL", "hash": "704c6013f7ff9e34b9c9e57f5ff9481c66d4fed5", "best_bid": "0.04", "best_ask": "0.93"}], "timestamp": "1769384516000", "event_type": "price_change"}}
{"_local_timestamp": "2026-01-25T23:42:06.636815+00:00", "data": {"market": "0x947eda69992ec87be0835dd381d44e014b118a726913d9de83f4af6ca0b5efcf", "price_changes": [{"asset_id": "18449152278240458640327454535631524659890809526570450948234254399542427812400", "price": "0.05", "size": "0", "side": "BUY", "hash": "ad750d7180684529ad5ee1c04ffea2766d3eb28e", "best_bid": "0.06", "best_ask": "0.96"}, {"asset_id": "43177391289123384037057302476684267359530765543005564267433747882504076922907", "price": "0.95", "size": "0", "side": "SELL", "hash": "9a0d2da3fca528e0b3d3695a645e816c0c7d6e2e", "best_bid": "0.04", "best_ask": "0.94"}], "timestamp": "1769384526567", "event_type": "price_change"}}
{"_local_timestamp": "2026-01-25T23:42:06.637602+00:00", "data": {"market": "0x0727f9f4666484828ee1cc5d250be92a5290ce5a69a20467d77931aed5a95d00", "price_changes": [{"asset_id": "35910343730033898022117182434342860526965277191087661958434554396227107909146", "price": "0.05", "size": "0", "side": "BUY", "hash": "bcd22aaa2f00456a68a4427aa5bb3793efcb279b", "best_bid": "0.06", "best_ask": "0.96"}, {"asset_id": "89219807408614080357426386263610125885671883975534230969322133238697084556538", "price": "0.95", "size": "0", "side": "SELL", "hash": "c2434a710f1c8dd97ce6a2b83cb274044d0cba94", "best_bid": "0.04", "best_ask": "0.94"}], "timestamp": "1769384526567", "event_type": "price_change"}}
{"_local_timestamp": "2026-01-25T23:42:10.828653+00:00", "data": {"market": "0x0727f9f4666484828ee1cc5d250be92a5290ce5a69a20467d77931aed5a95d00", "price_changes": [{"asset_id": "35910343730033898022117182434342860526965277191087661958434554396227107909146", "price": "0.06", "size": "0", "side": "BUY", "hash": "51d5082102a514ae8c9c5ef23152c325a26146a3", "best_bid": "0.03", "best_ask": "0.96"}, {"asset_id": "89219807408614080357426386263610125885671883975534230969322133238697084556538", "price": "0.94", "size": "0", "side": "SELL", "hash": "a78fd1dd341516bf554d09f5153484f2ba6c6b16", "best_bid": "0.04", "best_ask": "0.97"}], "timestamp": "1769384530760", "event_type": "price_change"}}
{"_local_timestamp": "2026-01-25T23:42:10.835550+00:00", "data": {"market": "0x947eda69992ec87be0835dd381d44e014b118a726913d9de83f4af6ca0b5efcf", "price_changes": [{"asset_id": "18449152278240458640327454535631524659890809526570450948234254399542427812400", "price": "0.06", "size": "0", "side": "BUY", "hash": "c912dd77ced8ce452f6a3aea59c865671c432819", "best_bid": "0.03", "best_ask": "0.96"}, {"asset_id": "43177391289123384037057302476684267359530765543005564267433747882504076922907", "price": "0.94", "size": "0", "side": "SELL", "hash": "2805131dc1e13d8645a41cb03c3f7b526c70aee3", "best_bid": "0.04", "best_ask": "0.97"}], "timestamp": "1769384530761", "event_type": "price_change"}}
{"_local_timestamp": "2026-01-25T23:42:11.136123+00:00", "data": {"market": "0x947eda69992ec87be0835dd381d44e014b118a726913d9de83f4af6ca0b5efcf", "price_changes": [{"asset_id": "18449152278240458640327454535631524659890809526570450948234254399542427812400", "price": "0.04", "size": "5.47", "side": "BUY", "hash": "adcc341ed80520a3f116c73f3641f811e90d9d00", "best_bid": "0.04", "best_ask": "0.96"}, {"asset_id": "43177391289123384037057302476684267359530765543005564267433747882504076922907", "price": "0.96", "size": "5.47", "side": "SELL", "hash": "81c3f9939ec18ee991613354a3a556d12ed4e00b", "best_bid": "0.04", "best_ask": "0.96"}], "timestamp": "1769384531072", "event_type": "price_change"}}
{"_local_timestamp": "2026-01-25T23:42:11.144758+00:00", "data": {"market": "0x0727f9f4666484828ee1cc5d250be92a5290ce5a69a20467d77931aed5a95d00", "price_changes": [{"asset_id": "35910343730033898022117182434342860526965277191087661958434554396227107909146", "price": "0.04", "size": "5.47", "side": "BUY", "hash": "892706ab736ac472df26b49f5de85a2ce56b3595", "best_bid": "0.04", "best_ask": "0.96"}, {"asset_id": "89219807408614080357426386263610125885671883975534230969322133238697084556538", "price": "0.96", "size": "5.47", "side": "SELL", "hash": "77ba56962050b6e070b30f7b4348bf50c0559c6f", "best_bid": "0.04", "best_ask": "0.96"}], "timestamp": "1769384531072", "event_type": "price_change"}}
{"_local_timestamp": "2026-01-25T23:42:18.299969+00:00", "data": {"market": "0x23b9f464813a604d156b9c39ff5c37853019ede568d57becdf5c439b45628dc4", "price_changes": [{"asset_id": "85837250814074077539211908285417961683753530308174982617161094927667394156047", "price": "0.04", "size": "0", "side": "BUY", "hash": "7ccfe0e523e48d9989eb20720c8867a8dc4ceba7", "best_bid": "0.28", "best_ask": "0.95"}, {"asset_id": "30536826496310177750894097825596262849854437565863241298303820464255967660406", "price": "0.96", "size": "0", "side": "SELL", "hash": "89b92fcc6d5043976413619af431c28ecf55025c", "best_bid": "0.05", "best_ask": "0.72"}], "timestamp": "1769384538207", "event_type": "price_change"}}
{"_local_timestamp": "2026-01-25T23:42:18.564061+00:00", "data": {"market": "0x23b9f464813a604d156b9c39ff5c37853019ede568d57becdf5c439b45628dc4", "price_changes": [{"asset_id": "85837250814074077539211908285417961683753530308174982617161094927667394156047", "price": "0.02", "size": "16.53", "side": "BUY", "hash": "d33507434e14df05a5f6da48ffceabc06c4c93b5", "best_bid": "0.28", "best_ask": "0.95"}, {"asset_id": "30536826496310177750894097825596262849854437565863241298303820464255967660406", "price": "0.98", "size": "16.53", "side": "SELL", "hash": "ab325934244dd5057369fe26d8bc66493fbc9d76", "best_bid": "0.05", "best_ask": "0.72"}], "timestamp": "1769384538454", "event_type": "price_change"}}
{"_local_timestamp": "2026-01-25T23:42:20.652273+00:00", "data": {"market": "0x947eda69992ec87be0835dd381d44e014b118a726913d9de83f4af6ca0b5efcf", "price_changes": [{"asset_id": "18449152278240458640327454535631524659890809526570450948234254399542427812400", "price": "0.03", "size": "9.8", "side": "BUY", "hash": "626a850e879700d4ec843c3e120020ba044d3ca0", "best_bid": "0.04", "best_ask": "0.96"}, {"asset_id": "43177391289123384037057302476684267359530765543005564267433747882504076922907", "price": "0.97", "size": "9.8", "side": "SELL", "hash": "a1f7b6a089cd0225de23cdf9e9067127c7dc4059", "best_bid": "0.04", "best_ask": "0.96"}], "timestamp": "1769384540507", "event_type": "price_change"}}
{"_local_timestamp": "2026-01-25T23:42:20.975393+00:00", "data": {"market": "0x947eda69992ec87be0835dd381d44e014b118a726913d9de83f4af6ca0b5efcf", "price_changes": [{"asset_id": "18449152278240458640327454535631524659890809526570450948234254399542427812400", "price": "0.01", "size": "302.79", "side": "BUY", "hash": "b46267d4ec333c6ae2dbe49e2f2ef09ac0c0d0c1", "best_bid": "0.04", "best_ask": "0.96"}, {"asset_id": "43177391289123384037057302476684267359530765543005564267433747882504076922907", "price": "0.99", "size": "302.79", "side": "SELL", "hash": "bd43a312e85718cd92e26c83dd85d2876fdbb26a", "best_bid": "0.04", "best_ask": "0.96"}], "timestamp": "1769384540845", "event_type": "price_change"}}
{"_local_timestamp": "2026-01-25T23:42:20.979234+00:00", "data": {"market": "0x947eda69992ec87be0835dd381d44e014b118a726913d9de83f4af6ca0b5efcf", "price_changes": [{"asset_id": "18449152278240458640327454535631524659890809526570450948234254399542427812400", "price": "0.03", "size": "19.77", "side": "BUY", "hash": "d25461f232ed63f2194b9d807befc1008869ab5e", "best_bid": "0.04", "best_ask": "0.96"}, {"asset_id": "43177391289123384037057302476684267359530765543005564267433747882504076922907", "price": "0.97", "size": "19.77", "side": "SELL", "hash": "f798482ae216a6d4c35e7f0279bee957c9745bc4", "best_bid": "0.04", "best_ask": "0.96"}], "timestamp": "1769384540846", "event_type": "price_change"}}
{"_local_timestamp": "2026-01-25T23:42:37.618835+00:00", "data": {"market": "0x2401a3354060ac23b5062944956a3ea95a21ad155ee141dca22b77b5069cead5", "price_changes": [{"asset_id": "92426077490069247283959754958996210946507815057942602898525691466790118944540", "price": "0.02", "size": "906.22", "side": "BUY", "hash": "31bc060058fe47cb0bbe6b427a49c36d83557a66", "best_bid": "0.07", "best_ask": "0.96"}, {"asset_id": "29809993680420121829041521802470759704351204111817325020401851092919600935989", "price": "0.98", "size": "906.22", "side": "SELL", "hash": "b2c5b710f2787ba3eb9bbe04cd67ada4e6af6c3a", "best_bid": "0.04", "best_ask": "0.93"}], "timestamp": "1769384557432", "event_type": "price_change"}}
{"_local_timestamp": "2026-01-25T23:42:37.621411+00:00", "data": {"market": "0xc59e05f66a6acaaeddf42ecc60109a5b29a7bebb68ae9d40312ec25ea8000287", "price_changes": [{"asset_id": "89135499517478225626457875899535430584955245079575176312396543173022239218395", "price": "0.03", "size": "4457.32", "side": "BUY", "hash": "60e23af97d0b2b6bafa152621c1896f58372337f", "best_bid": "0.64", "best_ask": "0.78"}, {"asset_id": "65249763713921911106800536792587915720039618349865339649776218927242924336631", "price": "0.97", "size": "4457.32", "side": "SELL", "hash": "ddb5bf4298454a405585e08c41beef3a200bcd85", "best_bid": "0.22", "best_ask": "0.36"}], "timestamp": "1769384557432", "event_type": "price_change"}}
{"_local_timestamp": "2026-01-25T23:42:38.224756+00:00", "data": {"market": "0xc59e05f66a6acaaeddf42ecc60109a5b29a7bebb68ae9d40312ec25ea8000287", "price_changes": [{"asset_id": "89135499517478225626457875899535430584955245079575176312396543173022239218395", "price": "0.01", "size": "7193.6", "side": "BUY", "hash": "665097aac2326b6539d39ec4ea7ce74c068ac420", "best_bid": "0.64", "best_ask": "0.78"}, {"asset_id": "65249763713921911106800536792587915720039618349865339649776218927242924336631", "price": "0.99", "size": "7193.6", "side": "SELL", "hash": "6986bad46a787c959d662dcdc58d5f08b6f819ba", "best_bid": "0.22", "best_ask": "0.36"}], "timestamp": "1769384558034", "event_type": "price_change"}}
{"_local_timestamp": "2026-01-25T23:42:38.225421+00:00", "data": {"market": "0x2401a3354060ac23b5062944956a3ea95a21ad155ee141dca22b77b5069cead5", "price_changes": [{"asset_id": "92426077490069247283959754958996210946507815057942602898525691466790118944540", "price": "0.01", "size": "11440.64", "side": "BUY", "hash": "a4c5fd30b3036801ad54d634a53fd4d44938b3e8", "best_bid": "0.07", "best_ask": "0.96"}, {"asset_id": "29809993680420121829041521802470759704351204111817325020401851092919600935989", "price": "0.99", "size": "11440.64", "side": "SELL", "hash": "4b078d7bf227b8a0a2f251748858922a0473ce42", "best_bid": "0.04", "best_ask": "0.93"}], "timestamp": "1769384558034", "event_type": "price_change"}}
{"_local_timestamp": "2026-01-25T23:42:38.225998+00:00", "data": {"market": "0xc59e05f66a6acaaeddf42ecc60109a5b29a7bebb68ae9d40312ec25ea8000287", "price_changes": [{"asset_id": "89135499517478225626457875899535430584955245079575176312396543173022239218395", "price": "0.04", "size": "21.37", "side": "BUY", "hash": "353cfb8dfa4dbe1fb820bf2f0decb9d00f69ffc9", "best_bid": "0.64", "best_ask": "0.78"}, {"asset_id": "65249763713921911106800536792587915720039618349865339649776218927242924336631", "price": "0.96", "size": "21.37", "side": "SELL", "hash": "20e00f577dd84148298282231f9ff881ab621846", "best_bid": "0.22", "best_ask": "0.36"}], "timestamp": "1769384558035", "event_type": "price_change"}}
{"_local_timestamp": "2026-01-25T23:42:38.226550+00:00", "data": {"market": "0x2401a3354060ac23b5062944956a3ea95a21ad155ee141dca22b77b5069cead5", "price_changes": [{"asset_id": "92426077490069247283959754958996210946507815057942602898525691466790118944540", "price": "0.04", "size": "13.41", "side": "BUY", "hash": "c08259d2cb19f140fc0267a0eab60a6c59e16358", "best_bid": "0.07", "best_ask": "0.96"}, {"asset_id": "29809993680420121829041521802470759704351204111817325020401851092919600935989", "price": "0.96", "size": "13.41", "side": "SELL", "hash": "a7bb6af1ca450a80c586dbc2be50034e542b166d", "best_bid": "0.04", "best_ask": "0.93"}], "timestamp": "1769384558035", "event_type": "price_change"}}
{"_local_timestamp": "2026-01-25T23:42:38.633419+00:00", "data": {"market": "0xc59e05f66a6acaaeddf42ecc60109a5b29a7bebb68ae9d40312ec25ea8000287", "price_changes": [{"asset_id": "65249763713921911106800536792587915720039618349865339649776218927242924336631", "price": "0.04", "size": "300", "side": "BUY", "hash": "3d4ea17272615070d3be4d8c1fd562498108f3e2", "best_bid": "0.22", "best_ask": "0.36"}, {"asset_id": "89135499517478225626457875899535430584955245079575176312396543173022239218395", "price": "0.96", "size": "300", "side": "SELL", "hash": "57fe07dc257acb873c6e681b727c4e2bba725c49", "best_bid": "0.64", "best_ask": "0.78"}], "timestamp": "1769384558466", "event_type": "price_change"}}
{"_local_timestamp": "2026-01-25T23:42:39.309299+00:00", "data": {"market": "0xc59e05f66a6acaaeddf42ecc60109a5b29a7bebb68ae9d40312ec25ea8000287", "price_changes": [{"asset_id": "65249763713921911106800536792587915720039618349865339649776218927242924336631", "price": "0.05", "size": "16.2", "side": "BUY", "hash": "06583d4581ffb66f2b46359a7a05e25154ef9bcd", "best_bid": "0.22", "best_ask": "0.36"}, {"asset_id": "89135499517478225626457875899535430584955245079575176312396543173022239218395", "price": "0.95", "size": "16.2", "side": "SELL", "hash": "80d4522a191f2e200032b2f2246cd4b244482910", "best_bid": "0.64", "best_ask": "0.78"}], "timestamp": "1769384559162", "event_type": "price_change"}}
{"_local_timestamp": "2026-01-25T23:43:27.170423+00:00", "data": {"market": "0x2401a3354060ac23b5062944956a3ea95a21ad155ee141dca22b77b5069cead5", "price_changes": [{"asset_id": "92426077490069247283959754958996210946507815057942602898525691466790118944540", "price": "0.28", "size": "50", "side": "BUY", "hash": "52288dfe5be9845aa2adfa0400b450fc823230ad", "best_bid": "0.28", "best_ask": "0.96"}, {"asset_id": "29809993680420121829041521802470759704351204111817325020401851092919600935989", "price": "0.72", "size": "50", "side": "SELL", "hash": "079f40cf17cb1a61999031af3ff5f180762221aa", "best_bid": "0.04", "best_ask": "0.72"}], "timestamp": "1769384607063", "event_type": "price_change"}}
{"_local_timestamp": "2026-01-25T23:43:35.990847+00:00", "data": {"market": "0x0727f9f4666484828ee1cc5d250be92a5290ce5a69a20467d77931aed5a95d00", "price_changes": [{"asset_id": "35910343730033898022117182434342860526965277191087661958434554396227107909146", "price": "0.05", "size": "23.99", "side": "BUY", "hash": "208751ff344db19e7297d91ac514d12947af5959", "best_bid": "0.05", "best_ask": "0.96"}, {"asset_id": "89219807408614080357426386263610125885671883975534230969322133238697084556538", "price": "0.95", "size": "23.99", "side": "SELL", "hash": "785cb3266f4e0fd895c876f716bf8492a5da6163", "best_bid": "0.04", "best_ask": "0.95"}], "timestamp": "1769384615895", "event_type": "price_change"}}
{"_local_timestamp": "2026-01-25T23:43:35.991451+00:00", "data": {"market": "0x947eda69992ec87be0835dd381d44e014b118a726913d9de83f4af6ca0b5efcf", "price_changes": [{"asset_id": "18449152278240458640327454535631524659890809526570450948234254399542427812400", "price": "0.05", "size": "23.99", "side": "BUY", "hash": "1db7d72857e7c153ec7c6acedae77b12be1917a3", "best_bid": "0.05", "best_ask": "0.96"}, {"asset_id": "43177391289123384037057302476684267359530765543005564267433747882504076922907", "price": "0.95", "size": "23.99", "side": "SELL", "hash": "60d7f580f1ad308c27e92165e2dc3140be700151", "best_bid": "0.04", "best_ask": "0.95"}], "timestamp": "1769384615895", "event_type": "price_change"}}
{"_local_timestamp": "2026-01-25T23:43:39.890244+00:00", "data": {"market": "0x0727f9f4666484828ee1cc5d250be92a5290ce5a69a20467d77931aed5a95d00", "price_changes": [{"asset_id": "35910343730033898022117182434342860526965277191087661958434554396227107909146", "price": "0.04", "size": "0", "side": "BUY", "hash": "e669fe6e375ca14851cfe07bcb47004f3c2dfa26", "best_bid": "0.05", "best_ask": "0.96"}, {"asset_id": "89219807408614080357426386263610125885671883975534230969322133238697084556538", "price": "0.96", "size": "0", "side": "SELL", "hash": "33b33861f7d525620e181f8ba17b4a97695c07f8", "best_bid": "0.04", "best_ask": "0.95"}], "timestamp": "1769384619812", "event_type": "price_change"}}
{"_local_timestamp": "2026-01-25T23:43:39.894645+00:00", "data": {"market": "0x947eda69992ec87be0835dd381d44e014b118a726913d9de83f4af6ca0b5efcf", "price_changes": [{"asset_id": "18449152278240458640327454535631524659890809526570450948234254399542427812400", "price": "0.04", "size": "0", "side": "BUY", "hash": "8cf37e789965c8315a8f498bb39ee305d932624f", "best_bid": "0.05", "best_ask": "0.96"}, {"asset_id": "43177391289123384037057302476684267359530765543005564267433747882504076922907", "price": "0.96", "size": "0", "side": "SELL", "hash": "7a8dc72e5ea25e531c520302bef845b6412c5d89", "best_bid": "0.04", "best_ask": "0.95"}], "timestamp": "1769384619812", "event_type": "price_change"}}
{"_local_timestamp": "2026-01-25T23:43:40.172804+00:00", "data": {"market": "0x947eda69992ec87be0835dd381d44e014b118a726913d9de83f4af6ca0b5efcf", "price_changes": [{"asset_id": "18449152278240458640327454535631524659890809526570450948234254399542427812400", "price": "0.06", "size": "5.47", "side": "BUY", "hash": "8a07b49b64868385479846477f083eec741cacf4", "best_bid": "0.06", "best_ask": "0.96"}, {"asset_id": "43177391289123384037057302476684267359530765543005564267433747882504076922907", "price": "0.94", "size": "5.47", "side": "SELL", "hash": "fe362f1901f9badf2a883a038971cef04b5e77e4", "best_bid": "0.04", "best_ask": "0.94"}], "timestamp": "1769384620066", "event_type": "price_change"}}
{"_local_timestamp": "2026-01-25T23:43:40.177761+00:00", "data": {"market": "0x0727f9f4666484828ee1cc5d250be92a5290ce5a69a20467d77931aed5a95d00", "price_changes": [{"asset_id": "35910343730033898022117182434342860526965277191087661958434554396227107909146", "price": "0.06", "size": "5.47", "side": "BUY", "hash": "96e6c47fe5572881199e71ba873f5022915789de", "best_bid": "0.06", "best_ask": "0.96"}, {"asset_id": "89219807408614080357426386263610125885671883975534230969322133238697084556538", "price": "0.94", "size": "5.47", "side": "SELL", "hash": "2519f1cefea3a67bf3c1036d2d4cf3cad00bcaa2", "best_bid": "0.04", "best_ask": "0.94"}], "timestamp": "1769384620066", "event_type": "price_change"}}
{"_local_timestamp": "2026-01-25T23:43:48.285299+00:00", "data": {"market": "0xc59e05f66a6acaaeddf42ecc60109a5b29a7bebb68ae9d40312ec25ea8000287", "price_changes": [{"asset_id": "89135499517478225626457875899535430584955245079575176312396543173022239218395", "price": "0.02", "size": "150", "side": "BUY", "hash": "39c6a86bf009e36fdcede92f269718c0fc49d95b", "best_bid": "0.64", "best_ask": "0.78"}, {"asset_id": "65249763713921911106800536792587915720039618349865339649776218927242924336631", "price": "0.98", "size": "150", "side": "SELL", "hash": "bf3a01089d204a8b2b0f6a8cba2e5c5079a6c3a9", "best_bid": "0.22", "best_ask": "0.36"}], "timestamp": "1769384628191", "event_type": "price_change"}}
{"_local_timestamp": "2026-01-25T23:43:48.565276+00:00", "data": {"market": "0xc59e05f66a6acaaeddf42ecc60109a5b29a7bebb68ae9d40312ec25ea8000287", "price_changes": [{"asset_id": "89135499517478225626457875899535430584955245079575176312396543173022239218395", "price": "0.02", "size": "1040.11", "side": "BUY", "hash": "e2effbda4c489b5f5a849f1bd3c76c5086731c48", "best_bid": "0.64", "best_ask": "0.78"}, {"asset_id": "65249763713921911106800536792587915720039618349865339649776218927242924336631", "price": "0.98", "size": "1040.11", "side": "SELL", "hash": "cfde7897950dae63a1d960f90ca0418db15cd5ee", "best_bid": "0.22", "best_ask": "0.36"}], "timestamp": "1769384628467", "event_type": "price_change"}}
{"_local_timestamp": "2026-01-25T23:43:48.575169+00:00", "data": {"market": "0xc59e05f66a6acaaeddf42ecc60109a5b29a7bebb68ae9d40312ec25ea8000287", "price_changes": [{"asset_id": "89135499517478225626457875899535430584955245079575176312396543173022239218395", "price": "0.02", "size": "3037.22", "side": "BUY", "hash": "6c2f162917f80ce2c9dfb1271ff0281a8b0c002e", "best_bid": "0.64", "best_ask": "0.78"}, {"asset_id": "65249763713921911106800536792587915720039618349865339649776218927242924336631", "price": "0.98", "size": "3037.22", "side": "SELL", "hash": "fb1d6f2f6d09c30d2cb2dea1ff2759e200a2548b", "best_bid": "0.22", "best_ask": "0.36"}], "timestamp": "1769384628468", "event_type": "price_change"}}
{"_local_timestamp": "2026-01-25T23:43:48.575913+00:00", "data": {"market": "0xc59e05f66a6acaaeddf42ecc60109a5b29a7bebb68ae9d40312ec25ea8000287", "price_changes": [{"asset_id": "89135499517478225626457875899535430584955245079575176312396543173022239218395", "price": "0.02", "size": "4307.32", "side": "BUY", "hash": "75d02a974cf4c289a6bf2c2b594936364da7acea", "best_bid": "0.64", "best_ask": "0.78"}, {"asset_id": "65249763713921911106800536792587915720039618349865339649776218927242924336631", "price": "0.98", "size": "4307.32", "side": "SELL", "hash": "f09e19f8163d78124f9ef0ef29da1641e2d61c52", "best_bid": "0.22", "best_ask": "0.36"}], "timestamp": "1769384628468", "event_type": "price_change"}}
{"_local_timestamp": "2026-01-25T23:45:09.920802+00:00", "data": {"market": "0x947eda69992ec87be0835dd381d44e014b118a726913d9de83f4af6ca0b5efcf", "price_changes": [{"asset_id": "18449152278240458640327454535631524659890809526570450948234254399542427812400", "price": "0.05", "size": "0", "side": "BUY", "hash": "784978580c73424b2fc6f8d989cc851cb77cedb4", "best_bid": "0.06", "best_ask": "0.96"}, {"asset_id": "43177391289123384037057302476684267359530765543005564267433747882504076922907", "price": "0.95", "size": "0", "side": "SELL", "hash": "7da4cfc5e8fbe8c6b1babf40d8fd7a9050876deb", "best_bid": "0.04", "best_ask": "0.94"}], "timestamp": "1769384709855", "event_type": "price_change"}}
{"_local_timestamp": "2026-01-25T23:45:09.930820+00:00", "data": {"market": "0x0727f9f4666484828ee1cc5d250be92a5290ce5a69a20467d77931aed5a95d00", "price_changes": [{"asset_id": "35910343730033898022117182434342860526965277191087661958434554396227107909146", "price": "0.05", "size": "0", "side": "BUY", "hash": "28f0e2d75cb32c3d5c6d854a2d597ac5dc0424ea", "best_bid": "0.06", "best_ask": "0.96"}, {"asset_id": "89219807408614080357426386263610125885671883975534230969322133238697084556538", "price": "0.95", "size": "0", "side": "SELL", "hash": "b31c3c04522a0a6288a76ba6807189c6f8d2ffbd", "best_bid": "0.04", "best_ask": "0.94"}], "timestamp": "1769384709855", "event_type": "price_change"}}
{"_local_timestamp": "2026-01-25T23:45:11.857938+00:00", "data": {"market": "0x0727f9f4666484828ee1cc5d250be92a5290ce5a69a20467d77931aed5a95d00", "price_changes": [{"asset_id": "35910343730033898022117182434342860526965277191087661958434554396227107909146", "price": "0.06", "size": "0", "side": "BUY", "hash": "04afaac91ef32ce652df6395701e1809c19105dc", "best_bid": "0.03", "best_ask": "0.96"}, {"asset_id": "89219807408614080357426386263610125885671883975534230969322133238697084556538", "price": "0.94", "size": "0", "side": "SELL", "hash": "8f7e0a42cb2f5a84730af7b6ff4943dc75243e79", "best_bid": "0.04", "best_ask": "0.97"}], "timestamp": "1769384711772", "event_type": "price_change"}}
{"_local_timestamp": "2026-01-25T23:45:11.864962+00:00", "data": {"market": "0x947eda69992ec87be0835dd381d44e014b118a726913d9de83f4af6ca0b5efcf", "price_changes": [{"asset_id": "18449152278240458640327454535631524659890809526570450948234254399542427812400", "price": "0.06", "size": "0", "side": "BUY", "hash": "c608e091a9101ce3d126b36a5b3c76a7622c043f", "best_bid": "0.03", "best_ask": "0.96"}, {"asset_id": "43177391289123384037057302476684267359530765543005564267433747882504076922907", "price": "0.94", "size": "0", "side": "SELL", "hash": "fea2b93ab73055544850ea0a63e0dec0c98044c7", "best_bid": "0.04", "best_ask": "0.97"}], "timestamp": "1769384711771", "event_type": "price_change"}}
{"_local_timestamp": "2026-01-25T23:45:12.115217+00:00", "data": {"market": "0x947eda69992ec87be0835dd381d44e014b118a726913d9de83f4af6ca0b5efcf", "price_changes": [{"asset_id": "18449152278240458640327454535631524659890809526570450948234254399542427812400", "price": "0.04", "size": "5.47", "side": "BUY", "hash": "cd83ce08950b905bbfa930c574ba6e4ca1f937bb", "best_bid": "0.04", "best_ask": "0.96"}, {"asset_id": "43177391289123384037057302476684267359530765543005564267433747882504076922907", "price": "0.96", "size": "5.47", "side": "SELL", "hash": "6c585621c66188e30e998533bc804d8f7a261ee8", "best_bid": "0.04", "best_ask": "0.96"}], "timestamp": "1769384712026", "event_type": "price_change"}}
{"_local_timestamp": "2026-01-25T23:45:12.115894+00:00", "data": {"market": "0x0727f9f4666484828ee1cc5d250be92a5290ce5a69a20467d77931aed5a95d00", "price_changes": [{"asset_id": "35910343730033898022117182434342860526965277191087661958434554396227107909146", "price": "0.04", "size": "5.47", "side": "BUY", "hash": "1f11bb2f9863f9b4aa5cbb5a0384125131212150", "best_bid": "0.04", "best_ask": "0.96"}, {"asset_id": "89219807408614080357426386263610125885671883975534230969322133238697084556538", "price": "0.96", "size": "5.47", "side": "SELL", "hash": "0b2ea6df12b98a7f38c937d9acc6d74fecc9ec48", "best_bid": "0.04", "best_ask": "0.96"}], "timestamp": "1769384712026", "event_type": "price_change"}}
{"_local_timestamp": "2026-01-25T23:45:17.089198+00:00", "data": {"market": "0x96933d51a0f93177040c7572e5b4ae6ca5495cd93a08418af55ade18a8848270", "price_changes": [{"asset_id": "85780962061969591778896600914417302208590704743957949859712992465360382739692", "price": "0.28", "size": "0", "side": "BUY", "hash": "7bceb64a16494bf98dce7195220b5f070d0c5ff5", "best_bid": "0.08", "best_ask": "0.93"}, {"asset_id": "62678107738722867666510553584045721012525979989359682908746275707554312623850", "price": "0.72", "size": "0", "side": "SELL", "hash": "c8c9a608948fb2fd1d7973761510334c357adab9", "best_bid": "0.07", "best_ask": "0.92"}], "timestamp": "1769384717001", "event_type": "price_change"}}
{"_local_timestamp": "2026-01-25T23:45:17.092702+00:00", "data": {"market": "0x23b9f464813a604d156b9c39ff5c37853019ede568d57becdf5c439b45628dc4", "price_changes": [{"asset_id": "85837250814074077539211908285417961683753530308174982617161094927667394156047", "price": "0.28", "size": "0", "side": "BUY", "hash": "981d91a97fd79da54cb8f73f25facbb024c108dd", "best_bid": "0.08", "best_ask": "0.95"}, {"asset_id": "30536826496310177750894097825596262849854437565863241298303820464255967660406", "price": "0.72", "size": "0", "side": "SELL", "hash": "a96ce671d503a7d5ca3883377da1fbdbf626710b", "best_bid": "0.05", "best_ask": "0.92"}], "timestamp": "1769384717001", "event_type": "price_change"}}
{"_local_timestamp": "2026-01-25T23:45:38.563203+00:00", "data": {"market": "0x23b9f464813a604d156b9c39ff5c37853019ede568d57becdf5c439b45628dc4", "price_changes": [{"asset_id": "85837250814074077539211908285417961683753530308174982617161094927667394156047", "price": "0.08", "size": "0", "side": "BUY", "hash": "cc054c05c09ff7291249e7d6886ae426f041d1a0", "best_bid": "0.07", "best_ask": "0.95"}, {"asset_id": "30536826496310177750894097825596262849854437565863241298303820464255967660406", "price": "0.92", "size": "0", "side": "SELL", "hash": "1b91adf4e6e76005eb84ee78d5d63508093933c3", "best_bid": "0.05", "best_ask": "0.93"}], "timestamp": "1769384738498", "event_type": "price_change"}}
{"_local_timestamp": "2026-01-25T23:45:40.891389+00:00", "data": {"market": "0x23b9f464813a604d156b9c39ff5c37853019ede568d57becdf5c439b45628dc4", "price_changes": [{"asset_id": "85837250814074077539211908285417961683753530308174982617161094927667394156047", "price": "0.01", "size": "10449.88", "side": "BUY", "hash": "6473f881b5799e4555b296c348c0fe929a1c2d85", "best_bid": "0.07", "best_ask": "0.95"}, {"asset_id": "30536826496310177750894097825596262849854437565863241298303820464255967660406", "price": "0.99", "size": "10449.88", "side": "SELL", "hash": "8ecb807e367ab8d84368cb976159e7500f955ac1", "best_bid": "0.05", "best_ask": "0.93"}], "timestamp": "1769384740822", "event_type": "price_change"}}
{"_local_timestamp": "2026-01-25T23:45:40.892016+00:00", "data": {"market": "0x23b9f464813a604d156b9c39ff5c37853019ede568d57becdf5c439b45628dc4", "price_changes": [{"asset_id": "85837250814074077539211908285417961683753530308174982617161094927667394156047", "price": "0.06", "size": "896.6", "side": "BUY", "hash": "484997fff434fa9042710d079f99fdc4ac95d81c", "best_bid": "0.07", "best_ask": "0.95"}, {"asset_id": "30536826496310177750894097825596262849854437565863241298303820464255967660406", "price": "0.94", "size": "896.6", "side": "SELL", "hash": "cce3a54eb48cce3201fbbb12ab563dd1e428dd85", "best_bid": "0.05", "best_ask": "0.93"}], "timestamp": "1769384740823", "event_type": "price_change"}}
{"_local_timestamp": "2026-01-25T23:45:40.892593+00:00", "data": {"market": "0x23b9f464813a604d156b9c39ff5c37853019ede568d57becdf5c439b45628dc4", "price_changes": [{"asset_id": "85837250814074077539211908285417961683753530308174982617161094927667394156047", "price": "0.02", "size": "23.79", "side": "BUY", "hash": "a220cee8fc8d503e6329b1442d7512f6649da15a", "best_bid": "0.07", "best_ask": "0.95"}, {"asset_id": "30536826496310177750894097825596262849854437565863241298303820464255967660406", "price": "0.98", "size": "23.79", "side": "SELL", "hash": "9df50a320cf41688c7e432e2c7e6326e81c7a0ec", "best_bid": "0.05", "best_ask": "0.93"}], "timestamp": "1769384740823", "event_type": "price_change"}}
{"_local_timestamp": "2026-01-25T23:45:41.006895+00:00", "data": {"market": "0xc59e05f66a6acaaeddf42ecc60109a5b29a7bebb68ae9d40312ec25ea8000287", "price_changes": [{"asset_id": "65249763713921911106800536792587915720039618349865339649776218927242924336631", "price": "0.05", "size": "0", "side": "BUY", "hash": "817e61b4f1a979adde9e438b612750adaaa05e48", "best_bid": "0.22", "best_ask": "0.36"}, {"asset_id": "89135499517478225626457875899535430584955245079575176312396543173022239218395", "price": "0.95", "size": "0", "side": "SELL", "hash": "427790464bded72dddd50c14b9dafcd4f85649a9", "best_bid": "0.64", "best_ask": "0.78"}], "timestamp": "1769384740940", "event_type": "price_change"}}
{"_local_timestamp": "2026-01-25T23:45:41.015760+00:00", "data": {"market": "0x96933d51a0f93177040c7572e5b4ae6ca5495cd93a08418af55ade18a8848270", "price_changes": [{"asset_id": "85780962061969591778896600914417302208590704743957949859712992465360382739692", "price": "0.08", "size": "0", "side": "BUY", "hash": "fb89aa87dababf6ed7341d179d58ff76fdcad49e", "best_bid": "0.07", "best_ask": "0.93"}, {"asset_id": "62678107738722867666510553584045721012525979989359682908746275707554312623850", "price": "0.92", "size": "0", "side": "SELL", "hash": "0522c9bb434ed49bb47a1d2869d948474143fecb", "best_bid": "0.07", "best_ask": "0.93"}], "timestamp": "1769384740941", "event_type": "price_change"}}
{"_local_timestamp": "2026-01-25T23:45:41.070774+00:00", "data": {"market": "0xc59e05f66a6acaaeddf42ecc60109a5b29a7bebb68ae9d40312ec25ea8000287", "price_changes": [{"asset_id": "89135499517478225626457875899535430584955245079575176312396543173022239218395", "price": "0.03", "size": "300", "side": "BUY", "hash": "c6251ae05f07c11247bf62576ece190083a1d23c", "best_bid": "0.64", "best_ask": "0.78"}, {"asset_id": "65249763713921911106800536792587915720039618349865339649776218927242924336631", "price": "0.97", "size": "300", "side": "SELL", "hash": "a4950adc5a420db8c68c1a4042dde50ded376f0f", "best_bid": "0.22", "best_ask": "0.36"}], "timestamp": "1769384740993", "event_type": "price_change"}}
{"_local_timestamp": "2026-01-25T23:45:41.518979+00:00", "data": {"market": "0x2401a3354060ac23b5062944956a3ea95a21ad155ee141dca22b77b5069cead5", "price_changes": [{"asset_id": "92426077490069247283959754958996210946507815057942602898525691466790118944540", "price": "0.02", "size": "890.11", "side": "BUY", "hash": "2b4731b2a8127c3388cb1e7d8371eab354737b58", "best_bid": "0.28", "best_ask": "0.96"}, {"asset_id": "29809993680420121829041521802470759704351204111817325020401851092919600935989", "price": "0.98", "size": "890.11", "side": "SELL", "hash": "b239be8b536f2a3367cfaaec9fb20fef8c062e50", "best_bid": "0.04", "best_ask": "0.72"}], "timestamp": "1769384741451", "event_type": "price_change"}}
{"_local_timestamp": "2026-01-25T23:45:42.071309+00:00", "data": {"market": "0xc59e05f66a6acaaeddf42ecc60109a5b29a7bebb68ae9d40312ec25ea8000287", "price_changes": [{"asset_id": "65249763713921911106800536792587915720039618349865339649776218927242924336631", "price": "0.2", "size": "33", "side": "BUY", "hash": "5ece119a86acfd20d8803a18f90a7c9bde3d090a", "best_bid": "0.22", "best_ask": "0.36"}, {"asset_id": "89135499517478225626457875899535430584955245079575176312396543173022239218395", "price": "0.8", "size": "33", "side": "SELL", "hash": "ffac2423e26c74b98b3edb4f46935bc62c29f1ad", "best_bid": "0.64", "best_ask": "0.78"}], "timestamp": "1769384742000", "event_type": "price_change"}}
{"_local_timestamp": "2026-01-25T23:45:42.086301+00:00", "data": {"market": "0xc59e05f66a6acaaeddf42ecc60109a5b29a7bebb68ae9d40312ec25ea8000287", "price_changes": [{"asset_id": "89135499517478225626457875899535430584955245079575176312396543173022239218395", "price": "0.64", "size": "39", "side": "BUY", "hash": "8d68459dd36a8d513728c7f5ea69752da840fd24", "best_bid": "0.64", "best_ask": "0.78"}, {"asset_id": "65249763713921911106800536792587915720039618349865339649776218927242924336631", "price": "0.36", "size": "39", "side": "SELL", "hash": "34794b5d23d306de1578878868a36bcb2cd4f9fa", "best_bid": "0.22", "best_ask": "0.36"}], "timestamp": "1769384742002", "event_type": "price_change"}}
{"_local_timestamp": "2026-01-25T23:45:42.126807+00:00", "data": {"market": "0xc59e05f66a6acaaeddf42ecc60109a5b29a7bebb68ae9d40312ec25ea8000287", "price_changes": [{"asset_id": "65249763713921911106800536792587915720039618349865339649776218927242924336631", "price": "0.16", "size": "50", "side": "BUY", "hash": "96d151c629a06308d7facf6da67885e20fa220e1", "best_bid": "0.22", "best_ask": "0.36"}, {"asset_id": "89135499517478225626457875899535430584955245079575176312396543173022239218395", "price": "0.84", "size": "50", "side": "SELL", "hash": "16e8be6a550ed0fdb0d4718c858296b1b5b2cdee", "best_bid": "0.64", "best_ask": "0.78"}], "timestamp": "1769384742041", "event_type": "price_change"}}
{"_local_timestamp": "2026-01-25T23:45:42.127426+00:00", "data": {"market": "0xc59e05f66a6acaaeddf42ecc60109a5b29a7bebb68ae9d40312ec25ea8000287", "price_changes": [{"asset_id": "65249763713921911106800536792587915720039618349865339649776218927242924336631", "price": "0.2", "size": "0", "side": "BUY", "hash": "db3d28e9643085a57e2a9bccbf885cf371cec875", "best_bid": "0.22", "best_ask": "0.36"}, {"asset_id": "89135499517478225626457875899535430584955245079575176312396543173022239218395", "price": "0.8", "size": "0", "side": "SELL", "hash": "b0d507aaa3ef5f8fa02f1b3e185afc9c515f040a", "best_bid": "0.64", "best_ask": "0.78"}], "timestamp": "1769384742042", "event_type": "price_change"}}
{"_local_timestamp": "2026-01-25T23:45:42.446025+00:00", "data": {"market": "0x96933d51a0f93177040c7572e5b4ae6ca5495cd93a08418af55ade18a8848270", "price_changes": [{"asset_id": "85780962061969591778896600914417302208590704743957949859712992465360382739692", "price": "0.02", "size": "43.27", "side": "BUY", "hash": "bd899ce48e541849632c484570f5a994f59062ae", "best_bid": "0.07", "best_ask": "0.93"}, {"asset_id": "62678107738722867666510553584045721012525979989359682908746275707554312623850", "price": "0.98", "size": "43.27", "side": "SELL", "hash": "9f5bab9556f072efa6d86d8ebcb31d528ac24732", "best_bid": "0.07", "best_ask": "0.93"}], "timestamp": "1769384742383", "event_type": "price_change"}}
{"_local_timestamp": "2026-01-25T23:45:42.451562+00:00", "data": {"market": "0xc59e05f66a6acaaeddf42ecc60109a5b29a7bebb68ae9d40312ec25ea8000287", "price_changes": [{"asset_id": "65249763713921911106800536792587915720039618349865339649776218927242924336631", "price": "0.06", "size": "10.6", "side": "BUY", "hash": "d625da7db49c0605e817091928d2a5f2a2d86d6d", "best_bid": "0.22", "best_ask": "0.36"}, {"asset_id": "89135499517478225626457875899535430584955245079575176312396543173022239218395", "price": "0.94", "size": "10.6", "side": "SELL", "hash": "e4560a731f06cacbcc83748da4849f82b5e74138", "best_bid": "0.64", "best_ask": "0.78"}], "timestamp": "1769384742383", "event_type": "price_change"}}
{"_local_timestamp": "2026-01-25T23:45:42.452289+00:00", "data": {"market": "0x96933d51a0f93177040c7572e5b4ae6ca5495cd93a08418af55ade18a8848270", "price_changes": [{"asset_id": "85780962061969591778896600914417302208590704743957949859712992465360382739692", "price": "0.01", "size": "10549.88", "side": "BUY", "hash": "124c98c65f130b4fb88f4cb5f85c6ffd7354d55a", "best_bid": "0.07", "best_ask": "0.93"}, {"asset_id": "62678107738722867666510553584045721012525979989359682908746275707554312623850", "price": "0.99", "size": "10549.88", "side": "SELL", "hash": "f467074f119cd8787c36fbbcf4d19ac4e3908bc1", "best_bid": "0.07", "best_ask": "0.93"}], "timestamp": "1769384742384", "event_type": "price_change"}}
{"_local_timestamp": "2026-01-25T23:45:42.452907+00:00", "data": {"market": "0xc59e05f66a6acaaeddf42ecc60109a5b29a7bebb68ae9d40312ec25ea8000287", "price_changes": [{"asset_id": "65249763713921911106800536792587915720039618349865339649776218927242924336631", "price": "0.03", "size": "5.78", "side": "BUY", "hash": "32c030dd14b2183a613fd1c08a3c238cb90d5740", "best_bid": "0.22", "best_ask": "0.36"}, {"asset_id": "89135499517478225626457875899535430584955245079575176312396543173022239218395", "price": "0.97", "size": "5.78", "side": "SELL", "hash": "c9e22abb4f097a9accaadd49171ee7ae2060863f", "best_bid": "0.64", "best_ask": "0.78"}], "timestamp": "1769384742384", "event_type": "price_change"}}
{"_local_timestamp": "2026-01-25T23:45:42.717907+00:00", "data": {"market": "0x2401a3354060ac23b5062944956a3ea95a21ad155ee141dca22b77b5069cead5", "price_changes": [{"asset_id": "92426077490069247283959754958996210946507815057942602898525691466790118944540", "price": "0.03", "size": "33.75", "side": "BUY", "hash": "9d1822b5d9cca36df105245d9ca22fff942b77bb", "best_bid": "0.28", "best_ask": "0.96"}, {"asset_id": "29809993680420121829041521802470759704351204111817325020401851092919600935989", "price": "0.97", "size": "33.75", "side": "SELL", "hash": "7b4ad49d86d3a4d1863c6c288d8c9b6d7b7d0da5", "best_bid": "0.04", "best_ask": "0.72"}], "timestamp": "1769384742654", "event_type": "price_change"}}
{"_local_timestamp": "2026-01-25T23:45:48.809866+00:00", "data": {"market": "0xc59e05f66a6acaaeddf42ecc60109a5b29a7bebb68ae9d40312ec25ea8000287", "price_changes": [{"asset_id": "89135499517478225626457875899535430584955245079575176312396543173022239218395", "price": "0.03", "size": "0", "side": "BUY", "hash": "c8d9ed4fce64c446eab88a52f2e4e4a91eded75f", "best_bid": "0.64", "best_ask": "0.78"}, {"asset_id": "65249763713921911106800536792587915720039618349865339649776218927242924336631", "price": "0.97", "size": "0", "side": "SELL", "hash": "a8eda706ae037fc2f28d04690c6dbd166015a829", "best_bid": "0.22", "best_ask": "0.36"}], "timestamp": "1769384748744", "event_type": "price_change"}}
{"_local_timestamp": "2026-01-25T23:45:48.850549+00:00", "data": {"market": "0xc59e05f66a6acaaeddf42ecc60109a5b29a7bebb68ae9d40312ec25ea8000287", "price_changes": [{"asset_id": "89135499517478225626457875899535430584955245079575176312396543173022239218395", "price": "0.64", "size": "0", "side": "BUY", "hash": "43f2a21d752b506536e97f62617b31197c928998", "best_bid": "0.51", "best_ask": "0.78"}, {"asset_id": "65249763713921911106800536792587915720039618349865339649776218927242924336631", "price": "0.36", "size": "0", "side": "SELL", "hash": "e3afd793687fc9c6d86670b847b42cff96f84291", "best_bid": "0.22", "best_ask": "0.49"}], "timestamp": "1769384748781", "event_type": "price_change"}}
{"_local_timestamp": "2026-01-25T23:45:48.854786+00:00", "data": {"market": "0xc59e05f66a6acaaeddf42ecc60109a5b29a7bebb68ae9d40312ec25ea8000287", "price_changes": [{"asset_id": "89135499517478225626457875899535430584955245079575176312396543173022239218395", "price": "0.51", "size": "89", "side": "BUY", "hash": "a27fd2a935b3cab0b203793dcda5bee54ec350d8", "best_bid": "0.51", "best_ask": "0.78"}, {"asset_id": "65249763713921911106800536792587915720039618349865339649776218927242924336631", "price": "0.49", "size": "89", "side": "SELL", "hash": "17225d67857b46d7db578bb42c7e1c61d74e59cb", "best_bid": "0.22", "best_ask": "0.49"}], "timestamp": "1769384748782", "event_type": "price_change"}}
{"_local_timestamp": "2026-01-25T23:45:49.031816+00:00", "data": {"market": "0xc59e05f66a6acaaeddf42ecc60109a5b29a7bebb68ae9d40312ec25ea8000287", "price_changes": [{"asset_id": "89135499517478225626457875899535430584955245079575176312396543173022239218395", "price": "0.02", "size": "4607.32", "side": "BUY", "hash": "641656d5a5d24cb6a2e15a97af2bb372b41c2f60", "best_bid": "0.51", "best_ask": "0.78"}, {"asset_id": "65249763713921911106800536792587915720039618349865339649776218927242924336631", "price": "0.98", "size": "4607.32", "side": "SELL", "hash": "632287d38182e31028955a58d9717e3ec552ebdb", "best_bid": "0.22", "best_ask": "0.49"}], "timestamp": "1769384748962", "event_type": "price_change"}}
{"_local_timestamp": "2026-01-25T23:45:57.231699+00:00", "data": {"market": "0x96933d51a0f93177040c7572e5b4ae6ca5495cd93a08418af55ade18a8848270", "price_changes": [{"asset_id": "85780962061969591778896600914417302208590704743957949859712992465360382739692", "price": "0.06", "size": "895.58", "side": "BUY", "hash": "4616cba3301aa0a941ee0cf8f15c94cc20f31348", "best_bid": "0.07", "best_ask": "0.93"}, {"asset_id": "62678107738722867666510553584045721012525979989359682908746275707554312623850", "price": "0.94", "size": "895.58", "side": "SELL", "hash": "fe4de5d0c9f7ef7df86290139a2e2e4096a74d84", "best_bid": "0.07", "best_ask": "0.93"}], "timestamp": "1769384756837", "event_type": "price_change"}}
{"_local_timestamp": "2026-01-25T23:45:57.243176+00:00", "data": {"market": "0x23b9f464813a604d156b9c39ff5c37853019ede568d57becdf5c439b45628dc4", "price_changes": [{"asset_id": "85837250814074077539211908285417961683753530308174982617161094927667394156047", "price": "0.05", "size": "890.11", "side": "BUY", "hash": "7cdb8d4bcdf4386d1546187bb242fec80db2cc16", "best_bid": "0.07", "best_ask": "0.95"}, {"asset_id": "30536826496310177750894097825596262849854437565863241298303820464255967660406", "price": "0.95", "size": "890.11", "side": "SELL", "hash": "36258b6cd234bd7da0f1b25e33fc852564e89671", "best_bid": "0.05", "best_ask": "0.93"}], "timestamp": "1769384756842", "event_type": "price_change"}}
{"_local_timestamp": "2026-01-25T23:45:57.382401+00:00", "data": {"market": "0x96933d51a0f93177040c7572e5b4ae6ca5495cd93a08418af55ade18a8848270", "price_changes": [{"asset_id": "85780962061969591778896600914417302208590704743957949859712992465360382739692", "price": "0.02", "size": "933.38", "side": "BUY", "hash": "1edcd12bb4827efa6191dee170ee69fb656daf84", "best_bid": "0.07", "best_ask": "0.93"}, {"asset_id": "62678107738722867666510553584045721012525979989359682908746275707554312623850", "price": "0.98", "size": "933.38", "side": "SELL", "hash": "cac4d04033c002b574ae4352b133e283924d6e09", "best_bid": "0.07", "best_ask": "0.93"}], "timestamp": "1769384757231", "event_type": "price_change"}}
{"_local_timestamp": "2026-01-25T23:45:57.421298+00:00", "data": {"market": "0x96933d51a0f93177040c7572e5b4ae6ca5495cd93a08418af55ade18a8848270", "price_changes": [{"asset_id": "85780962061969591778896600914417302208590704743957949859712992465360382739692", "price": "0.01", "size": "11439.99", "side": "BUY", "hash": "a90b98940e4e6e10a83d5015971866035a254748", "best_bid": "0.07", "best_ask": "0.93"}, {"asset_id": "62678107738722867666510553584045721012525979989359682908746275707554312623850", "price": "0.99", "size": "11439.99", "side": "SELL", "hash": "767fbe85c9dc02a62d03ab23f3035b5dfded230a", "best_bid": "0.07", "best_ask": "0.93"}], "timestamp": "1769384757301", "event_type": "price_change"}}
{"_local_timestamp": "2026-01-25T23:45:57.472458+00:00", "data": {"market": "0x23b9f464813a604d156b9c39ff5c37853019ede568d57becdf5c439b45628dc4", "price_changes": [{"asset_id": "85837250814074077539211908285417961683753530308174982617161094927667394156047", "price": "0.01", "size": "11339.99", "side": "BUY", "hash": "6163c326f60120991db2aee16318d3f1683a1754", "best_bid": "0.07", "best_ask": "0.95"}, {"asset_id": "30536826496310177750894097825596262849854437565863241298303820464255967660406", "price": "0.99", "size": "11339.99", "side": "SELL", "hash": "de2389fdc350731e29dedc0e38f7c88df00e9839", "best_bid": "0.05", "best_ask": "0.93"}], "timestamp": "1769384757403", "event_type": "price_change"}}
{"_local_timestamp": "2026-01-25T23:45:57.473131+00:00", "data": {"market": "0x23b9f464813a604d156b9c39ff5c37853019ede568d57becdf5c439b45628dc4", "price_changes": [{"asset_id": "85837250814074077539211908285417961683753530308174982617161094927667394156047", "price": "0.02", "size": "913.9", "side": "BUY", "hash": "c965869d231e46d5f1b83ba3adac0e125d60d78d", "best_bid": "0.07", "best_ask": "0.95"}, {"asset_id": "30536826496310177750894097825596262849854437565863241298303820464255967660406", "price": "0.98", "size": "913.9", "side": "SELL", "hash": "a0521df7a80bb7653fa94588e1e770d02b29a921", "best_bid": "0.05", "best_ask": "0.93"}], "timestamp": "1769384757404", "event_type": "price_change"}}
{"_local_timestamp": "2026-01-25T23:46:32.561644+00:00", "data": {"market": "0x96933d51a0f93177040c7572e5b4ae6ca5495cd93a08418af55ade18a8848270", "price_changes": [{"asset_id": "85780962061969591778896600914417302208590704743957949859712992465360382739692", "price": "0.28", "size": "50", "side": "BUY", "hash": "59923c3dc327342f6e42e1c8a7eaff01d09985d1", "best_bid": "0.28", "best_ask": "0.93"}, {"asset_id": "62678107738722867666510553584045721012525979989359682908746275707554312623850", "price": "0.72", "size": "50", "side": "SELL", "hash": "a3316b27cef8286965927ddbe06a28dbf2abb94e", "best_bid": "0.07", "best_ask": "0.72"}], "timestamp": "1769384792485", "event_type": "price_change"}}
{"_local_timestamp": "2026-01-25T23:46:32.562572+00:00", "data": {"market": "0x23b9f464813a604d156b9c39ff5c37853019ede568d57becdf5c439b45628dc4", "price_changes": [{"asset_id": "85837250814074077539211908285417961683753530308174982617161094927667394156047", "price": "0.28", "size": "50", "side": "BUY", "hash": "a05a98a28bce89e698791e289dde729417f26bf1", "best_bid": "0.28", "best_ask": "0.95"}, {"asset_id": "30536826496310177750894097825596262849854437565863241298303820464255967660406", "price": "0.72", "size": "50", "side": "SELL", "hash": "fb73ee264223e15e77c2ae00f416c6e4daee757e", "best_bid": "0.05", "best_ask": "0.72"}], "timestamp": "1769384792485", "event_type": "price_change"}}
{"_local_timestamp": "2026-01-25T23:46:32.592903+00:00", "data": {"market": "0x23b9f464813a604d156b9c39ff5c37853019ede568d57becdf5c439b45628dc4", "price_changes": [{"asset_id": "85837250814074077539211908285417961683753530308174982617161094927667394156047", "price": "0.06", "size": "6.49", "side": "BUY", "hash": "acd6b3cd60ed47ded0481eae97f8812581bcb296", "best_bid": "0.28", "best_ask": "0.95"}, {"asset_id": "30536826496310177750894097825596262849854437565863241298303820464255967660406", "price": "0.94", "size": "6.49", "side": "SELL", "hash": "fe587418657ea11a021c033e81211eab963f5db0", "best_bid": "0.05", "best_ask": "0.72"}], "timestamp": "1769384792516", "event_type": "price_change"}}
{"_local_timestamp": "2026-01-25T23:46:32.593589+00:00", "data": {"market": "0x96933d51a0f93177040c7572e5b4ae6ca5495cd93a08418af55ade18a8848270", "price_changes": [{"asset_id": "85780962061969591778896600914417302208590704743957949859712992465360382739692", "price": "0.07", "size": "5.47", "side": "BUY", "hash": "3b50a44ba54f51fc8f4dda85d655ce112bc0fe6e", "best_bid": "0.28", "best_ask": "0.93"}, {"asset_id": "62678107738722867666510553584045721012525979989359682908746275707554312623850", "price": "0.93", "size": "5.47", "side": "SELL", "hash": "427f26ed0ce39b749a9194da912b2d3997395c25", "best_bid": "0.07", "best_ask": "0.72"}], "timestamp": "1769384792516", "event_type": "price_change"}}
{"_local_timestamp": "2026-01-25T23:46:32.594203+00:00", "data": {"market": "0x23b9f464813a604d156b9c39ff5c37853019ede568d57becdf5c439b45628dc4", "price_changes": [{"asset_id": "85837250814074077539211908285417961683753530308174982617161094927667394156047", "price": "0.05", "size": "0", "side": "BUY", "hash": "acd6b3cd60ed47ded0481eae97f8812581bcb296", "best_bid": "0.28", "best_ask": "0.95"}, {"asset_id": "30536826496310177750894097825596262849854437565863241298303820464255967660406", "price": "0.95", "size": "0", "side": "SELL", "hash": "fe587418657ea11a021c033e81211eab963f5db0", "best_bid": "0.05", "best_ask": "0.72"}], "timestamp": "1769384792516", "event_type": "price_change"}}
{"_local_timestamp": "2026-01-25T23:46:32.594827+00:00", "data": {"market": "0x96933d51a0f93177040c7572e5b4ae6ca5495cd93a08418af55ade18a8848270", "price_changes": [{"asset_id": "85780962061969591778896600914417302208590704743957949859712992465360382739692", "price": "0.06", "size": "5.47", "side": "BUY", "hash": "3b50a44ba54f51fc8f4dda85d655ce112bc0fe6e", "best_bid": "0.28", "best_ask": "0.93"}, {"asset_id": "62678107738722867666510553584045721012525979989359682908746275707554312623850", "price": "0.94", "size": "5.47", "side": "SELL", "hash": "427f26ed0ce39b749a9194da912b2d3997395c25", "best_bid": "0.07", "best_ask": "0.72"}], "timestamp": "1769384792516", "event_type": "price_change"}}
{"_local_timestamp": "2026-01-25T23:46:48.807176+00:00", "data": {"market": "0x0727f9f4666484828ee1cc5d250be92a5290ce5a69a20467d77931aed5a95d00", "price_changes": [{"asset_id": "35910343730033898022117182434342860526965277191087661958434554396227107909146", "price": "0.05", "size": "23.99", "side": "BUY", "hash": "4a424b4f7847cbf62f93336ae04641a2f1a6427c", "best_bid": "0.05", "best_ask": "0.96"}, {"asset_id": "89219807408614080357426386263610125885671883975534230969322133238697084556538", "price": "0.95", "size": "23.99", "side": "SELL", "hash": "d1264495d8621f4e62ff9a475b24cc7372ed149c", "best_bid": "0.04", "best_ask": "0.95"}], "timestamp": "1769384808734", "event_type": "price_change"}}
{"_local_timestamp": "2026-01-25T23:46:48.895296+00:00", "data": {"market": "0x947eda69992ec87be0835dd381d44e014b118a726913d9de83f4af6ca0b5efcf", "price_changes": [{"asset_id": "18449152278240458640327454535631524659890809526570450948234254399542427812400", "price": "0.05", "size": "23.99", "side": "BUY", "hash": "9b32b8b9761af9ad2258e966e092a834f1365050", "best_bid": "0.05", "best_ask": "0.96"}, {"asset_id": "43177391289123384037057302476684267359530765543005564267433747882504076922907", "price": "0.95", "size": "23.99", "side": "SELL", "hash": "130a7a780cc3c1ce094c9b9f5ef06b1174e2af05", "best_bid": "0.04", "best_ask": "0.95"}], "timestamp": "1769384808827", "event_type": "price_change"}}
{"_local_timestamp": "2026-01-25T23:46:50.071770+00:00", "data": {"market": "0x947eda69992ec87be0835dd381d44e014b118a726913d9de83f4af6ca0b5efcf", "price_changes": [{"asset_id": "18449152278240458640327454535631524659890809526570450948234254399542427812400", "price": "0.04", "size": "0", "side": "BUY", "hash": "753811f5df51223e2e646599b6d44cf4a21d2434", "best_bid": "0.05", "best_ask": "0.96"}, {"asset_id": "43177391289123384037057302476684267359530765543005564267433747882504076922907", "price": "0.96", "size": "0", "side": "SELL", "hash": "2282140f89a5d4ad2465fabf5f05f5f1a16f3515", "best_bid": "0.04", "best_ask": "0.95"}], "timestamp": "1769384809945", "event_type": "price_change"}}
{"_local_timestamp": "2026-01-25T23:46:50.072641+00:00", "data": {"market": "0x0727f9f4666484828ee1cc5d250be92a5290ce5a69a20467d77931aed5a95d00", "price_changes": [{"asset_id": "35910343730033898022117182434342860526965277191087661958434554396227107909146", "price": "0.04", "size": "0", "side": "BUY", "hash": "24c4907bd768ed3b0a15d0e24849861253ed41de", "best_bid": "0.05", "best_ask": "0.96"}, {"asset_id": "89219807408614080357426386263610125885671883975534230969322133238697084556538", "price": "0.96", "size": "0", "side": "SELL", "hash": "79bdb2e15480b5c8142d65b1bf932e7e93175731", "best_bid": "0.04", "best_ask": "0.95"}], "timestamp": "1769384809945", "event_type": "price_change"}}
{"_local_timestamp": "2026-01-25T23:46:50.240462+00:00", "data": {"market": "0x0727f9f4666484828ee1cc5d250be92a5290ce5a69a20467d77931aed5a95d00", "price_changes": [{"asset_id": "35910343730033898022117182434342860526965277191087661958434554396227107909146", "price": "0.06", "size": "5.47", "side": "BUY", "hash": "9ca5346243878407c071904be017b773492a9759", "best_bid": "0.06", "best_ask": "0.96"}, {"asset_id": "89219807408614080357426386263610125885671883975534230969322133238697084556538", "price": "0.94", "size": "5.47", "side": "SELL", "hash": "1bd49c0ef75499df59a443c8d1ea8cd603366936", "best_bid": "0.04", "best_ask": "0.94"}], "timestamp": "1769384810081", "event_type": "price_change"}}
{"_local_timestamp": "2026-01-25T23:46:50.241258+00:00", "data": {"market": "0x947eda69992ec87be0835dd381d44e014b118a726913d9de83f4af6ca0b5efcf", "price_changes": [{"asset_id": "18449152278240458640327454535631524659890809526570450948234254399542427812400", "price": "0.06", "size": "5.47", "side": "BUY", "hash": "8ca913003a4e3a1389e273be60e7e73d03a2c338", "best_bid": "0.06", "best_ask": "0.96"}, {"asset_id": "43177391289123384037057302476684267359530765543005564267433747882504076922907", "price": "0.94", "size": "5.47", "side": "SELL", "hash": "6f7cca059d0b8cf7eba50bc16c5cae6ad8509db7", "best_bid": "0.04", "best_ask": "0.94"}], "timestamp": "1769384810081", "event_type": "price_change"}}
{"_local_timestamp": "2026-01-25T23:46:52.550653+00:00", "data": {"market": "0x96933d51a0f93177040c7572e5b4ae6ca5495cd93a08418af55ade18a8848270", "price_changes": [{"asset_id": "85780962061969591778896600914417302208590704743957949859712992465360382739692", "price": "0.08", "size": "300", "side": "BUY", "hash": "a9c3696a9b50d49ce15107e3638ae3f610099b05", "best_bid": "0.28", "best_ask": "0.93"}, {"asset_id": "62678107738722867666510553584045721012525979989359682908746275707554312623850", "price": "0.92", "size": "300", "side": "SELL", "hash": "997d0ab12ea7580c008439b0480a4e72f6fa5b87", "best_bid": "0.07", "best_ask": "0.72"}], "timestamp": "1769384812474", "event_type": "price_change"}}
{"_local_timestamp": "2026-01-25T23:46:52.806703+00:00", "data": {"market": "0x96933d51a0f93177040c7572e5b4ae6ca5495cd93a08418af55ade18a8848270", "price_changes": [{"asset_id": "85780962061969591778896600914417302208590704743957949859712992465360382739692", "price": "0.09", "size": "890.11", "side": "BUY", "hash": "3e4fd6eaa902b639e294ba5c0f02ff74d8c3b844", "best_bid": "0.28", "best_ask": "0.93"}, {"asset_id": "62678107738722867666510553584045721012525979989359682908746275707554312623850", "price": "0.91", "size": "890.11", "side": "SELL", "hash": "33abd5499f45f359c126d0bbef5f237415c5e58f", "best_bid": "0.07", "best_ask": "0.72"}], "timestamp": "1769384812736", "event_type": "price_change"}}
{"_local_timestamp": "2026-01-25T23:46:52.807504+00:00", "data": {"market": "0x96933d51a0f93177040c7572e5b4ae6ca5495cd93a08418af55ade18a8848270", "price_changes": [{"asset_id": "85780962061969591778896600914417302208590704743957949859712992465360382739692", "price": "0.08", "size": "1190.11", "side": "BUY", "hash": "5519df0d076147eaa9b9a70e90f07905b27b70f0", "best_bid": "0.28", "best_ask": "0.93"}, {"asset_id": "62678107738722867666510553584045721012525979989359682908746275707554312623850", "price": "0.92", "size": "1190.11", "side": "SELL", "hash": "79d59748c5ee8ced62e583879301c0d0601ff1a6", "best_bid": "0.07", "best_ask": "0.72"}], "timestamp": "1769384812737", "event_type": "price_change"}}
{"_local_timestamp": "2026-01-25T23:46:52.863462+00:00", "data": {"market": "0x23b9f464813a604d156b9c39ff5c37853019ede568d57becdf5c439b45628dc4", "price_changes": [{"asset_id": "85837250814074077539211908285417961683753530308174982617161094927667394156047", "price": "0.07", "size": "310.94", "side": "BUY", "hash": "0f64045357b872e953133b52e20a5305755c65d0", "best_bid": "0.28", "best_ask": "0.95"}, {"asset_id": "30536826496310177750894097825596262849854437565863241298303820464255967660406", "price": "0.93", "size": "310.94", "side": "SELL", "hash": "9d4c74aa4ba9bfc85eb027e5b575fd75c1725cfb", "best_bid": "0.05", "best_ask": "0.72"}], "timestamp": "1769384812796", "event_type": "price_change"}}
{"_local_timestamp": "2026-01-25T23:46:52.939821+00:00", "data": {"market": "0x23b9f464813a604d156b9c39ff5c37853019ede568d57becdf5c439b45628dc4", "price_changes": [{"asset_id": "85837250814074077539211908285417961683753530308174982617161094927667394156047", "price": "0.08", "size": "890.11", "side": "BUY", "hash": "389ef110647f0cc67dd09185b6de01518e0b4594", "best_bid": "0.28", "best_ask": "0.95"}, {"asset_id": "30536826496310177750894097825596262849854437565863241298303820464255967660406", "price": "0.92", "size": "890.11", "side": "SELL", "hash": "6d13d5d0196bf2e740f7b0de61a7cd00eadb5eb2", "best_bid": "0.05", "best_ask": "0.72"}], "timestamp": "1769384812862", "event_type": "price_change"}}
{"_local_timestamp": "2026-01-25T23:46:52.940634+00:00", "data": {"market": "0x23b9f464813a604d156b9c39ff5c37853019ede568d57becdf5c439b45628dc4", "price_changes": [{"asset_id": "85837250814074077539211908285417961683753530308174982617161094927667394156047", "price": "0.07", "size": "1201.05", "side": "BUY", "hash": "ea405071ccd599d7c0bf9b1376ad4efa0219212f", "best_bid": "0.28", "best_ask": "0.95"}, {"asset_id": "30536826496310177750894097825596262849854437565863241298303820464255967660406", "price": "0.93", "size": "1201.05", "side": "SELL", "hash": "7797e02dcc5e705d9f6215a8439ab7770ce6a234", "best_bid": "0.05", "best_ask": "0.72"}], "timestamp": "1769384812864", "event_type": "price_change"}}
{"_local_timestamp": "2026-01-25T23:46:52.987916+00:00", "data": {"market": "0x23b9f464813a604d156b9c39ff5c37853019ede568d57becdf5c439b45628dc4", "price_changes": [{"asset_id": "85837250814074077539211908285417961683753530308174982617161094927667394156047", "price": "0.09", "size": "1270.1", "side": "BUY", "hash": "214a7bb4361d90c355c5880925ec0e9a91be5afd", "best_bid": "0.28", "best_ask": "0.95"}, {"asset_id": "30536826496310177750894097825596262849854437565863241298303820464255967660406", "price": "0.91", "size": "1270.1", "side": "SELL", "hash": "41b9c47a035b5aeb80b962ed435bcfae84ac39ee", "best_bid": "0.05", "best_ask": "0.72"}], "timestamp": "1769384812921", "event_type": "price_change"}}
{"_local_timestamp": "2026-01-25T23:46:52.997533+00:00", "data": {"market": "0x23b9f464813a604d156b9c39ff5c37853019ede568d57becdf5c439b45628dc4", "price_changes": [{"asset_id": "85837250814074077539211908285417961683753530308174982617161094927667394156047", "price": "0.09", "size": "3267.21", "side": "BUY", "hash": "3a8053d487dd9cfc51b13ad1e6df0514ad0b6f35", "best_bid": "0.28", "best_ask": "0.95"}, {"asset_id": "30536826496310177750894097825596262849854437565863241298303820464255967660406", "price": "0.91", "size": "3267.21", "side": "SELL", "hash": "71af1ae1ea2e01ebca930738c157627c69bb9632", "best_bid": "0.05", "best_ask": "0.72"}], "timestamp": "1769384812925", "event_type": "price_change"}}
{"_local_timestamp": "2026-01-25T23:46:53.193552+00:00", "data": {"market": "0x23b9f464813a604d156b9c39ff5c37853019ede568d57becdf5c439b45628dc4", "price_changes": [{"asset_id": "85837250814074077539211908285417961683753530308174982617161094927667394156047", "price": "0.09", "size": "4157.32", "side": "BUY", "hash": "a249f419c33ba97976ef39416df5a58ea632522b", "best_bid": "0.28", "best_ask": "0.95"}, {"asset_id": "30536826496310177750894097825596262849854437565863241298303820464255967660406", "price": "0.91", "size": "4157.32", "side": "SELL", "hash": "f6c7b19b7f52bc38595e32d37e1d8dd8e4130711", "best_bid": "0.05", "best_ask": "0.72"}], "timestamp": "1769384813124", "event_type": "price_change"}}
{"_local_timestamp": "2026-01-25T23:47:09.785873+00:00", "data": {"market": "0xc59e05f66a6acaaeddf42ecc60109a5b29a7bebb68ae9d40312ec25ea8000287", "price_changes": [{"asset_id": "65249763713921911106800536792587915720039618349865339649776218927242924336631", "price": "0.2", "size": "50", "side": "BUY", "hash": "567d422ce5f1d8affc79971dafa65a9d7d9491d1", "best_bid": "0.22", "best_ask": "0.49"}, {"asset_id": "89135499517478225626457875899535430584955245079575176312396543173022239218395", "price": "0.8", "size": "50", "side": "SELL", "hash": "d01c6c3dcd269df24455adee49cc8b0344b5b667", "best_bid": "0.51", "best_ask": "0.78"}], "timestamp": "1769384829708", "event_type": "price_change"}}
{"_local_timestamp": "2026-01-25T23:47:09.786825+00:00", "data": {"market": "0xc59e05f66a6acaaeddf42ecc60109a5b29a7bebb68ae9d40312ec25ea8000287", "price_changes": [{"asset_id": "89135499517478225626457875899535430584955245079575176312396543173022239218395", "price": "0.64", "size": "50", "side": "BUY", "hash": "fa1b744b123a49ee5edf1dbd10342e8aa5d02b48", "best_bid": "0.64", "best_ask": "0.78"}, {"asset_id": "65249763713921911106800536792587915720039618349865339649776218927242924336631", "price": "0.36", "size": "50", "side": "SELL", "hash": "b5b4e8b063d35289c4ff49bb65647658cccb3b8c", "best_bid": "0.22", "best_ask": "0.36"}], "timestamp": "1769384829709", "event_type": "price_change"}}
{"_local_timestamp": "2026-01-25T23:47:09.829962+00:00", "data": {"market": "0xc59e05f66a6acaaeddf42ecc60109a5b29a7bebb68ae9d40312ec25ea8000287", "price_changes": [{"asset_id": "65249763713921911106800536792587915720039618349865339649776218927242924336631", "price": "0.16", "size": "10", "side": "BUY", "hash": "2df2f32775fa87b5dd837613134cb9de975117a1", "best_bid": "0.22", "best_ask": "0.36"}, {"asset_id": "89135499517478225626457875899535430584955245079575176312396543173022239218395", "price": "0.84", "size": "10", "side": "SELL", "hash": "eeca3804283118f85689a16edb69d18d970e8d57", "best_bid": "0.64", "best_ask": "0.78"}], "timestamp": "1769384829757", "event_type": "price_change"}}
{"_local_timestamp": "2026-01-25T23:47:09.841084+00:00", "data": {"market": "0xc59e05f66a6acaaeddf42ecc60109a5b29a7bebb68ae9d40312ec25ea8000287", "price_changes": [{"asset_id": "65249763713921911106800536792587915720039618349865339649776218927242924336631", "price": "0.2", "size": "83", "side": "BUY", "hash": "e44136e4d92ffa7297d978916ebb4915e9d4485c", "best_bid": "0.22", "best_ask": "0.36"}, {"asset_id": "89135499517478225626457875899535430584955245079575176312396543173022239218395", "price": "0.8", "size": "83", "side": "SELL", "hash": "588b9fa309401eb919d67d0935400e6f77caf89d", "best_bid": "0.64", "best_ask": "0.78"}], "timestamp": "1769384829772", "event_type": "price_change"}}
{"_local_timestamp": "2026-01-25T23:47:11.827190+00:00", "data": {"market": "0xc59e05f66a6acaaeddf42ecc60109a5b29a7bebb68ae9d40312ec25ea8000287", "price_changes": [{"asset_id": "65249763713921911106800536792587915720039618349865339649776218927242924336631", "price": "0.16", "size": "17", "side": "BUY", "hash": "90eed325b87fa9bc00db2f6c6b9be5f949fcc016", "best_bid": "0.22", "best_ask": "0.36"}, {"asset_id": "89135499517478225626457875899535430584955245079575176312396543173022239218395", "price": "0.84", "size": "17", "side": "SELL", "hash": "391499de568a82e87c449ab13726d4fb5c642511", "best_bid": "0.64", "best_ask": "0.78"}], "timestamp": "1769384831757", "event_type": "price_change"}}
{"_local_timestamp": "2026-01-25T23:47:11.828009+00:00", "data": {"market": "0xc59e05f66a6acaaeddf42ecc60109a5b29a7bebb68ae9d40312ec25ea8000287", "price_changes": [{"asset_id": "89135499517478225626457875899535430584955245079575176312396543173022239218395", "price": "0.64", "size": "89", "side": "BUY", "hash": "4f7dbf0a8c6bd7487017c9f64acfb12fe5b8dd75", "best_bid": "0.64", "best_ask": "0.78"}, {"asset_id": "65249763713921911106800536792587915720039618349865339649776218927242924336631", "price": "0.36", "size": "89", "side": "SELL", "hash": "3d4dbe87b455f75f706b709588c4a6c15403462c", "best_bid": "0.22", "best_ask": "0.36"}], "timestamp": "1769384831758", "event_type": "price_change"}}
{"_local_timestamp": "2026-01-25T23:47:11.839089+00:00", "data": {"market": "0xc59e05f66a6acaaeddf42ecc60109a5b29a7bebb68ae9d40312ec25ea8000287", "price_changes": [{"asset_id": "89135499517478225626457875899535430584955245079575176312396543173022239218395", "price": "0.51", "size": "50", "side": "BUY", "hash": "cb34fddc64a8f226ce92fcccecdd87aa7bfb097a", "best_bid": "0.64", "best_ask": "0.78"}, {"asset_id": "65249763713921911106800536792587915720039618349865339649776218927242924336631", "price": "0.49", "size": "50", "side": "SELL", "hash": "5925c0ea7056460a1cf74b037e6d8048b6fe6279", "best_bid": "0.22", "best_ask": "0.36"}], "timestamp": "1769384831758", "event_type": "price_change"}}
{"_local_timestamp": "2026-01-25T23:47:26.091755+00:00", "data": {"market": "0x2401a3354060ac23b5062944956a3ea95a21ad155ee141dca22b77b5069cead5", "price_changes": [{"asset_id": "92426077490069247283959754958996210946507815057942602898525691466790118944540", "price": "0.28", "size": "0", "side": "BUY", "hash": "97f2ffeac3e12d93ba1b7a8b2312a870a09d7e0a", "best_bid": "0.07", "best_ask": "0.96"}, {"asset_id": "29809993680420121829041521802470759704351204111817325020401851092919600935989", "price": "0.72", "size": "0", "side": "SELL", "hash": "703396b8fc16e8d046d310704808e220edd3c2bb", "best_bid": "0.04", "best_ask": "0.93"}], "timestamp": "1769384846005", "event_type": "price_change"}}
{"_local_timestamp": "2026-01-25T23:48:18.153415+00:00", "data": {"market": "0x947eda69992ec87be0835dd381d44e014b118a726913d9de83f4af6ca0b5efcf", "price_changes": [{"asset_id": "18449152278240458640327454535631524659890809526570450948234254399542427812400", "price": "0.05", "size": "0", "side": "BUY", "hash": "5abf6202143f488a72d066cec3e9a42666e9b0af", "best_bid": "0.06", "best_ask": "0.96"}, {"asset_id": "43177391289123384037057302476684267359530765543005564267433747882504076922907", "price": "0.95", "size": "0", "side": "SELL", "hash": "0b9d6a7d8e748209c140ea8608225f67677bf97c", "best_bid": "0.04", "best_ask": "0.94"}], "timestamp": "1769384897904", "event_type": "price_change"}}
{"_local_timestamp": "2026-01-25T23:48:18.156636+00:00", "data": {"market": "0x0727f9f4666484828ee1cc5d250be92a5290ce5a69a20467d77931aed5a95d00", "price_changes": [{"asset_id": "35910343730033898022117182434342860526965277191087661958434554396227107909146", "price": "0.05", "size": "0", "side": "BUY", "hash": "b53b03e50f7cbc077c750660e36c701fda79b5b2", "best_bid": "0.06", "best_ask": "0.96"}, {"asset_id": "89219807408614080357426386263610125885671883975534230969322133238697084556538", "price": "0.95", "size": "0", "side": "SELL", "hash": "d32257a94d8d8082b4a0705b0068ee46901adbc8", "best_bid": "0.04", "best_ask": "0.94"}], "timestamp": "1769384897904", "event_type": "price_change"}}
{"_local_timestamp": "2026-01-25T23:48:21.857755+00:00", "data": {"market": "0x947eda69992ec87be0835dd381d44e014b118a726913d9de83f4af6ca0b5efcf", "price_changes": [{"asset_id": "18449152278240458640327454535631524659890809526570450948234254399542427812400", "price": "0.06", "size": "0", "side": "BUY", "hash": "c9f6364d254464f7057af0fa08b32988a13ab8f8", "best_bid": "0.03", "best_ask": "0.96"}, {"asset_id": "43177391289123384037057302476684267359530765543005564267433747882504076922907", "price": "0.94", "size": "0", "side": "SELL", "hash": "42bb3f2ce40fb527083dd32137193b67f16af19d", "best_bid": "0.04", "best_ask": "0.97"}], "timestamp": "1769384901647", "event_type": "price_change"}}
{"_local_timestamp": "2026-01-25T23:48:21.865628+00:00", "data": {"market": "0x0727f9f4666484828ee1cc5d250be92a5290ce5a69a20467d77931aed5a95d00", "price_changes": [{"asset_id": "35910343730033898022117182434342860526965277191087661958434554396227107909146", "price": "0.06", "size": "0", "side": "BUY", "hash": "8a8bbc95eb59e93ac95a88f898a9828191aabbac", "best_bid": "0.03", "best_ask": "0.96"}, {"asset_id": "89219807408614080357426386263610125885671883975534230969322133238697084556538", "price": "0.94", "size": "0", "side": "SELL", "hash": "27f6c2548a011331ae28c0e55595c08af371b1e8", "best_bid": "0.04", "best_ask": "0.97"}], "timestamp": "1769384901647", "event_type": "price_change"}}
{"_local_timestamp": "2026-01-25T23:48:22.270176+00:00", "data": {"market": "0x0727f9f4666484828ee1cc5d250be92a5290ce5a69a20467d77931aed5a95d00", "price_changes": [{"asset_id": "35910343730033898022117182434342860526965277191087661958434554396227107909146", "price": "0.04", "size": "5.47", "side": "BUY", "hash": "57334b96b61da982eb042a1d71f14fd8842cb709", "best_bid": "0.04", "best_ask": "0.96"}, {"asset_id": "89219807408614080357426386263610125885671883975534230969322133238697084556538", "price": "0.96", "size": "5.47", "side": "SELL", "hash": "65b220877788775d82b59f5009b013554822901a", "best_bid": "0.04", "best_ask": "0.96"}], "timestamp": "1769384902011", "event_type": "price_change"}}
{"_local_timestamp": "2026-01-25T23:48:22.270938+00:00", "data": {"market": "0x947eda69992ec87be0835dd381d44e014b118a726913d9de83f4af6ca0b5efcf", "price_changes": [{"asset_id": "18449152278240458640327454535631524659890809526570450948234254399542427812400", "price": "0.04", "size": "5.47", "side": "BUY", "hash": "9db84d955291fce29018c5b452cf7eceaa37bb36", "best_bid": "0.04", "best_ask": "0.96"}, {"asset_id": "43177391289123384037057302476684267359530765543005564267433747882504076922907", "price": "0.96", "size": "5.47", "side": "SELL", "hash": "11f4ea749fecea5c481cc9be6fa82c53c1d002aa", "best_bid": "0.04", "best_ask": "0.96"}], "timestamp": "1769384902011", "event_type": "price_change"}}
{"_local_timestamp": "2026-01-25T23:48:52.692491+00:00", "data": {"market": "0x2401a3354060ac23b5062944956a3ea95a21ad155ee141dca22b77b5069cead5", "price_changes": [{"asset_id": "92426077490069247283959754958996210946507815057942602898525691466790118944540", "price": "0.28", "size": "50", "side": "BUY", "hash": "b6dce7b9a9782b0dd035d877b7b74cfd84927167", "best_bid": "0.28", "best_ask": "0.96"}, {"asset_id": "29809993680420121829041521802470759704351204111817325020401851092919600935989", "price": "0.72", "size": "50", "side": "SELL", "hash": "9325fee39a43c3e790787747e3273c65a36d0d39", "best_bid": "0.04", "best_ask": "0.72"}], "timestamp": "1769384932617", "event_type": "price_change"}}
{"_local_timestamp": "2026-01-25T23:49:43.990828+00:00", "data": {"market": "0x0727f9f4666484828ee1cc5d250be92a5290ce5a69a20467d77931aed5a95d00", "price_changes": [{"asset_id": "35910343730033898022117182434342860526965277191087661958434554396227107909146", "price": "0.05", "size": "23.99", "side": "BUY", "hash": "e727d0e957fd5401d6364ef5ed5df12e9ac59025", "best_bid": "0.05", "best_ask": "0.96"}, {"asset_id": "89219807408614080357426386263610125885671883975534230969322133238697084556538", "price": "0.95", "size": "23.99", "side": "SELL", "hash": "0cb21f071fec9812853be90fa09bf3756deb9a55", "best_bid": "0.04", "best_ask": "0.95"}], "timestamp": "1769384983921", "event_type": "price_change"}}
{"_local_timestamp": "2026-01-25T23:49:43.991909+00:00", "data": {"market": "0x947eda69992ec87be0835dd381d44e014b118a726913d9de83f4af6ca0b5efcf", "price_changes": [{"asset_id": "18449152278240458640327454535631524659890809526570450948234254399542427812400", "price": "0.05", "size": "23.99", "side": "BUY", "hash": "b335e042874ac6b6170ebcc6b3da7e6eccf65d4d", "best_bid": "0.05", "best_ask": "0.96"}, {"asset_id": "43177391289123384037057302476684267359530765543005564267433747882504076922907", "price": "0.95", "size": "23.99", "side": "SELL", "hash": "124cf06e176d85200ee726f2fc49526f757bb59f", "best_bid": "0.04", "best_ask": "0.95"}], "timestamp": "1769384983921", "event_type": "price_change"}}
{"_local_timestamp": "2026-01-25T23:49:44.499475+00:00", "data": {"market": "0x96933d51a0f93177040c7572e5b4ae6ca5495cd93a08418af55ade18a8848270", "price_changes": [{"asset_id": "85780962061969591778896600914417302208590704743957949859712992465360382739692", "price": "0.02", "size": "890.11", "side": "BUY", "hash": "bc50e274b6d7d7c4671a4b095d42f3d383aec3c7", "best_bid": "0.28", "best_ask": "0.93"}, {"asset_id": "62678107738722867666510553584045721012525979989359682908746275707554312623850", "price": "0.98", "size": "890.11", "side": "SELL", "hash": "1e301c15f1b3992f2897e60ac62f24bc5a6d29a2", "best_bid": "0.07", "best_ask": "0.72"}], "timestamp": "1769384984432", "event_type": "price_change"}}
{"_local_timestamp": "2026-01-25T23:49:44.500258+00:00", "data": {"market": "0x23b9f464813a604d156b9c39ff5c37853019ede568d57becdf5c439b45628dc4", "price_changes": [{"asset_id": "85837250814074077539211908285417961683753530308174982617161094927667394156047", "price": "0.02", "size": "890.11", "side": "BUY", "hash": "24d5cbe4d89e6e6bb34da382056a16493079d450", "best_bid": "0.28", "best_ask": "0.95"}, {"asset_id": "30536826496310177750894097825596262849854437565863241298303820464255967660406", "price": "0.98", "size": "890.11", "side": "SELL", "hash": "b24430265e8bac84c1d294330d6f8a09c7509e12", "best_bid": "0.05", "best_ask": "0.72"}], "timestamp": "1769384984432", "event_type": "price_change"}}
{"_local_timestamp": "2026-01-25T23:49:44.501963+00:00", "data": {"market": "0x23b9f464813a604d156b9c39ff5c37853019ede568d57becdf5c439b45628dc4", "price_changes": [{"asset_id": "85837250814074077539211908285417961683753530308174982617161094927667394156047", "price": "0.06", "size": "0", "side": "BUY", "hash": "24d5cbe4d89e6e6bb34da382056a16493079d450", "best_bid": "0.28", "best_ask": "0.95"}, {"asset_id": "30536826496310177750894097825596262849854437565863241298303820464255967660406", "price": "0.94", "size": "0", "side": "SELL", "hash": "b24430265e8bac84c1d294330d6f8a09c7509e12", "best_bid": "0.05", "best_ask": "0.72"}], "timestamp": "1769384984432", "event_type": "price_change"}}
{"_local_timestamp": "2026-01-25T23:49:44.563494+00:00", "data": {"market": "0x23b9f464813a604d156b9c39ff5c37853019ede568d57becdf5c439b45628dc4", "price_changes": [{"asset_id": "85837250814074077539211908285417961683753530308174982617161094927667394156047", "price": "0.09", "size": "0", "side": "BUY", "hash": "d1e1122764b5dcd22660cba504a68c41ed1cd75a", "best_bid": "0.28", "best_ask": "0.95"}, {"asset_id": "30536826496310177750894097825596262849854437565863241298303820464255967660406", "price": "0.91", "size": "0", "side": "SELL", "hash": "21b38fe8a7bddd966f52902e3d6f6c3818d85b60", "best_bid": "0.05", "best_ask": "0.72"}], "timestamp": "1769384984488", "event_type": "price_change"}}
{"_local_timestamp": "2026-01-25T23:49:44.564286+00:00", "data": {"market": "0x96933d51a0f93177040c7572e5b4ae6ca5495cd93a08418af55ade18a8848270", "price_changes": [{"asset_id": "85780962061969591778896600914417302208590704743957949859712992465360382739692", "price": "0.02", "size": "0", "side": "BUY", "hash": "547b1a84276fd49ea6d53427e66ab1e9705cbeda", "best_bid": "0.28", "best_ask": "0.93"}, {"asset_id": "62678107738722867666510553584045721012525979989359682908746275707554312623850", "price": "0.98", "size": "0", "side": "SELL", "hash": "6e438e2b099d878f4ce9a7a1b2fb6671575a396c", "best_bid": "0.07", "best_ask": "0.72"}], "timestamp": "1769384984488", "event_type": "price_change"}}
{"_local_timestamp": "2026-01-25T23:49:44.564989+00:00", "data": {"market": "0x23b9f464813a604d156b9c39ff5c37853019ede568d57becdf5c439b45628dc4", "price_changes": [{"asset_id": "85837250814074077539211908285417961683753530308174982617161094927667394156047", "price": "0.02", "size": "0", "side": "BUY", "hash": "d1e1122764b5dcd22660cba504a68c41ed1cd75a", "best_bid": "0.28", "best_ask": "0.95"}, {"asset_id": "30536826496310177750894097825596262849854437565863241298303820464255967660406", "price": "0.98", "size": "0", "side": "SELL", "hash": "21b38fe8a7bddd966f52902e3d6f6c3818d85b60", "best_bid": "0.05", "best_ask": "0.72"}], "timestamp": "1769384984488", "event_type": "price_change"}}
{"_local_timestamp": "2026-01-25T23:49:44.565681+00:00", "data": {"market": "0x96933d51a0f93177040c7572e5b4ae6ca5495cd93a08418af55ade18a8848270", "price_changes": [{"asset_id": "85780962061969591778896600914417302208590704743957949859712992465360382739692", "price": "0.01", "size": "10549.88", "side": "BUY", "hash": "547b1a84276fd49ea6d53427e66ab1e9705cbeda", "best_bid": "0.28", "best_ask": "0.93"}, {"asset_id": "62678107738722867666510553584045721012525979989359682908746275707554312623850", "price": "0.99", "size": "10549.88", "side": "SELL", "hash": "6e438e2b099d878f4ce9a7a1b2fb6671575a396c", "best_bid": "0.07", "best_ask": "0.72"}], "timestamp": "1769384984488", "event_type": "price_change"}}
{"_local_timestamp": "2026-01-25T23:49:44.566365+00:00", "data": {"market": "0x23b9f464813a604d156b9c39ff5c37853019ede568d57becdf5c439b45628dc4", "price_changes": [{"asset_id": "85837250814074077539211908285417961683753530308174982617161094927667394156047", "price": "0.01", "size": "10449.88", "side": "BUY", "hash": "d1e1122764b5dcd22660cba504a68c41ed1cd75a", "best_bid": "0.28", "best_ask": "0.95"}, {"asset_id": "30536826496310177750894097825596262849854437565863241298303820464255967660406", "price": "0.99", "size": "10449.88", "side": "SELL", "hash": "21b38fe8a7bddd966f52902e3d6f6c3818d85b60", "best_bid": "0.05", "best_ask": "0.72"}], "timestamp": "1769384984488", "event_type": "price_change"}}
{"_local_timestamp": "2026-01-25T23:49:44.855480+00:00", "data": {"market": "0x96933d51a0f93177040c7572e5b4ae6ca5495cd93a08418af55ade18a8848270", "price_changes": [{"asset_id": "85780962061969591778896600914417302208590704743957949859712992465360382739692", "price": "0.02", "size": "43.27", "side": "BUY", "hash": "a10a3eb47b1937673e860c6466caaaa1a89f4de9", "best_bid": "0.28", "best_ask": "0.93"}, {"asset_id": "62678107738722867666510553584045721012525979989359682908746275707554312623850", "price": "0.98", "size": "43.27", "side": "SELL", "hash": "09fc225415bc64acba7444c814c8d8031e5a4a31", "best_bid": "0.07", "best_ask": "0.72"}], "timestamp": "1769384984784", "event_type": "price_change"}}
{"_local_timestamp": "2026-01-25T23:49:44.856358+00:00", "data": {"market": "0x23b9f464813a604d156b9c39ff5c37853019ede568d57becdf5c439b45628dc4", "price_changes": [{"asset_id": "85837250814074077539211908285417961683753530308174982617161094927667394156047", "price": "0.09", "size": "5.84", "side": "BUY", "hash": "b74a57dfba3ae159deeedc89cd374fe3b435d602", "best_bid": "0.28", "best_ask": "0.95"}, {"asset_id": "30536826496310177750894097825596262849854437565863241298303820464255967660406", "price": "0.91", "size": "5.84", "side": "SELL", "hash": "91c97a811dc6691e261c689f86170809841644ed", "best_bid": "0.05", "best_ask": "0.72"}], "timestamp": "1769384984784", "event_type": "price_change"}}
{"_local_timestamp": "2026-01-25T23:49:44.857079+00:00", "data": {"market": "0x23b9f464813a604d156b9c39ff5c37853019ede568d57becdf5c439b45628dc4", "price_changes": [{"asset_id": "85837250814074077539211908285417961683753530308174982617161094927667394156047", "price": "0.02", "size": "16.96", "side": "BUY", "hash": "75f17ea47e6b581d19ecb01687d7d005ac3ec284", "best_bid": "0.28", "best_ask": "0.95"}, {"asset_id": "30536826496310177750894097825596262849854437565863241298303820464255967660406", "price": "0.98", "size": "16.96", "side": "SELL", "hash": "4ca2e9c7f6d548f9294262fa697a568f77ce90d7", "best_bid": "0.05", "best_ask": "0.72"}], "timestamp": "1769384984785", "event_type": "price_change"}}
{"_local_timestamp": "2026-01-25T23:49:46.403449+00:00", "data": {"market": "0x947eda69992ec87be0835dd381d44e014b118a726913d9de83f4af6ca0b5efcf", "price_changes": [{"asset_id": "18449152278240458640327454535631524659890809526570450948234254399542427812400", "price": "0.01", "size": "293.28", "side": "BUY", "hash": "40b41d63b93d974d444fe73d20823fb849348431", "best_bid": "0.05", "best_ask": "0.96"}, {"asset_id": "43177391289123384037057302476684267359530765543005564267433747882504076922907", "price": "0.99", "size": "293.28", "side": "SELL", "hash": "cc62a6656e93ba05212d538cbb937da0204952d3", "best_bid": "0.04", "best_ask": "0.95"}], "timestamp": "1769384986331", "event_type": "price_change"}}
{"_local_timestamp": "2026-01-25T23:49:46.404307+00:00", "data": {"market": "0x2401a3354060ac23b5062944956a3ea95a21ad155ee141dca22b77b5069cead5", "price_changes": [{"asset_id": "92426077490069247283959754958996210946507815057942602898525691466790118944540", "price": "0.03", "size": "23", "side": "BUY", "hash": "e46087a5d6284484a565b6dd28b11c7c151b64ec", "best_bid": "0.28", "best_ask": "0.96"}, {"asset_id": "29809993680420121829041521802470759704351204111817325020401851092919600935989", "price": "0.97", "size": "23", "side": "SELL", "hash": "0915e53d5777e5b82ce1fa3ffd72f82fbe16d30a", "best_bid": "0.04", "best_ask": "0.72"}], "timestamp": "1769384986331", "event_type": "price_change"}}
{"_local_timestamp": "2026-01-25T23:49:46.405004+00:00", "data": {"market": "0xc59e05f66a6acaaeddf42ecc60109a5b29a7bebb68ae9d40312ec25ea8000287", "price_changes": [{"asset_id": "65249763713921911106800536792587915720039618349865339649776218927242924336631", "price": "0.03", "size": "0", "side": "BUY", "hash": "e371473674ca18d920cbec97271023e841834caf", "best_bid": "0.22", "best_ask": "0.36"}, {"asset_id": "89135499517478225626457875899535430584955245079575176312396543173022239218395", "price": "0.97", "size": "0", "side": "SELL", "hash": "cc3654ed2d027817296aa5c815e48d4918602a54", "best_bid": "0.64", "best_ask": "0.78"}], "timestamp": "1769384986331", "event_type": "price_change"}}
{"_local_timestamp": "2026-01-25T23:49:46.405715+00:00", "data": {"market": "0xc59e05f66a6acaaeddf42ecc60109a5b29a7bebb68ae9d40312ec25ea8000287", "price_changes": [{"asset_id": "65249763713921911106800536792587915720039618349865339649776218927242924336631", "price": "0.06", "size": "0", "side": "BUY", "hash": "e371473674ca18d920cbec97271023e841834caf", "best_bid": "0.22", "best_ask": "0.36"}, {"asset_id": "89135499517478225626457875899535430584955245079575176312396543173022239218395", "price": "0.94", "size": "0", "side": "SELL", "hash": "cc3654ed2d027817296aa5c815e48d4918602a54", "best_bid": "0.64", "best_ask": "0.78"}], "timestamp": "1769384986331", "event_type": "price_change"}}
