{"_local_timestamp": "2026-01-25T23:34:20.825727+00:00", "data": [{"market": "0x955dd36f151fe79cda775370a2e09049998932d5ea090d97bf0e2fde8f11b26d", "asset_id": "11868101818250841972253954473857780150009778302053902404036716275197677080100", "timestamp": "1769383986053", "hash": "dc4c5ff1d644dacae5d09fc537b9e8afd02c624a", "bids": [{"price": "0.01", "size": "10448.67"}, {"price": "0.02", "size": "10606.43"}, {"price": "0.03", "size": "29.25"}, {"price": "0.14", "size": "300"}, {"price": "0.16", "size": "1090.11"}, {"price": "0.17", "size": "890.11"}, {"price": "0.18", "size": "125"}, {"price": "0.19", "size": "137"}, {"price": "0.28", "size": "10"}, {"price": "0.29", "size": "84"}], "asks": [{"price": "0.99", "size": "6440.75"}, {"price": "0.98", "size": "4307.32"}, {"price": "0.97", "size": "5.14"}, {"price": "0.95", "size": "20"}, {"price": "0.94", "size": "12.15"}, {"price": "0.89", "size": "300"}, {"price": "0.87", "size": "200"}, {"price": "0.86", "size": "125"}, {"price": "0.85", "size": "75"}, {"price": "0.81", "size": "1190.11"}, {"price": "0.8", "size": "890.11"}, {"price": "0.68", "size": "10"}, {"price": "0.67", "size": "80"}], "event_type": "book", "last_trade_price": "0.460"}, {"market": "0x7e2d51c512742b3be63926379eaf47a1ac32a4161c34c76795aaa4535f78d91b", "asset_id": "4942562966117907387247180723446863345452277275411471691291105714045772726888", "timestamp": "1769382050785", "hash": "d39af74885a929868973b17d1301e18e428a15e6", "bids": [{"price": "0.01", "size": "348.81"}, {"price": "0.02", "size": "158.94"}, {"price": "0.03", "size": "189.07"}, {"price": "0.04", "size": "25"}, {"price": "0.05", "size": "86.01"}], "asks": [{"price": "0.99", "size": "344.79"}, {"price": "0.98", "size": "157.03"}, {"price": "0.97", "size": "12.74"}, {"price": "0.96", "size": "106"}, {"price": "0.95", "size": "60"}, {"price": "0.94", "size": "43.95"}], "event_type": "book", "last_trade_price": ""}, {"market": "0xf99ee81e1df20ad515d4d8c5614296e55407cb4c1a730bd4b2ca95e8d090de39", "asset_id": "51695412102885289871089630836668975367967068438917673374772938097335162147956", "timestamp": "1769383983499", "hash": "f3a863b143a037635bcfaf883a5f94ec9bf4f1a6", "bids": [{"price": "0.01", "size": "10401.38"}, {"price": "0.02", "size": "156.4"}, {"price": "0.03", "size": "24.57"}, {"price": "0.07", "size": "1145.58"}, {"price": "0.08", "size": "890.11"}], "asks": [{"price": "0.99", "size": "10406.74"}, {"price": "0.98", "size": "158.94"}, {"price": "0.97", "size": "4168.39"}, {"price": "0.96", "size": "1140.11"}, {"price": "0.95", "size": "896.12"}], "event_type": "book", "last_trade_price": ""}, {"market": "0xf99ee81e1df20ad515d4d8c5614296e55407cb4c1a730bd4b2ca95e8d090de39", "asset_id": "24002093177954782907509920613765915696956431789616132179769237614333288236487", "timestamp": "1769383983499", "hash": "6b9528549289442b6d36bafc249e22b1d9f96192", "bids": [{"price": "0.01", "size": "10406.74"}, {"price": "0.02", "size": "158.94"}, {"price": "0.03", "size": "4168.39"}, {"price": "0.04", "size": "1140.11"}, {"price": "0.05", "size": "896.12"}], "asks": [{"price": "0.99", "size": "10401.38"}, {"price": "0.98", "size": "156.4"}, {"price": "0.97", "size": "24.57"}, {"price": "0.93", "size": "1145.58"}, {"price": "0.92", "size": "890.11"}], "event_type": "book", "last_trade_price": ""}, {"market": "0x097acba899c5c032ec4a662533aa4d56d6bda9117b0af7aea425d8d7502b095a", "asset_id": "16789388635872606083420797498193234014051215847692022335228605649270582798108", "timestamp": "1769383973918", "hash": "223c2fde7d4b140ffe1a6eeff60f22fdbbc12585", "bids": [{"price": "0.01", "size": "10601.22"}, {"price": "0.02", "size": "13.72"}, {"price": "0.03", "size": "60"}, {"price": "0.04", "size": "56.21"}, {"price": "0.05", "size": "60"}, {"price": "0.06", "size": "43.95"}], "asks": [{"price": "0.99", "size": "5488.95"}, {"price": "0.98", "size": "20.37"}, {"price": "0.97", "size": "66"}, {"price": "0.96", "size": "25"}, {"price": "0.95", "size": "80"}, {"price": "0.94", "size": "7.95"}, {"price": "0.91", "size": "250"}], "event_type": "book", "last_trade_price": ""}, {"market": "0x7e2d51c512742b3be63926379eaf47a1ac32a4161c34c76795aaa4535f78d91b", "asset_id": "5308165868421553874327989000707486778106622587076915795747014261780122519525", "timestamp": "1769382050785", "hash": "fd5c5a4fb2c962f3222c048868d75a4ac2a6744b", "bids": [{"price": "0.01", "size": "344.79"}, {"price": "0.02", "size": "157.03"}, {"price": "0.03", "size": "12.74"}, {"price": "0.04", "size": "106"}, {"price": "0.05", "size": "60"}, {"price": "0.06", "size": "43.95"}], "asks": [{"price": "0.99", "size": "348.81"}, {"price": "0.98", "size": "158.94"}, {"price": "0.97", "size": "189.07"}, {"price": "0.96", "size": "25"}, {"price": "0.95", "size": "86.01"}], "event_type": "book", "last_trade_price": ""}, {"market": "0x74630d4ce0f2777fd4cc5ed45a3b1960ffae48130b61ca5264f405ed2d8e5ca1", "asset_id": "99580136469297760161881451516754340127053208924416591882387003145171309403779", "timestamp": "1769383982004", "hash": "9cfb87f9dd8b79a988b0a2b8ef14567eca9c4e96", "bids": [{"price": "0.01", "size": "10597.95"}, {"price": "0.02", "size": "20.37"}, {"price": "0.03", "size": "66"}, {"price": "0.04", "size": "25"}, {"price": "0.05", "size": "80"}, {"price": "0.06", "size": "7.95"}, {"price": "0.09", "size": "1140.11"}, {"price": "0.1", "size": "890.11"}], "asks": [{"price": "0.99", "size": "11491.33"}, {"price": "0.98", "size": "903.83"}, {"price": "0.97", "size": "60"}, {"price": "0.96", "size": "56.21"}, {"price": "0.95", "size": "60"}, {"price": "0.94", "size": "43.95"}], "event_type": "book", "last_trade_price": ""}, {"market": "0x955dd36f151fe79cda775370a2e09049998932d5ea090d97bf0e2fde8f11b26d", "asset_id": "75456459287302166180376724549100719042861942676472232348454693844887341622859", "timestamp": "1769383986053", "hash": "b8bbcd66e18d0c197f1bebdadd3a3bf9933f1712", "bids": [{"price": "0.01", "size": "6440.75"}, {"price": "0.02", "size": "4307.32"}, {"price": "0.03", "size": "5.14"}, {"price": "0.05", "size": "20"}, {"price": "0.06", "size": "12.15"}, {"price": "0.11", "size": "300"}, {"price": "0.13", "size": "200"}, {"price": "0.14", "size": "125"}, {"price": "0.15", "size": "75"}, {"price": "0.19", "size": "1190.11"}, {"price": "0.2", "size": "890.11"}, {"price": "0.32", "size": "10"}, {"price": "0.33", "size": "80"}], "asks": [{"price": "0.99", "size": "10448.67"}, {"price": "0.98", "size": "10606.43"}, {"price": "0.97", "size": "29.25"}, {"price": "0.86", "size": "300"}, {"price": "0.84", "size": "1090.11"}, {"price": "0.83", "size": "890.11"}, {"price": "0.82", "size": "125"}, {"price": "0.81", "size": "137"}, {"price": "0.72", "size": "10"}, {"price": "0.71", "size": "84"}], "event_type": "book", "last_trade_price": "0.460"}, {"market": "0x097acba899c5c032ec4a662533aa4d56d6bda9117b0af7aea425d8d7502b095a", "asset_id": "94699601023424120682437549172990814687230320631825203249003963868534845660161", "timestamp": "1769383973918", "hash": "37b403b88be9406cc1f16d40fe9ccdf5b6088d6b", "bids": [{"price": "0.01", "size": "5488.95"}, {"price": "0.02", "size": "20.37"}, {"price": "0.03", "size": "66"}, {"price": "0.04", "size": "25"}, {"price": "0.05", "size": "80"}, {"price": "0.06", "size": "7.95"}, {"price": "0.09", "size": "250"}], "asks": [{"price": "0.99", "size": "10601.22"}, {"price": "0.98", "size": "13.72"}, {"price": "0.97", "size": "60"}, {"price": "0.96", "size": "56.21"}, {"price": "0.95", "size": "60"}, {"price": "0.94", "size": "43.95"}], "event_type": "book", "last_trade_price": ""}, {"market": "0x74630d4ce0f2777fd4cc5ed45a3b1960ffae48130b61ca5264f405ed2d8e5ca1", "asset_id": "58358246036859035115661691730481462975723997976545900928947259745708933284529", "timestamp": "1769383982004", "hash": "41c599d032d5f036f1ab54099df218c78703b348", "bids": [{"price": "0.01", "size": "11491.33"}, {"price": "0.02", "size": "903.83"}, {"price": "0.03", "size": "60"}, {"price": "0.04", "size": "56.21"}, {"price": "0.05", "size": "60"}, {"price": "0.06", "size": "43.95"}], "asks": [{"price": "0.99", "size": "10597.95"}, {"price": "0.98", "size": "20.37"}, {"price": "0.97", "size": "66"}, {"price": "0.96", "size": "25"}, {"price": "0.95", "size": "80"}, {"price": "0.94", "size": "7.95"}, {"price": "0.91", "size": "1140.11"}, {"price": "0.9", "size": "890.11"}], "event_type": "book", "last_trade_price": ""}]}
