{"_local_timestamp": "2026-01-25T23:41:29.012179+00:00", "data": [{"market": "0xd6482b74ce29e18581017f8364b840a8d5723d7cbb5c6c2363b36f0c556fd25d", "asset_id": "22425614994185906400113524375786294760407587220953520804264545528199207946312", "timestamp": "1769384488555", "hash": "98ef57394134634a1fd4fa07e7ce072807775c3c", "bids": [{"price": "0.01", "size": "10651.94"}, {"price": "0.02", "size": "400"}, {"price": "0.03", "size": "33.63"}, {"price": "0.11", "size": "1190.11"}, {"price": "0.12", "size": "890.11"}, {"price": "0.17", "size": "10"}, {"price": "0.18", "size": "1096.11"}, {"price": "0.19", "size": "5047.43"}], "asks": [{"price": "0.99", "size": "10742.81"}, {"price": "0.98", "size": "306.24"}, {"price": "0.97", "size": "400"}, {"price": "0.96", "size": "20.28"}, {"price": "0.87", "size": "1190.11"}, {"price": "0.86", "size": "890.11"}, {"price": "0.83", "size": "10"}, {"price": "0.75", "size": "190"}], "event_type": "book", "last_trade_price": ""}, {"market": "0xd6482b74ce29e18581017f8364b840a8d5723d7cbb5c6c2363b36f0c556fd25d", "asset_id": "28269408801821950904468284224553563376473043812295945624058951837085632306775", "timestamp": "1769384488555", "hash": "7dca77bc29e36a92b1dc013a3390d1185e986b4b", "bids": [{"price": "0.01", "size": "10742.81"}, {"price": "0.02", "size": "306.24"}, {"price": "0.03", "size": "400"}, {"price": "0.04", "size": "20.28"}, {"price": "0.13", "size": "1190.11"}, {"price": "0.14", "size": "890.11"}, {"price": "0.17", "size": "10"}, {"price": "0.25", "size": "190"}], "asks": [{"price": "0.99", "size": "10651.94"}, {"price": "0.98", "size": "400"}, {"price": "0.97", "size": "33.63"}, {"price": "0.89", "size": "1190.11"}, {"price": "0.88", "size": "890.11"}, {"price": "0.83", "size": "10"}, {"price": "0.82", "size": "1096.11"}, {"price": "0.81", "size": "5047.43"}], "event_type": "book", "last_trade_price": ""}]}
{"_local_timestamp": "2026-01-25T23:41:32.478323+00:00", "data": {"market": "0xd6482b74ce29e18581017f8364b840a8d5723d7cbb5c6c2363b36f0c556fd25d", "price_changes": [{"asset_id": "22425614994185906400113524375786294760407587220953520804264545528199207946312", "price": "0.18", "size": "946.11", "side": "BUY", "hash": "80acf8cccc4aca9939e14c20400eb2c1b61fe5df", "best_bid": "0.19", "best_ask": "0.75"}, {"asset_id": "28269408801821950904468284224553563376473043812295945624058951837085632306775", "price": "0.82", "size": "946.11", "side": "SELL", "hash": "02981fd378c4dfa9f379a9a3418d7c1cb5be3df4", "best_bid": "0.25", "best_ask": "0.81"}], "timestamp": "1769384492413", "event_type": "price_change"}}
{"_local_timestamp": "2026-01-25T23:41:32.602441+00:00", "data": {"market": "0xd6482b74ce29e18581017f8364b840a8d5723d7cbb5c6c2363b36f0c556fd25d", "price_changes": [{"asset_id": "22425614994185906400113524375786294760407587220953520804264545528199207946312", "price": "0.19", "size": "890.11", "side": "BUY", "hash": "0c9c5d913fa1469784dc7a372ca51ab62d1bb049", "best_bid": "0.19", "best_ask": "0.75"}, {"asset_id": "28269408801821950904468284224553563376473043812295945624058951837085632306775", "price": "0.81", "size": "890.11", "side": "SELL", "hash": "088233402ffb05839396cd03807ed18c85e14363", "best_bid": "0.25", "best_ask": "0.81"}], "timestamp": "1769384492505", "event_type": "price_change"}}
{"_local_timestamp": "2026-01-25T23:41:36.161398+00:00", "data": {"market": "0xd6482b74ce29e18581017f8364b840a8d5723d7cbb5c6c2363b36f0c556fd25d", "price_changes": [{"asset_id": "22425614994185906400113524375786294760407587220953520804264545528199207946312", "price": "0.2", "size": "150", "side": "BUY", "hash": "9ecd50dc6e157d71679e0580c90b94c037f9cc49", "best_bid": "0.2", "best_ask": "0.75"}, {"asset_id": "28269408801821950904468284224553563376473043812295945624058951837085632306775", "price": "0.8", "size": "150", "side": "SELL", "hash": "cf2b98fd53c4ac70c0f24a2318e8d3fe0a5daf55", "best_bid": "0.25", "best_ask": "0.8"}], "timestamp": "1769384496071", "event_type": "price_change"}}
{"_local_timestamp": "2026-01-25T23:41:36.220760+00:00", "data": {"market": "0xd6482b74ce29e18581017f8364b840a8d5723d7cbb5c6c2363b36f0c556fd25d", "price_changes": [{"asset_id": "22425614994185906400113524375786294760407587220953520804264545528199207946312", "price": "0.19", "size": "0", "side": "BUY", "hash": "20c1f337e825c210ad8da075530a391c9a83fd2f", "best_bid": "0.2", "best_ask": "0.75"}, {"asset_id": "28269408801821950904468284224553563376473043812295945624058951837085632306775", "price": "0.81", "size": "0", "side": "SELL", "hash": "b5eea13479aabcd44e5e3cb3675b98b4ee356203", "best_bid": "0.25", "best_ask": "0.8"}], "timestamp": "1769384496144", "event_type": "price_change"}}
{"_local_timestamp": "2026-01-25T23:41:36.222093+00:00", "data": {"market": "0xd6482b74ce29e18581017f8364b840a8d5723d7cbb5c6c2363b36f0c556fd25d", "price_changes": [{"asset_id": "22425614994185906400113524375786294760407587220953520804264545528199207946312", "price": "0.18", "size": "56", "side": "BUY", "hash": "20c1f337e825c210ad8da075530a391c9a83fd2f", "best_bid": "0.2", "best_ask": "0.75"}, {"asset_id": "28269408801821950904468284224553563376473043812295945624058951837085632306775", "price": "0.82", "size": "56", "side": "SELL", "hash": "b5eea13479aabcd44e5e3cb3675b98b4ee356203", "best_bid": "0.25", "best_ask": "0.8"}], "timestamp": "1769384496144", "event_type": "price_change"}}
{"_local_timestamp": "2026-01-25T23:41:36.249429+00:00", "data": {"market": "0xd6482b74ce29e18581017f8364b840a8d5723d7cbb5c6c2363b36f0c556fd25d", "price_changes": [{"asset_id": "22425614994185906400113524375786294760407587220953520804264545528199207946312", "price": "0.18", "size": "0", "side": "BUY", "hash": "9abe4e1ca47f18208b7795e30f81c23217f0dd05", "best_bid": "0.2", "best_ask": "0.75"}, {"asset_id": "28269408801821950904468284224553563376473043812295945624058951837085632306775", "price": "0.82", "size": "0", "side": "SELL", "hash": "21972c93341879a8332bcec29838eca34bc23ac0", "best_bid": "0.25", "best_ask": "0.8"}], "timestamp": "1769384496174", "event_type": "price_change"}}
{"_local_timestamp": "2026-01-25T23:41:36.313963+00:00", "data": {"market": "0xd6482b74ce29e18581017f8364b840a8d5723d7cbb5c6c2363b36f0c556fd25d", "price_changes": [{"asset_id": "22425614994185906400113524375786294760407587220953520804264545528199207946312", "price": "0.2", "size": "200", "side": "BUY", "hash": "472c718a5611bc8812cd616fcea2f7862a204c6d", "best_bid": "0.2", "best_ask": "0.75"}, {"asset_id": "28269408801821950904468284224553563376473043812295945624058951837085632306775", "price": "0.8", "size": "200", "side": "SELL", "hash": "6218b998d1715def9fd2dd02f9bc3ced6170e282", "best_bid": "0.25", "best_ask": "0.8"}], "timestamp": "1769384496232", "event_type": "price_change"}}
{"_local_timestamp": "2026-01-25T23:41:36.517997+00:00", "data": {"market": "0xd6482b74ce29e18581017f8364b840a8d5723d7cbb5c6c2363b36f0c556fd25d", "price_changes": [{"asset_id": "22425614994185906400113524375786294760407587220953520804264545528199207946312", "price": "0.2", "size": "1090.11", "side": "BUY", "hash": "50fed97d73f61a7fc14cac47dce164f67f2d3374", "best_bid": "0.2", "best_ask": "0.75"}, {"asset_id": "28269408801821950904468284224553563376473043812295945624058951837085632306775", "price": "0.8", "size": "1090.11", "side": "SELL", "hash": "aba0421bb51df3262c13b4e64664245e18fecd4c", "best_bid": "0.25", "best_ask": "0.8"}], "timestamp": "1769384496451", "event_type": "price_change"}}
{"_local_timestamp": "2026-01-25T23:41:36.518482+00:00", "data": {"market": "0xd6482b74ce29e18581017f8364b840a8d5723d7cbb5c6c2363b36f0c556fd25d", "price_changes": [{"asset_id": "22425614994185906400113524375786294760407587220953520804264545528199207946312", "price": "0.21", "size": "890.11", "side": "BUY", "hash": "33911eaea544484ccca3b624c68e39f91a9db01a", "best_bid": "0.21", "best_ask": "0.75"}, {"asset_id": "28269408801821950904468284224553563376473043812295945624058951837085632306775", "price": "0.79", "size": "890.11", "side": "SELL", "hash": "460c3585f7b26288dd89bb2e8735f55e61ac044a", "best_bid": "0.25", "best_ask": "0.79"}], "timestamp": "1769384496451", "event_type": "price_change"}}
{"_local_timestamp": "2026-01-25T23:41:46.108568+00:00", "data": {"market": "0xd6482b74ce29e18581017f8364b840a8d5723d7cbb5c6c2363b36f0c556fd25d", "price_changes": [{"asset_id": "22425614994185906400113524375786294760407587220953520804264545528199207946312", "price": "0.01", "size": "11051.94", "side": "BUY", "hash": "b9be5cdb97b016db158f53ef5d0cc4ef22efcd48", "best_bid": "0.21", "best_ask": "0.75"}, {"asset_id": "28269408801821950904468284224553563376473043812295945624058951837085632306775", "price": "0.99", "size": "11051.94", "side": "SELL", "hash": "006e09805cfeb7e7bca8d40e32f8cbaa8505f1e1", "best_bid": "0.25", "best_ask": "0.79"}], "timestamp": "1769384506018", "event_type": "price_change"}}
{"_local_timestamp": "2026-01-25T23:41:46.110735+00:00", "data": {"market": "0xd6482b74ce29e18581017f8364b840a8d5723d7cbb5c6c2363b36f0c556fd25d", "price_changes": [{"asset_id": "28269408801821950904468284224553563376473043812295945624058951837085632306775", "price": "0.03", "size": "700", "side": "BUY", "hash": "772a8aaf94fd34b5846c02eb0772ef667f6f18bf", "best_bid": "0.25", "best_ask": "0.79"}, {"asset_id": "22425614994185906400113524375786294760407587220953520804264545528199207946312", "price": "0.97", "size": "700", "side": "SELL", "hash": "078d9d38f42f2ad58cc8c7679a7bd618d5355a08", "best_bid": "0.21", "best_ask": "0.75"}], "timestamp": "1769384506019", "event_type": "price_change"}}
{"_local_timestamp": "2026-01-25T23:41:46.155514+00:00", "data": {"market": "0xd6482b74ce29e18581017f8364b840a8d5723d7cbb5c6c2363b36f0c556fd25d", "price_changes": [{"asset_id": "22425614994185906400113524375786294760407587220953520804264545528199207946312", "price": "0.12", "size": "0", "side": "BUY", "hash": "5e85666cb87390351989506fe071630e4069a734", "best_bid": "0.21", "best_ask": "0.75"}, {"asset_id": "28269408801821950904468284224553563376473043812295945624058951837085632306775", "price": "0.88", "size": "0", "side": "SELL", "hash": "e7476b75f89b671b44e54ff028b43eee0745185e", "best_bid": "0.25", "best_ask": "0.79"}], "timestamp": "1769384506085", "event_type": "price_change"}}
{"_local_timestamp": "2026-01-25T23:41:46.162586+00:00", "data": {"market": "0xd6482b74ce29e18581017f8364b840a8d5723d7cbb5c6c2363b36f0c556fd25d", "price_changes": [{"asset_id": "22425614994185906400113524375786294760407587220953520804264545528199207946312", "price": "0.11", "size": "300", "side": "BUY", "hash": "5e85666cb87390351989506fe071630e4069a734", "best_bid": "0.21", "best_ask": "0.75"}, {"asset_id": "28269408801821950904468284224553563376473043812295945624058951837085632306775", "price": "0.89", "size": "300", "side": "SELL", "hash": "e7476b75f89b671b44e54ff028b43eee0745185e", "best_bid": "0.25", "best_ask": "0.79"}], "timestamp": "1769384506085", "event_type": "price_change"}}
{"_local_timestamp": "2026-01-25T23:41:46.163057+00:00", "data": {"market": "0xd6482b74ce29e18581017f8364b840a8d5723d7cbb5c6c2363b36f0c556fd25d", "price_changes": [{"asset_id": "22425614994185906400113524375786294760407587220953520804264545528199207946312", "price": "0.02", "size": "1670.1", "side": "BUY", "hash": "f18f8da336115522148b5a008543d771a205549a", "best_bid": "0.21", "best_ask": "0.75"}, {"asset_id": "28269408801821950904468284224553563376473043812295945624058951837085632306775", "price": "0.98", "size": "1670.1", "side": "SELL", "hash": "d7a2a5e73aeb33655cd272788d2f7e98e5665b8f", "best_bid": "0.25", "best_ask": "0.79"}], "timestamp": "1769384506099", "event_type": "price_change"}}
{"_local_timestamp": "2026-01-25T23:41:46.170014+00:00", "data": {"market": "0xd6482b74ce29e18581017f8364b840a8d5723d7cbb5c6c2363b36f0c556fd25d", "price_changes": [{"asset_id": "22425614994185906400113524375786294760407587220953520804264545528199207946312", "price": "0.02", "size": "2560.21", "side": "BUY", "hash": "46ef5c6281bb16bd56bf6d015ec88018d66cc06a", "best_bid": "0.21", "best_ask": "0.75"}, {"asset_id": "28269408801821950904468284224553563376473043812295945624058951837085632306775", "price": "0.98", "size": "2560.21", "side": "SELL", "hash": "7c71b6c01f5d924da2c2dafa54c899f08c7610de", "best_bid": "0.25", "best_ask": "0.79"}], "timestamp": "1769384506100", "event_type": "price_change"}}
{"_local_timestamp": "2026-01-25T23:41:46.181004+00:00", "data": {"market": "0xd6482b74ce29e18581017f8364b840a8d5723d7cbb5c6c2363b36f0c556fd25d", "price_changes": [{"asset_id": "22425614994185906400113524375786294760407587220953520804264545528199207946312", "price": "0.02", "size": "4557.32", "side": "BUY", "hash": "f5e1949eb1897a88c1d2e8bfd32048a4cfa92df8", "best_bid": "0.21", "best_ask": "0.75"}, {"asset_id": "28269408801821950904468284224553563376473043812295945624058951837085632306775", "price": "0.98", "size": "4557.32", "side": "SELL", "hash": "0d212a01c541fda582037d2cdf0dc5fc3444985e", "best_bid": "0.25", "best_ask": "0.79"}], "timestamp": "1769384506101", "event_type": "price_change"}}
{"_local_timestamp": "2026-01-25T23:41:46.339879+00:00", "data": {"market": "0xd6482b74ce29e18581017f8364b840a8d5723d7cbb5c6c2363b36f0c556fd25d", "price_changes": [{"asset_id": "22425614994185906400113524375786294760407587220953520804264545528199207946312", "price": "0.2", "size": "940.11", "side": "BUY", "hash": "5606402f8f2c834f572284cabb6bd0e802bf2be8", "best_bid": "0.21", "best_ask": "0.75"}, {"asset_id": "28269408801821950904468284224553563376473043812295945624058951837085632306775", "price": "0.8", "size": "940.11", "side": "SELL", "hash": "40df4d5145375404060f6b991921ba37233fac2e", "best_bid": "0.25", "best_ask": "0.79"}], "timestamp": "1769384506270", "event_type": "price_change"}}
{"_local_timestamp": "2026-01-25T23:41:46.398584+00:00", "data": {"market": "0xd6482b74ce29e18581017f8364b840a8d5723d7cbb5c6c2363b36f0c556fd25d", "price_changes": [{"asset_id": "22425614994185906400113524375786294760407587220953520804264545528199207946312", "price": "0.12", "size": "890.11", "side": "BUY", "hash": "d77b768ce93b3706c2a00be770db83acf258ed13", "best_bid": "0.21", "best_ask": "0.75"}, {"asset_id": "28269408801821950904468284224553563376473043812295945624058951837085632306775", "price": "0.88", "size": "890.11", "side": "SELL", "hash": "ef62c85679187d30aed1868595668fad9e1823dc", "best_bid": "0.25", "best_ask": "0.79"}], "timestamp": "1769384506330", "event_type": "price_change"}}
{"_local_timestamp": "2026-01-25T23:41:46.399043+00:00", "data": {"market": "0xd6482b74ce29e18581017f8364b840a8d5723d7cbb5c6c2363b36f0c556fd25d", "price_changes": [{"asset_id": "22425614994185906400113524375786294760407587220953520804264545528199207946312", "price": "0.11", "size": "1190.11", "side": "BUY", "hash": "0f2c45959117118695542610a589b0e393c35a3b", "best_bid": "0.21", "best_ask": "0.75"}, {"asset_id": "28269408801821950904468284224553563376473043812295945624058951837085632306775", "price": "0.89", "size": "1190.11", "side": "SELL", "hash": "999e595b9a199b720710f2b9b371229b6966527e", "best_bid": "0.25", "best_ask": "0.79"}], "timestamp": "1769384506330", "event_type": "price_change"}}
{"_local_timestamp": "2026-01-25T23:41:46.399383+00:00", "data": {"market": "0xd6482b74ce29e18581017f8364b840a8d5723d7cbb5c6c2363b36f0c556fd25d", "price_changes": [{"asset_id": "22425614994185906400113524375786294760407587220953520804264545528199207946312", "price": "0.03", "size": "6032.74", "side": "BUY", "hash": "cabf317a511e6642a41f1c73dbc8088e7c476e44", "best_bid": "0.21", "best_ask": "0.75"}, {"asset_id": "28269408801821950904468284224553563376473043812295945624058951837085632306775", "price": "0.97", "size": "6032.74", "side": "SELL", "hash": "cdd697f3ad6d1d578b9218c90b3cfa390f371cd8", "best_bid": "0.25", "best_ask": "0.79"}], "timestamp": "1769384506331", "event_type": "price_change"}}
{"_local_timestamp": "2026-01-25T23:41:46.698605+00:00", "data": {"market": "0xd6482b74ce29e18581017f8364b840a8d5723d7cbb5c6c2363b36f0c556fd25d", "price_changes": [{"asset_id": "22425614994185906400113524375786294760407587220953520804264545528199207946312", "price": "0.22", "size": "150", "side": "BUY", "hash": "a09ed065747bb2d3a42ae35b68835e40200d23cb", "best_bid": "0.22", "best_ask": "0.75"}, {"asset_id": "28269408801821950904468284224553563376473043812295945624058951837085632306775", "price": "0.78", "size": "150", "side": "SELL", "hash": "52cc5c2de00e8d58329d471e8385c2a5bc9b9d2d", "best_bid": "0.25", "best_ask": "0.78"}], "timestamp": "1769384506634", "event_type": "price_change"}}
{"_local_timestamp": "2026-01-25T23:41:46.770052+00:00", "data": {"market": "0xd6482b74ce29e18581017f8364b840a8d5723d7cbb5c6c2363b36f0c556fd25d", "price_changes": [{"asset_id": "22425614994185906400113524375786294760407587220953520804264545528199207946312", "price": "0.2", "size": "890.11", "side": "BUY", "hash": "ac67f8913ca4e681e5b4a52cbef1ae2a25392090", "best_bid": "0.22", "best_ask": "0.75"}, {"asset_id": "28269408801821950904468284224553563376473043812295945624058951837085632306775", "price": "0.8", "size": "890.11", "side": "SELL", "hash": "cb5268a73a45a97c9ac6287d6a58ae5a846fe259", "best_bid": "0.25", "best_ask": "0.78"}], "timestamp": "1769384506705", "event_type": "price_change"}}
{"_local_timestamp": "2026-01-25T23:41:46.834458+00:00", "data": {"market": "0xd6482b74ce29e18581017f8364b840a8d5723d7cbb5c6c2363b36f0c556fd25d", "price_changes": [{"asset_id": "22425614994185906400113524375786294760407587220953520804264545528199207946312", "price": "0.22", "size": "195", "side": "BUY", "hash": "002d6b98c80d3aa94b8d269215f47fc898c06d8b", "best_bid": "0.22", "best_ask": "0.75"}, {"asset_id": "28269408801821950904468284224553563376473043812295945624058951837085632306775", "price": "0.78", "size": "195", "side": "SELL", "hash": "eb381e9ea7aff570368be311fd3c15137ed3347e", "best_bid": "0.25", "best_ask": "0.78"}], "timestamp": "1769384506769", "event_type": "price_change"}}
{"_local_timestamp": "2026-01-25T23:41:51.927265+00:00", "data": {"market": "0xd6482b74ce29e18581017f8364b840a8d5723d7cbb5c6c2363b36f0c556fd25d", "price_changes": [{"asset_id": "22425614994185906400113524375786294760407587220953520804264545528199207946312", "price": "0.22", "size": "45", "side": "BUY", "hash": "6a048bcc87279da08602090787ccaea2d01cbb1e", "best_bid": "0.22", "best_ask": "0.75"}, {"asset_id": "28269408801821950904468284224553563376473043812295945624058951837085632306775", "price": "0.78", "size": "45", "side": "SELL", "hash": "76320c8bfbdbd96ea7bcf7aa233195450b526a8c", "best_bid": "0.25", "best_ask": "0.78"}], "timestamp": "1769384511831", "event_type": "price_change"}}
{"_local_timestamp": "2026-01-25T23:41:52.015400+00:00", "data": {"market": "0xd6482b74ce29e18581017f8364b840a8d5723d7cbb5c6c2363b36f0c556fd25d", "price_changes": [{"asset_id": "22425614994185906400113524375786294760407587220953520804264545528199207946312", "price": "0.01", "size": "6894.62", "side": "BUY", "hash": "d9feecd820e479c894042f7f431e1ad759410df2", "best_bid": "0.22", "best_ask": "0.75"}, {"asset_id": "28269408801821950904468284224553563376473043812295945624058951837085632306775", "price": "0.99", "size": "6894.62", "side": "SELL", "hash": "c8ffe0a36d5c1b621c13143d0f8651f22c93e03f", "best_bid": "0.25", "best_ask": "0.78"}], "timestamp": "1769384511941", "event_type": "price_change"}}
{"_local_timestamp": "2026-01-25T23:41:52.025602+00:00", "data": {"market": "0xd6482b74ce29e18581017f8364b840a8d5723d7cbb5c6c2363b36f0c556fd25d", "price_changes": [{"asset_id": "22425614994185906400113524375786294760407587220953520804264545528199207946312", "price": "0.21", "size": "0", "side": "BUY", "hash": "d9feecd820e479c894042f7f431e1ad759410df2", "best_bid": "0.22", "best_ask": "0.75"}, {"asset_id": "28269408801821950904468284224553563376473043812295945624058951837085632306775", "price": "0.79", "size": "0", "side": "SELL", "hash": "c8ffe0a36d5c1b621c13143d0f8651f22c93e03f", "best_bid": "0.25", "best_ask": "0.78"}], "timestamp": "1769384511941", "event_type": "price_change"}}
{"_local_timestamp": "2026-01-25T23:41:52.026010+00:00", "data": {"market": "0xd6482b74ce29e18581017f8364b840a8d5723d7cbb5c6c2363b36f0c556fd25d", "price_changes": [{"asset_id": "22425614994185906400113524375786294760407587220953520804264545528199207946312", "price": "0.2", "size": "0", "side": "BUY", "hash": "d9feecd820e479c894042f7f431e1ad759410df2", "best_bid": "0.22", "best_ask": "0.75"}, {"asset_id": "28269408801821950904468284224553563376473043812295945624058951837085632306775", "price": "0.8", "size": "0", "side": "SELL", "hash": "c8ffe0a36d5c1b621c13143d0f8651f22c93e03f", "best_bid": "0.25", "best_ask": "0.78"}], "timestamp": "1769384511941", "event_type": "price_change"}}
{"_local_timestamp": "2026-01-25T23:41:52.026455+00:00", "data": {"market": "0xd6482b74ce29e18581017f8364b840a8d5723d7cbb5c6c2363b36f0c556fd25d", "price_changes": [{"asset_id": "22425614994185906400113524375786294760407587220953520804264545528199207946312", "price": "0.03", "size": "33.63", "side": "BUY", "hash": "d9feecd820e479c894042f7f431e1ad759410df2", "best_bid": "0.22", "best_ask": "0.75"}, {"asset_id": "28269408801821950904468284224553563376473043812295945624058951837085632306775", "price": "0.97", "size": "33.63", "side": "SELL", "hash": "c8ffe0a36d5c1b621c13143d0f8651f22c93e03f", "best_bid": "0.25", "best_ask": "0.78"}], "timestamp": "1769384511941", "event_type": "price_change"}}
{"_local_timestamp": "2026-01-25T23:41:52.026814+00:00", "data": {"market": "0xd6482b74ce29e18581017f8364b840a8d5723d7cbb5c6c2363b36f0c556fd25d", "price_changes": [{"asset_id": "28269408801821950904468284224553563376473043812295945624058951837085632306775", "price": "0.01", "size": "6585.49", "side": "BUY", "hash": "a253f08221c7c8c437f938f207a98c1efae3e0af", "best_bid": "0.25", "best_ask": "0.78"}, {"asset_id": "22425614994185906400113524375786294760407587220953520804264545528199207946312", "price": "0.99", "size": "6585.49", "side": "SELL", "hash": "84f94c50cb9d03ba5a153de98590d6fc08cea869", "best_bid": "0.22", "best_ask": "0.75"}], "timestamp": "1769384511942", "event_type": "price_change"}}
{"_local_timestamp": "2026-01-25T23:41:52.081593+00:00", "data": {"market": "0xd6482b74ce29e18581017f8364b840a8d5723d7cbb5c6c2363b36f0c556fd25d", "price_changes": [{"asset_id": "28269408801821950904468284224553563376473043812295945624058951837085632306775", "price": "0.04", "size": "1290.38", "side": "BUY", "hash": "5eb9c354780eeb28a806d0eb744d933667713498", "best_bid": "0.25", "best_ask": "0.78"}, {"asset_id": "22425614994185906400113524375786294760407587220953520804264545528199207946312", "price": "0.96", "size": "1290.38", "side": "SELL", "hash": "a0f8d3be6fa84c49a5c941f8f9f77ce0785b534c", "best_bid": "0.22", "best_ask": "0.75"}], "timestamp": "1769384512002", "event_type": "price_change"}}
{"_local_timestamp": "2026-01-25T23:41:52.089368+00:00", "data": {"market": "0xd6482b74ce29e18581017f8364b840a8d5723d7cbb5c6c2363b36f0c556fd25d", "price_changes": [{"asset_id": "28269408801821950904468284224553563376473043812295945624058951837085632306775", "price": "0.04", "size": "3287.49", "side": "BUY", "hash": "f051c9c80963728fa5f31c9f3b8c12e542eb2305", "best_bid": "0.25", "best_ask": "0.78"}, {"asset_id": "22425614994185906400113524375786294760407587220953520804264545528199207946312", "price": "0.96", "size": "3287.49", "side": "SELL", "hash": "d3aba19aa53c5c275476f3e61a8238049daec9e8", "best_bid": "0.22", "best_ask": "0.75"}], "timestamp": "1769384512004", "event_type": "price_change"}}
{"_local_timestamp": "2026-01-25T23:41:52.097886+00:00", "data": {"market": "0xd6482b74ce29e18581017f8364b840a8d5723d7cbb5c6c2363b36f0c556fd25d", "price_changes": [{"asset_id": "28269408801821950904468284224553563376473043812295945624058951837085632306775", "price": "0.04", "size": "4177.6", "side": "BUY", "hash": "d952fc1bd9931fd1e13baa6d7003b6ee81aba8fd", "best_bid": "0.25", "best_ask": "0.78"}, {"asset_id": "22425614994185906400113524375786294760407587220953520804264545528199207946312", "price": "0.96", "size": "4177.6", "side": "SELL", "hash": "1bacc930747bcb63974c1271c328cb18b946e603", "best_bid": "0.22", "best_ask": "0.75"}], "timestamp": "1769384512006", "event_type": "price_change"}}
{"_local_timestamp": "2026-01-25T23:41:52.178425+00:00", "data": {"market": "0xd6482b74ce29e18581017f8364b840a8d5723d7cbb5c6c2363b36f0c556fd25d", "price_changes": [{"asset_id": "22425614994185906400113524375786294760407587220953520804264545528199207946312", "price": "0.23", "size": "150", "side": "BUY", "hash": "942518e5ffc6b1acf7a9767f1c8558b5621888be", "best_bid": "0.23", "best_ask": "0.75"}, {"asset_id": "28269408801821950904468284224553563376473043812295945624058951837085632306775", "price": "0.77", "size": "150", "side": "SELL", "hash": "3d7a4d67ab2f789b217a51cd5f54ff33f3ff2b0a", "best_bid": "0.25", "best_ask": "0.77"}], "timestamp": "1769384512109", "event_type": "price_change"}}
{"_local_timestamp": "2026-01-25T23:41:52.311333+00:00", "data": {"market": "0xd6482b74ce29e18581017f8364b840a8d5723d7cbb5c6c2363b36f0c556fd25d", "price_changes": [{"asset_id": "22425614994185906400113524375786294760407587220953520804264545528199207946312", "price": "0.22", "size": "0", "side": "BUY", "hash": "99e816f986fadf6e70c3f84a353062cdf52c2d39", "best_bid": "0.23", "best_ask": "0.75"}, {"asset_id": "28269408801821950904468284224553563376473043812295945624058951837085632306775", "price": "0.78", "size": "0", "side": "SELL", "hash": "68906583cfbac8eca374523bc3132b643a12f35c", "best_bid": "0.25", "best_ask": "0.77"}], "timestamp": "1769384512239", "event_type": "price_change"}}
{"_local_timestamp": "2026-01-25T23:41:57.345605+00:00", "data": {"market": "0xd6482b74ce29e18581017f8364b840a8d5723d7cbb5c6c2363b36f0c556fd25d", "price_changes": [{"asset_id": "22425614994185906400113524375786294760407587220953520804264545528199207946312", "price": "0.23", "size": "0", "side": "BUY", "hash": "33b14dcdfd1df1000b05eb31111a6ccea0c5f008", "best_bid": "0.17", "best_ask": "0.75"}, {"asset_id": "28269408801821950904468284224553563376473043812295945624058951837085632306775", "price": "0.77", "size": "0", "side": "SELL", "hash": "59ff1454521df588de8ea9ee46cceaab89a39cf4", "best_bid": "0.25", "best_ask": "0.83"}], "timestamp": "1769384517278", "event_type": "price_change"}}
{"_local_timestamp": "2026-01-25T23:41:57.529627+00:00", "data": {"market": "0xd6482b74ce29e18581017f8364b840a8d5723d7cbb5c6c2363b36f0c556fd25d", "price_changes": [{"asset_id": "22425614994185906400113524375786294760407587220953520804264545528199207946312", "price": "0.17", "size": "69", "side": "BUY", "hash": "2085dd2213065ca20a10c22ed12ddd8176346885", "best_bid": "0.17", "best_ask": "0.75"}, {"asset_id": "28269408801821950904468284224553563376473043812295945624058951837085632306775", "price": "0.83", "size": "69", "side": "SELL", "hash": "fa6b90eb3f74d27f472ff40c44491bac054e44ba", "best_bid": "0.25", "best_ask": "0.83"}], "timestamp": "1769384517455", "event_type": "price_change"}}
{"_local_timestamp": "2026-01-25T23:41:58.128168+00:00", "data": {"market": "0xd6482b74ce29e18581017f8364b840a8d5723d7cbb5c6c2363b36f0c556fd25d", "price_changes": [{"asset_id": "22425614994185906400113524375786294760407587220953520804264545528199207946312", "price": "0.18", "size": "150", "side": "BUY", "hash": "e1c6a86254e5757a663f895328e9cab8ada36622", "best_bid": "0.18", "best_ask": "0.75"}, {"asset_id": "28269408801821950904468284224553563376473043812295945624058951837085632306775", "price": "0.82", "size": "150", "side": "SELL", "hash": "5e9896ffb42bb01fc40b8c84f77667266c751256", "best_bid": "0.25", "best_ask": "0.82"}], "timestamp": "1769384518049", "event_type": "price_change"}}
{"_local_timestamp": "2026-01-25T23:41:58.223590+00:00", "data": {"market": "0xd6482b74ce29e18581017f8364b840a8d5723d7cbb5c6c2363b36f0c556fd25d", "price_changes": [{"asset_id": "22425614994185906400113524375786294760407587220953520804264545528199207946312", "price": "0.17", "size": "10", "side": "BUY", "hash": "7119b198a56c4cea2f2609cfb13484b0da94e6d3", "best_bid": "0.18", "best_ask": "0.75"}, {"asset_id": "28269408801821950904468284224553563376473043812295945624058951837085632306775", "price": "0.83", "size": "10", "side": "SELL", "hash": "f70e5983cf14f9fb7a52bae8763e10583af1c4f5", "best_bid": "0.25", "best_ask": "0.82"}], "timestamp": "1769384518160", "event_type": "price_change"}}
{"_local_timestamp": "2026-01-25T23:42:10.609385+00:00", "data": {"market": "0xd6482b74ce29e18581017f8364b840a8d5723d7cbb5c6c2363b36f0c556fd25d", "price_changes": [{"asset_id": "28269408801821950904468284224553563376473043812295945624058951837085632306775", "price": "0.03", "size": "400", "side": "BUY", "hash": "c624e5f4449986e33ec52f7a578ae246b095cf34", "best_bid": "0.25", "best_ask": "0.82"}, {"asset_id": "22425614994185906400113524375786294760407587220953520804264545528199207946312", "price": "0.97", "size": "400", "side": "SELL", "hash": "eefefa1a9f12780c4f8f5eef88a99d5a6c367826", "best_bid": "0.18", "best_ask": "0.75"}], "timestamp": "1769384530536", "event_type": "price_change"}}
{"_local_timestamp": "2026-01-25T23:42:10.610370+00:00", "data": {"market": "0xd6482b74ce29e18581017f8364b840a8d5723d7cbb5c6c2363b36f0c556fd25d", "price_changes": [{"asset_id": "22425614994185906400113524375786294760407587220953520804264545528199207946312", "price": "0.01", "size": "6494.62", "side": "BUY", "hash": "e6e36beb8c2f5518783b85baee8da690e80619a1", "best_bid": "0.18", "best_ask": "0.75"}, {"asset_id": "28269408801821950904468284224553563376473043812295945624058951837085632306775", "price": "0.99", "size": "6494.62", "side": "SELL", "hash": "d9b2c39020571dd01999ebadbf1d4da05b33d32b", "best_bid": "0.25", "best_ask": "0.82"}], "timestamp": "1769384530537", "event_type": "price_change"}}
{"_local_timestamp": "2026-01-25T23:42:10.644331+00:00", "data": {"market": "0xd6482b74ce29e18581017f8364b840a8d5723d7cbb5c6c2363b36f0c556fd25d", "price_changes": [{"asset_id": "28269408801821950904468284224553563376473043812295945624058951837085632306775", "price": "0.01", "size": "8582.6", "side": "BUY", "hash": "6b0ea7b2e53919c4a667bd23d996edd593faa593", "best_bid": "0.25", "best_ask": "0.82"}, {"asset_id": "22425614994185906400113524375786294760407587220953520804264545528199207946312", "price": "0.99", "size": "8582.6", "side": "SELL", "hash": "0704cd90fac7f1687e66e6b01f27ea704a37453b", "best_bid": "0.18", "best_ask": "0.75"}], "timestamp": "1769384530576", "event_type": "price_change"}}
{"_local_timestamp": "2026-01-25T23:42:10.644935+00:00", "data": {"market": "0xd6482b74ce29e18581017f8364b840a8d5723d7cbb5c6c2363b36f0c556fd25d", "price_changes": [{"asset_id": "28269408801821950904468284224553563376473043812295945624058951837085632306775", "price": "0.01", "size": "9472.71", "side": "BUY", "hash": "9766c822e2e5780bf67d7a633d30882d23279d32", "best_bid": "0.25", "best_ask": "0.82"}, {"asset_id": "22425614994185906400113524375786294760407587220953520804264545528199207946312", "price": "0.99", "size": "9472.71", "side": "SELL", "hash": "1e63e885e2a81dc41756130d3e17e8d9c6460ad8", "best_bid": "0.18", "best_ask": "0.75"}], "timestamp": "1769384530577", "event_type": "price_change"}}
{"_local_timestamp": "2026-01-25T23:42:10.892813+00:00", "data": {"market": "0xd6482b74ce29e18581017f8364b840a8d5723d7cbb5c6c2363b36f0c556fd25d", "price_changes": [{"asset_id": "28269408801821950904468284224553563376473043812295945624058951837085632306775", "price": "0.01", "size": "10742.81", "side": "BUY", "hash": "188df95d1527ed033749df4ae361437e38157cc4", "best_bid": "0.25", "best_ask": "0.82"}, {"asset_id": "22425614994185906400113524375786294760407587220953520804264545528199207946312", "price": "0.99", "size": "10742.81", "side": "SELL", "hash": "9c409735d2514a6e39c0f8400484c1236fc9d07b", "best_bid": "0.18", "best_ask": "0.75"}], "timestamp": "1769384530806", "event_type": "price_change"}}
{"_local_timestamp": "2026-01-25T23:42:13.856935+00:00", "data": {"market": "0xd6482b74ce29e18581017f8364b840a8d5723d7cbb5c6c2363b36f0c556fd25d", "price_changes": [{"asset_id": "22425614994185906400113524375786294760407587220953520804264545528199207946312", "price": "0.01", "size": "6894.62", "side": "BUY", "hash": "acf51fcf7d3bd8a7b0f5de0ee33c6c977110e032", "best_bid": "0.18", "best_ask": "0.75"}, {"asset_id": "28269408801821950904468284224553563376473043812295945624058951837085632306775", "price": "0.99", "size": "6894.62", "side": "SELL", "hash": "04e1d72482a36424f889fca4ece734a6ed8d1da7", "best_bid": "0.25", "best_ask": "0.82"}], "timestamp": "1769384533788", "event_type": "price_change"}}
{"_local_timestamp": "2026-01-25T23:42:13.898413+00:00", "data": {"market": "0xd6482b74ce29e18581017f8364b840a8d5723d7cbb5c6c2363b36f0c556fd25d", "price_changes": [{"asset_id": "28269408801821950904468284224553563376473043812295945624058951837085632306775", "price": "0.04", "size": "20.28", "side": "BUY", "hash": "baa8a1236fe348cd89cfe5d3442cf31c1114512f", "best_bid": "0.25", "best_ask": "0.82"}, {"asset_id": "22425614994185906400113524375786294760407587220953520804264545528199207946312", "price": "0.96", "size": "20.28", "side": "SELL", "hash": "57e88238c8ec701a234adca95af3a26a57bade12", "best_bid": "0.18", "best_ask": "0.75"}], "timestamp": "1769384533835", "event_type": "price_change"}}
{"_local_timestamp": "2026-01-25T23:42:23.451908+00:00", "data": {"market": "0xd6482b74ce29e18581017f8364b840a8d5723d7cbb5c6c2363b36f0c556fd25d", "price_changes": [{"asset_id": "28269408801821950904468284224553563376473043812295945624058951837085632306775", "price": "0.03", "size": "700", "side": "BUY", "hash": "69ce388a098fe52b24d475edf0eb00b0f4ef118a", "best_bid": "0.25", "best_ask": "0.82"}, {"asset_id": "22425614994185906400113524375786294760407587220953520804264545528199207946312", "price": "0.97", "size": "700", "side": "SELL", "hash": "2910a5e6578e6dd2764de9a09921d224cd0b645a", "best_bid": "0.18", "best_ask": "0.75"}], "timestamp": "1769384543256", "event_type": "price_change"}}
{"_local_timestamp": "2026-01-25T23:42:23.555959+00:00", "data": {"market": "0xd6482b74ce29e18581017f8364b840a8d5723d7cbb5c6c2363b36f0c556fd25d", "price_changes": [{"asset_id": "28269408801821950904468284224553563376473043812295945624058951837085632306775", "price": "0.04", "size": "1290.38", "side": "BUY", "hash": "be63bafcb0e7e92e278d21410f4690b1b750ac2c", "best_bid": "0.25", "best_ask": "0.82"}, {"asset_id": "22425614994185906400113524375786294760407587220953520804264545528199207946312", "price": "0.96", "size": "1290.38", "side": "SELL", "hash": "08dd717b04f3bbe05e7bb8b9e7d31827b47b637e", "best_bid": "0.18", "best_ask": "0.75"}], "timestamp": "1769384543361", "event_type": "price_change"}}
{"_local_timestamp": "2026-01-25T23:42:23.556489+00:00", "data": {"market": "0xd6482b74ce29e18581017f8364b840a8d5723d7cbb5c6c2363b36f0c556fd25d", "price_changes": [{"asset_id": "28269408801821950904468284224553563376473043812295945624058951837085632306775", "price": "0.04", "size": "2180.49", "side": "BUY", "hash": "d4397044e64712d75b45a8c773feac1394925f71", "best_bid": "0.25", "best_ask": "0.82"}, {"asset_id": "22425614994185906400113524375786294760407587220953520804264545528199207946312", "price": "0.96", "size": "2180.49", "side": "SELL", "hash": "b91980c7137ae24e9bafbd28349c9262cd7a9e85", "best_bid": "0.18", "best_ask": "0.75"}], "timestamp": "1769384543362", "event_type": "price_change"}}
{"_local_timestamp": "2026-01-25T23:42:23.558911+00:00", "data": {"market": "0xd6482b74ce29e18581017f8364b840a8d5723d7cbb5c6c2363b36f0c556fd25d", "price_changes": [{"asset_id": "28269408801821950904468284224553563376473043812295945624058951837085632306775", "price": "0.04", "size": "4177.6", "side": "BUY", "hash": "af5ab701de45cc70576f2b313915e59e5634d81c", "best_bid": "0.25", "best_ask": "0.82"}, {"asset_id": "22425614994185906400113524375786294760407587220953520804264545528199207946312", "price": "0.96", "size": "4177.6", "side": "SELL", "hash": "33a3a7b51489e3ada5656bf6b12286b25b33e50b", "best_bid": "0.18", "best_ask": "0.75"}], "timestamp": "1769384543363", "event_type": "price_change"}}
{"_local_timestamp": "2026-01-25T23:42:34.994468+00:00", "data": {"market": "0xd6482b74ce29e18581017f8364b840a8d5723d7cbb5c6c2363b36f0c556fd25d", "price_changes": [{"asset_id": "28269408801821950904468284224553563376473043812295945624058951837085632306775", "price": "0.03", "size": "400", "side": "BUY", "hash": "ab0639383f7c5b3fe8d29e8df6835ecb049c6250", "best_bid": "0.25", "best_ask": "0.82"}, {"asset_id": "22425614994185906400113524375786294760407587220953520804264545528199207946312", "price": "0.97", "size": "400", "side": "SELL", "hash": "9488f70518b6c2c32c0f61624517476416adb512", "best_bid": "0.18", "best_ask": "0.75"}], "timestamp": "1769384554797", "event_type": "price_change"}}
{"_local_timestamp": "2026-01-25T23:42:35.151199+00:00", "data": {"market": "0xd6482b74ce29e18581017f8364b840a8d5723d7cbb5c6c2363b36f0c556fd25d", "price_changes": [{"asset_id": "22425614994185906400113524375786294760407587220953520804264545528199207946312", "price": "0.18", "size": "206", "side": "BUY", "hash": "35dde0632ea1846479da95f48dda56d6951681cc", "best_bid": "0.18", "best_ask": "0.75"}, {"asset_id": "28269408801821950904468284224553563376473043812295945624058951837085632306775", "price": "0.82", "size": "206", "side": "SELL", "hash": "849b701f095f76527b62e075bf654b5e50663067", "best_bid": "0.25", "best_ask": "0.82"}], "timestamp": "1769384554947", "event_type": "price_change"}}
{"_local_timestamp": "2026-01-25T23:42:35.256934+00:00", "data": {"market": "0xd6482b74ce29e18581017f8364b840a8d5723d7cbb5c6c2363b36f0c556fd25d", "price_changes": [{"asset_id": "22425614994185906400113524375786294760407587220953520804264545528199207946312", "price": "0.19", "size": "890.11", "side": "BUY", "hash": "a32e44589ca38b673822bac92a3dad0b5dbf1cfd", "best_bid": "0.19", "best_ask": "0.75"}, {"asset_id": "28269408801821950904468284224553563376473043812295945624058951837085632306775", "price": "0.81", "size": "890.11", "side": "SELL", "hash": "d1c2cdad2040a821d26cf3113195812ee466aa2c", "best_bid": "0.25", "best_ask": "0.81"}], "timestamp": "1769384555042", "event_type": "price_change"}}
{"_local_timestamp": "2026-01-25T23:42:35.257764+00:00", "data": {"market": "0xd6482b74ce29e18581017f8364b840a8d5723d7cbb5c6c2363b36f0c556fd25d", "price_changes": [{"asset_id": "22425614994185906400113524375786294760407587220953520804264545528199207946312", "price": "0.18", "size": "1096.11", "side": "BUY", "hash": "712124f10fff3c052c19ba6f72be6e7db1767434", "best_bid": "0.19", "best_ask": "0.75"}, {"asset_id": "28269408801821950904468284224553563376473043812295945624058951837085632306775", "price": "0.82", "size": "1096.11", "side": "SELL", "hash": "d349ace8a3354014df926257f5236576564b43dd", "best_bid": "0.25", "best_ask": "0.81"}], "timestamp": "1769384555042", "event_type": "price_change"}}
{"_local_timestamp": "2026-01-25T23:42:37.776847+00:00", "data": {"market": "0xd6482b74ce29e18581017f8364b840a8d5723d7cbb5c6c2363b36f0c556fd25d", "price_changes": [{"asset_id": "22425614994185906400113524375786294760407587220953520804264545528199207946312", "price": "0.18", "size": "946.11", "side": "BUY", "hash": "7efb2ef4fdb0a7ce919d9ec98a068c705257a93b", "best_bid": "0.19", "best_ask": "0.75"}, {"asset_id": "28269408801821950904468284224553563376473043812295945624058951837085632306775", "price": "0.82", "size": "946.11", "side": "SELL", "hash": "7f92509652f01117beda64478b8812a9515c66c0", "best_bid": "0.25", "best_ask": "0.81"}], "timestamp": "1769384557579", "event_type": "price_change"}}
{"_local_timestamp": "2026-01-25T23:42:37.816899+00:00", "data": {"market": "0xd6482b74ce29e18581017f8364b840a8d5723d7cbb5c6c2363b36f0c556fd25d", "price_changes": [{"asset_id": "28269408801821950904468284224553563376473043812295945624058951837085632306775", "price": "0.04", "size": "20.28", "side": "BUY", "hash": "9100f0b16ef2dbe412f275d81399e7c517160b11", "best_bid": "0.25", "best_ask": "0.81"}, {"asset_id": "22425614994185906400113524375786294760407587220953520804264545528199207946312", "price": "0.96", "size": "20.28", "side": "SELL", "hash": "54f7aee8026b98c23724c8a0e0b2b354c3a6acb5", "best_bid": "0.19", "best_ask": "0.75"}], "timestamp": "1769384557628", "event_type": "price_change"}}
{"_local_timestamp": "2026-01-25T23:42:38.193552+00:00", "data": {"market": "0xd6482b74ce29e18581017f8364b840a8d5723d7cbb5c6c2363b36f0c556fd25d", "price_changes": [{"asset_id": "22425614994185906400113524375786294760407587220953520804264545528199207946312", "price": "0.2", "size": "150", "side": "BUY", "hash": "ac3a853e4020eab46ee93be040b66edead528ae4", "best_bid": "0.2", "best_ask": "0.75"}, {"asset_id": "28269408801821950904468284224553563376473043812295945624058951837085632306775", "price": "0.8", "size": "150", "side": "SELL", "hash": "04e5bf84ff2dd757165ddebbde9ca01ad5b8a4f3", "best_bid": "0.25", "best_ask": "0.8"}], "timestamp": "1769384557998", "event_type": "price_change"}}
{"_local_timestamp": "2026-01-25T23:42:38.325349+00:00", "data": {"market": "0xd6482b74ce29e18581017f8364b840a8d5723d7cbb5c6c2363b36f0c556fd25d", "price_changes": [{"asset_id": "22425614994185906400113524375786294760407587220953520804264545528199207946312", "price": "0.18", "size": "890.11", "side": "BUY", "hash": "e9d1a7710d891c576f19616252d38bcfbd9620ef", "best_bid": "0.2", "best_ask": "0.75"}, {"asset_id": "28269408801821950904468284224553563376473043812295945624058951837085632306775", "price": "0.82", "size": "890.11", "side": "SELL", "hash": "d5b97abe27db490b34434a1b824d74293c10b736", "best_bid": "0.25", "best_ask": "0.8"}], "timestamp": "1769384558136", "event_type": "price_change"}}
{"_local_timestamp": "2026-01-25T23:42:38.370958+00:00", "data": {"market": "0xd6482b74ce29e18581017f8364b840a8d5723d7cbb5c6c2363b36f0c556fd25d", "price_changes": [{"asset_id": "22425614994185906400113524375786294760407587220953520804264545528199207946312", "price": "0.2", "size": "200", "side": "BUY", "hash": "9f2582e2406f06a2fa966b80bd42d3fad870f8cc", "best_bid": "0.2", "best_ask": "0.75"}, {"asset_id": "28269408801821950904468284224553563376473043812295945624058951837085632306775", "price": "0.8", "size": "200", "side": "SELL", "hash": "b075ade6ce55cb0e8d1f13827f00ebc171e321f5", "best_bid": "0.25", "best_ask": "0.8"}], "timestamp": "1769384558176", "event_type": "price_change"}}
{"_local_timestamp": "2026-01-25T23:42:38.530462+00:00", "data": {"market": "0xd6482b74ce29e18581017f8364b840a8d5723d7cbb5c6c2363b36f0c556fd25d", "price_changes": [{"asset_id": "22425614994185906400113524375786294760407587220953520804264545528199207946312", "price": "0.2", "size": "1090.11", "side": "BUY", "hash": "d09587af458e5785fb44a539b93f898184a9ae5d", "best_bid": "0.2", "best_ask": "0.75"}, {"asset_id": "28269408801821950904468284224553563376473043812295945624058951837085632306775", "price": "0.8", "size": "1090.11", "side": "SELL", "hash": "cb21669a15def3f4758afcd8f6269741bf873589", "best_bid": "0.25", "best_ask": "0.8"}], "timestamp": "1769384558325", "event_type": "price_change"}}
{"_local_timestamp": "2026-01-25T23:42:38.533836+00:00", "data": {"market": "0xd6482b74ce29e18581017f8364b840a8d5723d7cbb5c6c2363b36f0c556fd25d", "price_changes": [{"asset_id": "22425614994185906400113524375786294760407587220953520804264545528199207946312", "price": "0.21", "size": "890.11", "side": "BUY", "hash": "c2e35ce2d18d8bd4f02ecc3070652cddd3bb3a94", "best_bid": "0.21", "best_ask": "0.75"}, {"asset_id": "28269408801821950904468284224553563376473043812295945624058951837085632306775", "price": "0.79", "size": "890.11", "side": "SELL", "hash": "68516bba5abef5e08c828e26fd5898277d050de3", "best_bid": "0.25", "best_ask": "0.79"}], "timestamp": "1769384558325", "event_type": "price_change"}}
{"_local_timestamp": "2026-01-25T23:42:42.883616+00:00", "data": {"market": "0xd6482b74ce29e18581017f8364b840a8d5723d7cbb5c6c2363b36f0c556fd25d", "price_changes": [{"asset_id": "22425614994185906400113524375786294760407587220953520804264545528199207946312", "price": "0.01", "size": "6494.62", "side": "BUY", "hash": "a3f194021f92905d1b79a024ceeffbb346779f41", "best_bid": "0.21", "best_ask": "0.75"}, {"asset_id": "28269408801821950904468284224553563376473043812295945624058951837085632306775", "price": "0.99", "size": "6494.62", "side": "SELL", "hash": "bbcd8d04d107fbfe2cadf584316185499d436ee6", "best_bid": "0.25", "best_ask": "0.79"}], "timestamp": "1769384562744", "event_type": "price_change"}}
{"_local_timestamp": "2026-01-25T23:42:42.906972+00:00", "data": {"market": "0xd6482b74ce29e18581017f8364b840a8d5723d7cbb5c6c2363b36f0c556fd25d", "price_changes": [{"asset_id": "22425614994185906400113524375786294760407587220953520804264545528199207946312", "price": "0.12", "size": "0", "side": "BUY", "hash": "e47e068a8926c11aa07627c56144d9d0beeeafb5", "best_bid": "0.21", "best_ask": "0.75"}, {"asset_id": "28269408801821950904468284224553563376473043812295945624058951837085632306775", "price": "0.88", "size": "0", "side": "SELL", "hash": "db9dd517a7e867ed04136679f6fcd6fed24b9eb4", "best_bid": "0.25", "best_ask": "0.79"}], "timestamp": "1769384562771", "event_type": "price_change"}}
{"_local_timestamp": "2026-01-25T23:42:42.907581+00:00", "data": {"market": "0xd6482b74ce29e18581017f8364b840a8d5723d7cbb5c6c2363b36f0c556fd25d", "price_changes": [{"asset_id": "22425614994185906400113524375786294760407587220953520804264545528199207946312", "price": "0.11", "size": "300", "side": "BUY", "hash": "e47e068a8926c11aa07627c56144d9d0beeeafb5", "best_bid": "0.21", "best_ask": "0.75"}, {"asset_id": "28269408801821950904468284224553563376473043812295945624058951837085632306775", "price": "0.89", "size": "300", "side": "SELL", "hash": "db9dd517a7e867ed04136679f6fcd6fed24b9eb4", "best_bid": "0.25", "best_ask": "0.79"}], "timestamp": "1769384562771", "event_type": "price_change"}}
{"_local_timestamp": "2026-01-25T23:42:42.908043+00:00", "data": {"market": "0xd6482b74ce29e18581017f8364b840a8d5723d7cbb5c6c2363b36f0c556fd25d", "price_changes": [{"asset_id": "22425614994185906400113524375786294760407587220953520804264545528199207946312", "price": "0.19", "size": "0", "side": "BUY", "hash": "e47e068a8926c11aa07627c56144d9d0beeeafb5", "best_bid": "0.21", "best_ask": "0.75"}, {"asset_id": "28269408801821950904468284224553563376473043812295945624058951837085632306775", "price": "0.81", "size": "0", "side": "SELL", "hash": "db9dd517a7e867ed04136679f6fcd6fed24b9eb4", "best_bid": "0.25", "best_ask": "0.79"}], "timestamp": "1769384562771", "event_type": "price_change"}}
{"_local_timestamp": "2026-01-25T23:42:42.908517+00:00", "data": {"market": "0xd6482b74ce29e18581017f8364b840a8d5723d7cbb5c6c2363b36f0c556fd25d", "price_changes": [{"asset_id": "22425614994185906400113524375786294760407587220953520804264545528199207946312", "price": "0.18", "size": "0", "side": "BUY", "hash": "e47e068a8926c11aa07627c56144d9d0beeeafb5", "best_bid": "0.21", "best_ask": "0.75"}, {"asset_id": "28269408801821950904468284224553563376473043812295945624058951837085632306775", "price": "0.82", "size": "0", "side": "SELL", "hash": "db9dd517a7e867ed04136679f6fcd6fed24b9eb4", "best_bid": "0.25", "best_ask": "0.79"}], "timestamp": "1769384562771", "event_type": "price_change"}}
{"_local_timestamp": "2026-01-25T23:42:43.034160+00:00", "data": {"market": "0xd6482b74ce29e18581017f8364b840a8d5723d7cbb5c6c2363b36f0c556fd25d", "price_changes": [{"asset_id": "22425614994185906400113524375786294760407587220953520804264545528199207946312", "price": "0.01", "size": "7384.73", "side": "BUY", "hash": "8add35d6e4101eb40c9ac095b7d36fae3c3753a3", "best_bid": "0.21", "best_ask": "0.75"}, {"asset_id": "28269408801821950904468284224553563376473043812295945624058951837085632306775", "price": "0.99", "size": "7384.73", "side": "SELL", "hash": "28fe3e139beb6e691d24b50d76bf17aa6cb6d918", "best_bid": "0.25", "best_ask": "0.79"}], "timestamp": "1769384562889", "event_type": "price_change"}}
{"_local_timestamp": "2026-01-25T23:42:43.034865+00:00", "data": {"market": "0xd6482b74ce29e18581017f8364b840a8d5723d7cbb5c6c2363b36f0c556fd25d", "price_changes": [{"asset_id": "22425614994185906400113524375786294760407587220953520804264545528199207946312", "price": "0.01", "size": "8654.83", "side": "BUY", "hash": "33030485b897d54e1b57df8d2057741fd759a4ba", "best_bid": "0.21", "best_ask": "0.75"}, {"asset_id": "28269408801821950904468284224553563376473043812295945624058951837085632306775", "price": "0.99", "size": "8654.83", "side": "SELL", "hash": "1650651fe30d18808d437388f349e226a3cfa923", "best_bid": "0.25", "best_ask": "0.79"}], "timestamp": "1769384562890", "event_type": "price_change"}}
{"_local_timestamp": "2026-01-25T23:42:43.035376+00:00", "data": {"market": "0xd6482b74ce29e18581017f8364b840a8d5723d7cbb5c6c2363b36f0c556fd25d", "price_changes": [{"asset_id": "22425614994185906400113524375786294760407587220953520804264545528199207946312", "price": "0.01", "size": "10651.94", "side": "BUY", "hash": "5f9db7df53eb99d21b352718a720fa37b67dffe4", "best_bid": "0.21", "best_ask": "0.75"}, {"asset_id": "28269408801821950904468284224553563376473043812295945624058951837085632306775", "price": "0.99", "size": "10651.94", "side": "SELL", "hash": "de18d1d48eca4b1f5bed0b4a95de3e5ac52ef05e", "best_bid": "0.25", "best_ask": "0.79"}], "timestamp": "1769384562890", "event_type": "price_change"}}
{"_local_timestamp": "2026-01-25T23:42:43.356190+00:00", "data": {"market": "0xd6482b74ce29e18581017f8364b840a8d5723d7cbb5c6c2363b36f0c556fd25d", "price_changes": [{"asset_id": "22425614994185906400113524375786294760407587220953520804264545528199207946312", "price": "0.2", "size": "940.11", "side": "BUY", "hash": "72410a2d5ecee60430f7ac591aa214fa6751ac23", "best_bid": "0.21", "best_ask": "0.75"}, {"asset_id": "28269408801821950904468284224553563376473043812295945624058951837085632306775", "price": "0.8", "size": "940.11", "side": "SELL", "hash": "bb83dfcfb69b47cec3a6c5ed430de098a4c26bed", "best_bid": "0.25", "best_ask": "0.79"}], "timestamp": "1769384563166", "event_type": "price_change"}}
{"_local_timestamp": "2026-01-25T23:42:43.466375+00:00", "data": {"market": "0xd6482b74ce29e18581017f8364b840a8d5723d7cbb5c6c2363b36f0c556fd25d", "price_changes": [{"asset_id": "22425614994185906400113524375786294760407587220953520804264545528199207946312", "price": "0.12", "size": "890.11", "side": "BUY", "hash": "959ded230c6722e7688bbc41745ff56173273ecf", "best_bid": "0.21", "best_ask": "0.75"}, {"asset_id": "28269408801821950904468284224553563376473043812295945624058951837085632306775", "price": "0.88", "size": "890.11", "side": "SELL", "hash": "bb747f2ae3b9ebcc83d1d31b0954e1cc5e1188b2", "best_bid": "0.25", "best_ask": "0.79"}], "timestamp": "1769384563322", "event_type": "price_change"}}
{"_local_timestamp": "2026-01-25T23:42:43.466997+00:00", "data": {"market": "0xd6482b74ce29e18581017f8364b840a8d5723d7cbb5c6c2363b36f0c556fd25d", "price_changes": [{"asset_id": "22425614994185906400113524375786294760407587220953520804264545528199207946312", "price": "0.11", "size": "1190.11", "side": "BUY", "hash": "e0f30f027add552acf84f461f1feb3b06b38797f", "best_bid": "0.21", "best_ask": "0.75"}, {"asset_id": "28269408801821950904468284224553563376473043812295945624058951837085632306775", "price": "0.89", "size": "1190.11", "side": "SELL", "hash": "cbbe195c74a88f48e8643b8e6f4cf47450f54507", "best_bid": "0.25", "best_ask": "0.79"}], "timestamp": "1769384563323", "event_type": "price_change"}}
{"_local_timestamp": "2026-01-25T23:42:44.159671+00:00", "data": {"market": "0xd6482b74ce29e18581017f8364b840a8d5723d7cbb5c6c2363b36f0c556fd25d", "price_changes": [{"asset_id": "22425614994185906400113524375786294760407587220953520804264545528199207946312", "price": "0.22", "size": "150", "side": "BUY", "hash": "a4be8f787b9e1b52d28eff0f0643900f065a5665", "best_bid": "0.22", "best_ask": "0.75"}, {"asset_id": "28269408801821950904468284224553563376473043812295945624058951837085632306775", "price": "0.78", "size": "150", "side": "SELL", "hash": "a03a2ba3cc8b3c4e066afe49faf1a1ea9934b659", "best_bid": "0.25", "best_ask": "0.78"}], "timestamp": "1769384564008", "event_type": "price_change"}}
{"_local_timestamp": "2026-01-25T23:42:44.295421+00:00", "data": {"market": "0xd6482b74ce29e18581017f8364b840a8d5723d7cbb5c6c2363b36f0c556fd25d", "price_changes": [{"asset_id": "22425614994185906400113524375786294760407587220953520804264545528199207946312", "price": "0.2", "size": "890.11", "side": "BUY", "hash": "0eb18aec95c9944ffefe22f4e5008d67e99c7b7f", "best_bid": "0.22", "best_ask": "0.75"}, {"asset_id": "28269408801821950904468284224553563376473043812295945624058951837085632306775", "price": "0.8", "size": "890.11", "side": "SELL", "hash": "8dfe02da7969edf10ceeb3dafb75bd383d6ff4fa", "best_bid": "0.25", "best_ask": "0.78"}], "timestamp": "1769384564166", "event_type": "price_change"}}
{"_local_timestamp": "2026-01-25T23:42:44.359408+00:00", "data": {"market": "0xd6482b74ce29e18581017f8364b840a8d5723d7cbb5c6c2363b36f0c556fd25d", "price_changes": [{"asset_id": "22425614994185906400113524375786294760407587220953520804264545528199207946312", "price": "0.21", "size": "938.11", "side": "BUY", "hash": "7f3801aefe810e3eb836c78134a584dd1a1154f4", "best_bid": "0.22", "best_ask": "0.75"}, {"asset_id": "28269408801821950904468284224553563376473043812295945624058951837085632306775", "price": "0.79", "size": "938.11", "side": "SELL", "hash": "78d2184d0eb49a34fa91377698d7f5d73af28c79", "best_bid": "0.25", "best_ask": "0.78"}], "timestamp": "1769384564229", "event_type": "price_change"}}
{"_local_timestamp": "2026-01-25T23:42:47.387555+00:00", "data": {"market": "0xd6482b74ce29e18581017f8364b840a8d5723d7cbb5c6c2363b36f0c556fd25d", "price_changes": [{"asset_id": "22425614994185906400113524375786294760407587220953520804264545528199207946312", "price": "0.01", "size": "11051.94", "side": "BUY", "hash": "0b7cbe432e85e80014cca5ce0e09890e955ecbbd", "best_bid": "0.22", "best_ask": "0.75"}, {"asset_id": "28269408801821950904468284224553563376473043812295945624058951837085632306775", "price": "0.99", "size": "11051.94", "side": "SELL", "hash": "f3e0f30ab56db3b8c50e4949d3daff5e1a501a9a", "best_bid": "0.25", "best_ask": "0.78"}], "timestamp": "1769384567233", "event_type": "price_change"}}
{"_local_timestamp": "2026-01-25T23:42:47.389187+00:00", "data": {"market": "0xd6482b74ce29e18581017f8364b840a8d5723d7cbb5c6c2363b36f0c556fd25d", "price_changes": [{"asset_id": "28269408801821950904468284224553563376473043812295945624058951837085632306775", "price": "0.03", "size": "700", "side": "BUY", "hash": "60cbd8ecf3d3f46f4a2d2654b8a3df070f77103f", "best_bid": "0.25", "best_ask": "0.78"}, {"asset_id": "22425614994185906400113524375786294760407587220953520804264545528199207946312", "price": "0.97", "size": "700", "side": "SELL", "hash": "fd25b70b89f10d9f8526ced3b5ab95ee9210ab1a", "best_bid": "0.22", "best_ask": "0.75"}], "timestamp": "1769384567233", "event_type": "price_change"}}
{"_local_timestamp": "2026-01-25T23:42:47.443534+00:00", "data": {"market": "0xd6482b74ce29e18581017f8364b840a8d5723d7cbb5c6c2363b36f0c556fd25d", "price_changes": [{"asset_id": "28269408801821950904468284224553563376473043812295945624058951837085632306775", "price": "0.04", "size": "2017.39", "side": "BUY", "hash": "61e83fdbdd30a3af804f3149e9891358cf3b1bd2", "best_bid": "0.25", "best_ask": "0.78"}, {"asset_id": "22425614994185906400113524375786294760407587220953520804264545528199207946312", "price": "0.96", "size": "2017.39", "side": "SELL", "hash": "04901f23b6e015657158f866209f885e95f13606", "best_bid": "0.22", "best_ask": "0.75"}], "timestamp": "1769384567313", "event_type": "price_change"}}
{"_local_timestamp": "2026-01-25T23:42:47.444154+00:00", "data": {"market": "0xd6482b74ce29e18581017f8364b840a8d5723d7cbb5c6c2363b36f0c556fd25d", "price_changes": [{"asset_id": "28269408801821950904468284224553563376473043812295945624058951837085632306775", "price": "0.04", "size": "3287.49", "side": "BUY", "hash": "75e2c7e1c112b049e4d359178be12ec51f48301b", "best_bid": "0.25", "best_ask": "0.78"}, {"asset_id": "22425614994185906400113524375786294760407587220953520804264545528199207946312", "price": "0.96", "size": "3287.49", "side": "SELL", "hash": "84ec693dd77515f46766733c64d14cfd5198ca5a", "best_bid": "0.22", "best_ask": "0.75"}], "timestamp": "1769384567314", "event_type": "price_change"}}
{"_local_timestamp": "2026-01-25T23:42:47.444643+00:00", "data": {"market": "0xd6482b74ce29e18581017f8364b840a8d5723d7cbb5c6c2363b36f0c556fd25d", "price_changes": [{"asset_id": "28269408801821950904468284224553563376473043812295945624058951837085632306775", "price": "0.04", "size": "4177.6", "side": "BUY", "hash": "f7254dcc070b762273223d88f41084275c5210c6", "best_bid": "0.25", "best_ask": "0.78"}, {"asset_id": "22425614994185906400113524375786294760407587220953520804264545528199207946312", "price": "0.96", "size": "4177.6", "side": "SELL", "hash": "2ce9ee98eb8f60cd3f1f4a219736f774675d6b11", "best_bid": "0.22", "best_ask": "0.75"}], "timestamp": "1769384567315", "event_type": "price_change"}}
{"_local_timestamp": "2026-01-25T23:42:47.468027+00:00", "data": {"market": "0xd6482b74ce29e18581017f8364b840a8d5723d7cbb5c6c2363b36f0c556fd25d", "price_changes": [{"asset_id": "22425614994185906400113524375786294760407587220953520804264545528199207946312", "price": "0.21", "size": "48", "side": "BUY", "hash": "8f80f9ce55db012a83bd696b3e2d94739d108f18", "best_bid": "0.22", "best_ask": "0.75"}, {"asset_id": "28269408801821950904468284224553563376473043812295945624058951837085632306775", "price": "0.79", "size": "48", "side": "SELL", "hash": "66cc911ca30e5580ed17f671c7a7abf66921de2b", "best_bid": "0.25", "best_ask": "0.78"}], "timestamp": "1769384567350", "event_type": "price_change"}}
{"_local_timestamp": "2026-01-25T23:42:47.470511+00:00", "data": {"market": "0xd6482b74ce29e18581017f8364b840a8d5723d7cbb5c6c2363b36f0c556fd25d", "price_changes": [{"asset_id": "22425614994185906400113524375786294760407587220953520804264545528199207946312", "price": "0.2", "size": "0", "side": "BUY", "hash": "8f80f9ce55db012a83bd696b3e2d94739d108f18", "best_bid": "0.22", "best_ask": "0.75"}, {"asset_id": "28269408801821950904468284224553563376473043812295945624058951837085632306775", "price": "0.8", "size": "0", "side": "SELL", "hash": "66cc911ca30e5580ed17f671c7a7abf66921de2b", "best_bid": "0.25", "best_ask": "0.78"}], "timestamp": "1769384567350", "event_type": "price_change"}}
{"_local_timestamp": "2026-01-25T23:42:47.515019+00:00", "data": {"market": "0xd6482b74ce29e18581017f8364b840a8d5723d7cbb5c6c2363b36f0c556fd25d", "price_changes": [{"asset_id": "22425614994185906400113524375786294760407587220953520804264545528199207946312", "price": "0.21", "size": "938.11", "side": "BUY", "hash": "29d2a28bb6fac7a9ae8ec1494931df9e3036d427", "best_bid": "0.22", "best_ask": "0.75"}, {"asset_id": "28269408801821950904468284224553563376473043812295945624058951837085632306775", "price": "0.79", "size": "938.11", "side": "SELL", "hash": "a25a0627314ed816ca691a51cc3f9e0abca49b1f", "best_bid": "0.25", "best_ask": "0.78"}], "timestamp": "1769384567390", "event_type": "price_change"}}
{"_local_timestamp": "2026-01-25T23:42:47.515600+00:00", "data": {"market": "0xd6482b74ce29e18581017f8364b840a8d5723d7cbb5c6c2363b36f0c556fd25d", "price_changes": [{"asset_id": "22425614994185906400113524375786294760407587220953520804264545528199207946312", "price": "0.22", "size": "1040.11", "side": "BUY", "hash": "26b311a84b5a80a228a38d89931073c8f4a1d418", "best_bid": "0.22", "best_ask": "0.75"}, {"asset_id": "28269408801821950904468284224553563376473043812295945624058951837085632306775", "price": "0.78", "size": "1040.11", "side": "SELL", "hash": "99fdb97e0b3f45ad9653bd525d8d00ab1e37d54b", "best_bid": "0.25", "best_ask": "0.78"}], "timestamp": "1769384567391", "event_type": "price_change"}}
{"_local_timestamp": "2026-01-25T23:42:49.317247+00:00", "data": {"market": "0xd6482b74ce29e18581017f8364b840a8d5723d7cbb5c6c2363b36f0c556fd25d", "price_changes": [{"asset_id": "22425614994185906400113524375786294760407587220953520804264545528199207946312", "price": "0.22", "size": "890.11", "side": "BUY", "hash": "b3c0d4f70d27a3995db01707bde2343465efd411", "best_bid": "0.22", "best_ask": "0.75"}, {"asset_id": "28269408801821950904468284224553563376473043812295945624058951837085632306775", "price": "0.78", "size": "890.11", "side": "SELL", "hash": "e7061b0829fa77aaf9d27e49cd782564fe6c85e5", "best_bid": "0.25", "best_ask": "0.78"}], "timestamp": "1769384569195", "event_type": "price_change"}}
{"_local_timestamp": "2026-01-25T23:42:49.855071+00:00", "data": {"market": "0xd6482b74ce29e18581017f8364b840a8d5723d7cbb5c6c2363b36f0c556fd25d", "price_changes": [{"asset_id": "22425614994185906400113524375786294760407587220953520804264545528199207946312", "price": "0.23", "size": "150", "side": "BUY", "hash": "777a9e88114ec10388ca06f3133aa21d1a1714c9", "best_bid": "0.23", "best_ask": "0.75"}, {"asset_id": "28269408801821950904468284224553563376473043812295945624058951837085632306775", "price": "0.77", "size": "150", "side": "SELL", "hash": "5a27ec5dcd08dff1446f5a599d34799e3ef15ad8", "best_bid": "0.25", "best_ask": "0.77"}], "timestamp": "1769384569721", "event_type": "price_change"}}
{"_local_timestamp": "2026-01-25T23:42:49.934770+00:00", "data": {"market": "0xd6482b74ce29e18581017f8364b840a8d5723d7cbb5c6c2363b36f0c556fd25d", "price_changes": [{"asset_id": "22425614994185906400113524375786294760407587220953520804264545528199207946312", "price": "0.21", "size": "890.11", "side": "BUY", "hash": "0c20ee89f2e68d6c949a238bb5fa4cc1c2b93203", "best_bid": "0.23", "best_ask": "0.75"}, {"asset_id": "28269408801821950904468284224553563376473043812295945624058951837085632306775", "price": "0.79", "size": "890.11", "side": "SELL", "hash": "59e1234d1252f958e1bb24f4216a1ebc840abaee", "best_bid": "0.25", "best_ask": "0.77"}], "timestamp": "1769384569803", "event_type": "price_change"}}
{"_local_timestamp": "2026-01-25T23:42:49.999241+00:00", "data": {"market": "0xd6482b74ce29e18581017f8364b840a8d5723d7cbb5c6c2363b36f0c556fd25d", "price_changes": [{"asset_id": "22425614994185906400113524375786294760407587220953520804264545528199207946312", "price": "0.01", "size": "6894.62", "side": "BUY", "hash": "60faf81c44e6a93a93e7abfded85614a4fa83683", "best_bid": "0.23", "best_ask": "0.75"}, {"asset_id": "28269408801821950904468284224553563376473043812295945624058951837085632306775", "price": "0.99", "size": "6894.62", "side": "SELL", "hash": "a92b3efa1433bf5895925ce6faccc440bbefd607", "best_bid": "0.25", "best_ask": "0.77"}], "timestamp": "1769384569858", "event_type": "price_change"}}
{"_local_timestamp": "2026-01-25T23:42:49.999933+00:00", "data": {"market": "0xd6482b74ce29e18581017f8364b840a8d5723d7cbb5c6c2363b36f0c556fd25d", "price_changes": [{"asset_id": "28269408801821950904468284224553563376473043812295945624058951837085632306775", "price": "0.01", "size": "6585.49", "side": "BUY", "hash": "f72c40cededda736ca83124501fe5c350605d710", "best_bid": "0.25", "best_ask": "0.77"}, {"asset_id": "22425614994185906400113524375786294760407587220953520804264545528199207946312", "price": "0.99", "size": "6585.49", "side": "SELL", "hash": "d2ec723f0a2a8b8d8e00da65970447ad2dbcad23", "best_bid": "0.23", "best_ask": "0.75"}], "timestamp": "1769384569858", "event_type": "price_change"}}
{"_local_timestamp": "2026-01-25T23:42:59.890892+00:00", "data": {"market": "0xd6482b74ce29e18581017f8364b840a8d5723d7cbb5c6c2363b36f0c556fd25d", "price_changes": [{"asset_id": "28269408801821950904468284224553563376473043812295945624058951837085632306775", "price": "0.03", "size": "400", "side": "BUY", "hash": "291d1b2d6590b0d88496890ed894e5da83b8291e", "best_bid": "0.25", "best_ask": "0.77"}, {"asset_id": "22425614994185906400113524375786294760407587220953520804264545528199207946312", "price": "0.97", "size": "400", "side": "SELL", "hash": "8e5d479eb4e05624105df4441dab5a70f7d5451d", "best_bid": "0.23", "best_ask": "0.75"}], "timestamp": "1769384579766", "event_type": "price_change"}}
{"_local_timestamp": "2026-01-25T23:42:59.946111+00:00", "data": {"market": "0xd6482b74ce29e18581017f8364b840a8d5723d7cbb5c6c2363b36f0c556fd25d", "price_changes": [{"asset_id": "28269408801821950904468284224553563376473043812295945624058951837085632306775", "price": "0.01", "size": "7475.6", "side": "BUY", "hash": "1a540170cb8580aad0f429c03c42e94132d5f163", "best_bid": "0.25", "best_ask": "0.77"}, {"asset_id": "22425614994185906400113524375786294760407587220953520804264545528199207946312", "price": "0.99", "size": "7475.6", "side": "SELL", "hash": "efc62eefc1c1e36de27aa2501d09031eae3e6c05", "best_bid": "0.23", "best_ask": "0.75"}], "timestamp": "1769384579818", "event_type": "price_change"}}
{"_local_timestamp": "2026-01-25T23:42:59.946767+00:00", "data": {"market": "0xd6482b74ce29e18581017f8364b840a8d5723d7cbb5c6c2363b36f0c556fd25d", "price_changes": [{"asset_id": "28269408801821950904468284224553563376473043812295945624058951837085632306775", "price": "0.01", "size": "9472.71", "side": "BUY", "hash": "1a6b19ad34a7e56408df0f1d14d579c8c3d191e9", "best_bid": "0.25", "best_ask": "0.77"}, {"asset_id": "22425614994185906400113524375786294760407587220953520804264545528199207946312", "price": "0.99", "size": "9472.71", "side": "SELL", "hash": "2be89163148929e268da0c7f000004a44b202ac8", "best_bid": "0.23", "best_ask": "0.75"}], "timestamp": "1769384579819", "event_type": "price_change"}}
{"_local_timestamp": "2026-01-25T23:42:59.947316+00:00", "data": {"market": "0xd6482b74ce29e18581017f8364b840a8d5723d7cbb5c6c2363b36f0c556fd25d", "price_changes": [{"asset_id": "28269408801821950904468284224553563376473043812295945624058951837085632306775", "price": "0.01", "size": "10742.81", "side": "BUY", "hash": "5b5a2163d069d96488d2d360a74eb3637bd357b0", "best_bid": "0.25", "best_ask": "0.77"}, {"asset_id": "22425614994185906400113524375786294760407587220953520804264545528199207946312", "price": "0.99", "size": "10742.81", "side": "SELL", "hash": "362dafde44695efc0f9688235cfbd27aeef5f980", "best_bid": "0.23", "best_ask": "0.75"}], "timestamp": "1769384579820", "event_type": "price_change"}}
{"_local_timestamp": "2026-01-25T23:43:00.005757+00:00", "data": {"market": "0xd6482b74ce29e18581017f8364b840a8d5723d7cbb5c6c2363b36f0c556fd25d", "price_changes": [{"asset_id": "22425614994185906400113524375786294760407587220953520804264545528199207946312", "price": "0.22", "size": "0", "side": "BUY", "hash": "910c926456cacc6ef1d427909dd0d798566ca3c0", "best_bid": "0.23", "best_ask": "0.75"}, {"asset_id": "28269408801821950904468284224553563376473043812295945624058951837085632306775", "price": "0.78", "size": "0", "side": "SELL", "hash": "80e3a29fdf1e3ecf34d15063bfcafc3c7326b288", "best_bid": "0.25", "best_ask": "0.77"}], "timestamp": "1769384579878", "event_type": "price_change"}}
{"_local_timestamp": "2026-01-25T23:43:00.006390+00:00", "data": {"market": "0xd6482b74ce29e18581017f8364b840a8d5723d7cbb5c6c2363b36f0c556fd25d", "price_changes": [{"asset_id": "22425614994185906400113524375786294760407587220953520804264545528199207946312", "price": "0.21", "size": "0", "side": "BUY", "hash": "910c926456cacc6ef1d427909dd0d798566ca3c0", "best_bid": "0.23", "best_ask": "0.75"}, {"asset_id": "28269408801821950904468284224553563376473043812295945624058951837085632306775", "price": "0.79", "size": "0", "side": "SELL", "hash": "80e3a29fdf1e3ecf34d15063bfcafc3c7326b288", "best_bid": "0.25", "best_ask": "0.77"}], "timestamp": "1769384579878", "event_type": "price_change"}}
{"_local_timestamp": "2026-01-25T23:43:00.192634+00:00", "data": {"market": "0xd6482b74ce29e18581017f8364b840a8d5723d7cbb5c6c2363b36f0c556fd25d", "price_changes": [{"asset_id": "22425614994185906400113524375786294760407587220953520804264545528199207946312", "price": "0.22", "size": "890.11", "side": "BUY", "hash": "88a3cb1ca0d215df03ceef32c1422393b2021285", "best_bid": "0.23", "best_ask": "0.75"}, {"asset_id": "28269408801821950904468284224553563376473043812295945624058951837085632306775", "price": "0.78", "size": "890.11", "side": "SELL", "hash": "04d42b02f2a18cf91e4d1433e482395673691e19", "best_bid": "0.25", "best_ask": "0.77"}], "timestamp": "1769384580055", "event_type": "price_change"}}
{"_local_timestamp": "2026-01-25T23:43:00.200719+00:00", "data": {"market": "0xd6482b74ce29e18581017f8364b840a8d5723d7cbb5c6c2363b36f0c556fd25d", "price_changes": [{"asset_id": "22425614994185906400113524375786294760407587220953520804264545528199207946312", "price": "0.23", "size": "1040.11", "side": "BUY", "hash": "bb882353e2a5d1c2497820f8a8d3dbdacc12ae00", "best_bid": "0.23", "best_ask": "0.75"}, {"asset_id": "28269408801821950904468284224553563376473043812295945624058951837085632306775", "price": "0.77", "size": "1040.11", "side": "SELL", "hash": "03e44d517d033367f3721f71f606b43f1b81c1b4", "best_bid": "0.25", "best_ask": "0.77"}], "timestamp": "1769384580056", "event_type": "price_change"}}
{"_local_timestamp": "2026-01-25T23:43:00.201335+00:00", "data": {"market": "0xd6482b74ce29e18581017f8364b840a8d5723d7cbb5c6c2363b36f0c556fd25d", "price_changes": [{"asset_id": "28269408801821950904468284224553563376473043812295945624058951837085632306775", "price": "0.02", "size": "6305.35", "side": "BUY", "hash": "d7eafe46d33ea3d7a374c50e55d31a5cc85e8645", "best_bid": "0.25", "best_ask": "0.77"}, {"asset_id": "22425614994185906400113524375786294760407587220953520804264545528199207946312", "price": "0.98", "size": "6305.35", "side": "SELL", "hash": "b20d080a5f9e0368c3ec96921cb585d0c191e2e9", "best_bid": "0.23", "best_ask": "0.75"}], "timestamp": "1769384580057", "event_type": "price_change"}}
{"_local_timestamp": "2026-01-25T23:43:00.439154+00:00", "data": {"market": "0xd6482b74ce29e18581017f8364b840a8d5723d7cbb5c6c2363b36f0c556fd25d", "price_changes": [{"asset_id": "22425614994185906400113524375786294760407587220953520804264545528199207946312", "price": "0.23", "size": "890.11", "side": "BUY", "hash": "e42f3919cc7a03c43b6ab2bc8952f420431094ea", "best_bid": "0.23", "best_ask": "0.75"}, {"asset_id": "28269408801821950904468284224553563376473043812295945624058951837085632306775", "price": "0.77", "size": "890.11", "side": "SELL", "hash": "7c7481d55426ac7f5c2695cd49fcdf1df6c1bfd5", "best_bid": "0.25", "best_ask": "0.77"}], "timestamp": "1769384580305", "event_type": "price_change"}}
{"_local_timestamp": "2026-01-25T23:43:00.818173+00:00", "data": {"market": "0xd6482b74ce29e18581017f8364b840a8d5723d7cbb5c6c2363b36f0c556fd25d", "price_changes": [{"asset_id": "22425614994185906400113524375786294760407587220953520804264545528199207946312", "price": "0.24", "size": "150", "side": "BUY", "hash": "296640fd30f8c6186640d4bb70fe0e5274941b86", "best_bid": "0.24", "best_ask": "0.75"}, {"asset_id": "28269408801821950904468284224553563376473043812295945624058951837085632306775", "price": "0.76", "size": "150", "side": "SELL", "hash": "6c37e1c33d67bf8d7be1275e9c94e5f4d59899c3", "best_bid": "0.25", "best_ask": "0.76"}], "timestamp": "1769384580687", "event_type": "price_change"}}
{"_local_timestamp": "2026-01-25T23:43:12.569862+00:00", "data": {"market": "0xd6482b74ce29e18581017f8364b840a8d5723d7cbb5c6c2363b36f0c556fd25d", "price_changes": [{"asset_id": "22425614994185906400113524375786294760407587220953520804264545528199207946312", "price": "0.12", "size": "990.11", "side": "BUY", "hash": "930e0919ab3cc52cfe53cf0dde8841c06258e4ad", "best_bid": "0.24", "best_ask": "0.75"}, {"asset_id": "28269408801821950904468284224553563376473043812295945624058951837085632306775", "price": "0.88", "size": "990.11", "side": "SELL", "hash": "a827f6bd922e0c3f69fe920dd957aee6e94d102f", "best_bid": "0.25", "best_ask": "0.76"}], "timestamp": "1769384592455", "event_type": "price_change"}}
{"_local_timestamp": "2026-01-25T23:43:12.617664+00:00", "data": {"market": "0xd6482b74ce29e18581017f8364b840a8d5723d7cbb5c6c2363b36f0c556fd25d", "price_changes": [{"asset_id": "28269408801821950904468284224553563376473043812295945624058951837085632306775", "price": "0.04", "size": "3287.49", "side": "BUY", "hash": "a82ae434137fec293112d5e18300e3cc66b25150", "best_bid": "0.25", "best_ask": "0.76"}, {"asset_id": "22425614994185906400113524375786294760407587220953520804264545528199207946312", "price": "0.96", "size": "3287.49", "side": "SELL", "hash": "ebcf6e49cac129dfcbf790973b795708063d0947", "best_bid": "0.24", "best_ask": "0.75"}], "timestamp": "1769384592490", "event_type": "price_change"}}
{"_local_timestamp": "2026-01-25T23:43:12.618258+00:00", "data": {"market": "0xd6482b74ce29e18581017f8364b840a8d5723d7cbb5c6c2363b36f0c556fd25d", "price_changes": [{"asset_id": "28269408801821950904468284224553563376473043812295945624058951837085632306775", "price": "0.02", "size": "306.24", "side": "BUY", "hash": "a82ae434137fec293112d5e18300e3cc66b25150", "best_bid": "0.25", "best_ask": "0.76"}, {"asset_id": "22425614994185906400113524375786294760407587220953520804264545528199207946312", "price": "0.98", "size": "306.24", "side": "SELL", "hash": "ebcf6e49cac129dfcbf790973b795708063d0947", "best_bid": "0.24", "best_ask": "0.75"}], "timestamp": "1769384592490", "event_type": "price_change"}}
{"_local_timestamp": "2026-01-25T23:43:12.618812+00:00", "data": {"market": "0xd6482b74ce29e18581017f8364b840a8d5723d7cbb5c6c2363b36f0c556fd25d", "price_changes": [{"asset_id": "22425614994185906400113524375786294760407587220953520804264545528199207946312", "price": "0.23", "size": "0", "side": "BUY", "hash": "79c417c926f36b54ffe229f1febf68e022087e3f", "best_bid": "0.24", "best_ask": "0.75"}, {"asset_id": "28269408801821950904468284224553563376473043812295945624058951837085632306775", "price": "0.77", "size": "0", "side": "SELL", "hash": "ea1ebd8a35616a53f8e8f82c2f241a50a939f826", "best_bid": "0.25", "best_ask": "0.76"}], "timestamp": "1769384592491", "event_type": "price_change"}}
{"_local_timestamp": "2026-01-25T23:43:12.619356+00:00", "data": {"market": "0xd6482b74ce29e18581017f8364b840a8d5723d7cbb5c6c2363b36f0c556fd25d", "price_changes": [{"asset_id": "22425614994185906400113524375786294760407587220953520804264545528199207946312", "price": "0.22", "size": "0", "side": "BUY", "hash": "79c417c926f36b54ffe229f1febf68e022087e3f", "best_bid": "0.24", "best_ask": "0.75"}, {"asset_id": "28269408801821950904468284224553563376473043812295945624058951837085632306775", "price": "0.78", "size": "0", "side": "SELL", "hash": "ea1ebd8a35616a53f8e8f82c2f241a50a939f826", "best_bid": "0.25", "best_ask": "0.76"}], "timestamp": "1769384592491", "event_type": "price_change"}}
{"_local_timestamp": "2026-01-25T23:43:12.656720+00:00", "data": {"market": "0xd6482b74ce29e18581017f8364b840a8d5723d7cbb5c6c2363b36f0c556fd25d", "price_changes": [{"asset_id": "28269408801821950904468284224553563376473043812295945624058951837085632306775", "price": "0.05", "size": "890.11", "side": "BUY", "hash": "f1d18ff9c5255665d6433e2ceb6a0aea6b8a5ce6", "best_bid": "0.25", "best_ask": "0.76"}, {"asset_id": "22425614994185906400113524375786294760407587220953520804264545528199207946312", "price": "0.95", "size": "890.11", "side": "SELL", "hash": "4b3a9b4971d86668c5757c730b4e48153a90b289", "best_bid": "0.24", "best_ask": "0.75"}], "timestamp": "1769384592533", "event_type": "price_change"}}
{"_local_timestamp": "2026-01-25T23:43:12.678419+00:00", "data": {"market": "0xd6482b74ce29e18581017f8364b840a8d5723d7cbb5c6c2363b36f0c556fd25d", "price_changes": [{"asset_id": "28269408801821950904468284224553563376473043812295945624058951837085632306775", "price": "0.04", "size": "20.28", "side": "BUY", "hash": "c8e7681cc2b8bfe62c9b37c1093431ed7fdde29d", "best_bid": "0.25", "best_ask": "0.76"}, {"asset_id": "22425614994185906400113524375786294760407587220953520804264545528199207946312", "price": "0.96", "size": "20.28", "side": "SELL", "hash": "33d7edc473856c38d8d330f15398b1f24d94437f", "best_bid": "0.24", "best_ask": "0.75"}], "timestamp": "1769384592567", "event_type": "price_change"}}
{"_local_timestamp": "2026-01-25T23:43:13.383889+00:00", "data": {"market": "0xd6482b74ce29e18581017f8364b840a8d5723d7cbb5c6c2363b36f0c556fd25d", "price_changes": [{"asset_id": "28269408801821950904468284224553563376473043812295945624058951837085632306775", "price": "0.05", "size": "2160.21", "side": "BUY", "hash": "605deb9f10ad870b7171cb6bbc6170bd0a359093", "best_bid": "0.25", "best_ask": "0.76"}, {"asset_id": "22425614994185906400113524375786294760407587220953520804264545528199207946312", "price": "0.95", "size": "2160.21", "side": "SELL", "hash": "ee4bd98775707d1ec95d4f6b5f3c587d2549af46", "best_bid": "0.24", "best_ask": "0.75"}], "timestamp": "1769384592762", "event_type": "price_change"}}
{"_local_timestamp": "2026-01-25T23:43:13.385481+00:00", "data": {"market": "0xd6482b74ce29e18581017f8364b840a8d5723d7cbb5c6c2363b36f0c556fd25d", "price_changes": [{"asset_id": "28269408801821950904468284224553563376473043812295945624058951837085632306775", "price": "0.05", "size": "4157.32", "side": "BUY", "hash": "a0db4091247b29a5bbad9101933bda6c5291855e", "best_bid": "0.25", "best_ask": "0.76"}, {"asset_id": "22425614994185906400113524375786294760407587220953520804264545528199207946312", "price": "0.95", "size": "4157.32", "side": "SELL", "hash": "ba68cdc60b0c22b0e97e5218beb3374321a12886", "best_bid": "0.24", "best_ask": "0.75"}], "timestamp": "1769384592763", "event_type": "price_change"}}
{"_local_timestamp": "2026-01-25T23:43:16.411563+00:00", "data": {"market": "0xd6482b74ce29e18581017f8364b840a8d5723d7cbb5c6c2363b36f0c556fd25d", "price_changes": [{"asset_id": "22425614994185906400113524375786294760407587220953520804264545528199207946312", "price": "0.01", "size": "7294.62", "side": "BUY", "hash": "cdd17ec5858072338ec627f8c90d0e9a6a117e5a", "best_bid": "0.24", "best_ask": "0.75"}, {"asset_id": "28269408801821950904468284224553563376473043812295945624058951837085632306775", "price": "0.99", "size": "7294.62", "side": "SELL", "hash": "01a335f23c5163b7ef11870e8d1193641a773136", "best_bid": "0.25", "best_ask": "0.76"}], "timestamp": "1769384596294", "event_type": "price_change"}}
{"_local_timestamp": "2026-01-25T23:43:16.485159+00:00", "data": {"market": "0xd6482b74ce29e18581017f8364b840a8d5723d7cbb5c6c2363b36f0c556fd25d", "price_changes": [{"asset_id": "28269408801821950904468284224553563376473043812295945624058951837085632306775", "price": "0.05", "size": "0", "side": "BUY", "hash": "e8872ae06a7d92700301d8f3c3e0f2324e1d5bb8", "best_bid": "0.25", "best_ask": "0.76"}, {"asset_id": "22425614994185906400113524375786294760407587220953520804264545528199207946312", "price": "0.95", "size": "0", "side": "SELL", "hash": "b49041fe83c938b7a140d3cd4f06b1c9a7e3d744", "best_bid": "0.24", "best_ask": "0.75"}], "timestamp": "1769384596362", "event_type": "price_change"}}
{"_local_timestamp": "2026-01-25T23:43:23.979711+00:00", "data": {"market": "0xd6482b74ce29e18581017f8364b840a8d5723d7cbb5c6c2363b36f0c556fd25d", "price_changes": [{"asset_id": "22425614994185906400113524375786294760407587220953520804264545528199207946312", "price": "0.01", "size": "6894.62", "side": "BUY", "hash": "333f440f8e67d6b5ef11ff3081047c98c4534fe0", "best_bid": "0.24", "best_ask": "0.75"}, {"asset_id": "28269408801821950904468284224553563376473043812295945624058951837085632306775", "price": "0.99", "size": "6894.62", "side": "SELL", "hash": "59b1fa56121aae804c5764a972813e80dfcc6372", "best_bid": "0.25", "best_ask": "0.76"}], "timestamp": "1769384603840", "event_type": "price_change"}}
{"_local_timestamp": "2026-01-25T23:43:23.980401+00:00", "data": {"market": "0xd6482b74ce29e18581017f8364b840a8d5723d7cbb5c6c2363b36f0c556fd25d", "price_changes": [{"asset_id": "22425614994185906400113524375786294760407587220953520804264545528199207946312", "price": "0.12", "size": "890.11", "side": "BUY", "hash": "333f440f8e67d6b5ef11ff3081047c98c4534fe0", "best_bid": "0.24", "best_ask": "0.75"}, {"asset_id": "28269408801821950904468284224553563376473043812295945624058951837085632306775", "price": "0.88", "size": "890.11", "side": "SELL", "hash": "59b1fa56121aae804c5764a972813e80dfcc6372", "best_bid": "0.25", "best_ask": "0.76"}], "timestamp": "1769384603840", "event_type": "price_change"}}
{"_local_timestamp": "2026-01-25T23:43:24.205695+00:00", "data": {"market": "0xd6482b74ce29e18581017f8364b840a8d5723d7cbb5c6c2363b36f0c556fd25d", "price_changes": [{"asset_id": "28269408801821950904468284224553563376473043812295945624058951837085632306775", "price": "0.03", "size": "700", "side": "BUY", "hash": "0414ed3dee69947bbf0743f328224c88a1a8bb99", "best_bid": "0.25", "best_ask": "0.76"}, {"asset_id": "22425614994185906400113524375786294760407587220953520804264545528199207946312", "price": "0.97", "size": "700", "side": "SELL", "hash": "3aabfe7229f45fc2868c0733db3d31c18a7fd8d0", "best_bid": "0.24", "best_ask": "0.75"}], "timestamp": "1769384604066", "event_type": "price_change"}}
{"_local_timestamp": "2026-01-25T23:43:24.245193+00:00", "data": {"market": "0xd6482b74ce29e18581017f8364b840a8d5723d7cbb5c6c2363b36f0c556fd25d", "price_changes": [{"asset_id": "28269408801821950904468284224553563376473043812295945624058951837085632306775", "price": "0.04", "size": "910.39", "side": "BUY", "hash": "fa2e30bb51161bfb26afb96965bfe4bb20d1fef0", "best_bid": "0.25", "best_ask": "0.76"}, {"asset_id": "22425614994185906400113524375786294760407587220953520804264545528199207946312", "price": "0.96", "size": "910.39", "side": "SELL", "hash": "4d4e31ed5106d529efc30f1a17aa89450f6aa734", "best_bid": "0.24", "best_ask": "0.75"}], "timestamp": "1769384604111", "event_type": "price_change"}}
{"_local_timestamp": "2026-01-25T23:43:24.463849+00:00", "data": {"market": "0xd6482b74ce29e18581017f8364b840a8d5723d7cbb5c6c2363b36f0c556fd25d", "price_changes": [{"asset_id": "28269408801821950904468284224553563376473043812295945624058951837085632306775", "price": "0.04", "size": "2907.5", "side": "BUY", "hash": "9812374737f4906c2d7a7ecc38df95443ee59a8b", "best_bid": "0.25", "best_ask": "0.76"}, {"asset_id": "22425614994185906400113524375786294760407587220953520804264545528199207946312", "price": "0.96", "size": "2907.5", "side": "SELL", "hash": "33e5a28077afbb27e22c613616d4cbb7359562bc", "best_bid": "0.24", "best_ask": "0.75"}], "timestamp": "1769384604338", "event_type": "price_change"}}
{"_local_timestamp": "2026-01-25T23:43:24.464497+00:00", "data": {"market": "0xd6482b74ce29e18581017f8364b840a8d5723d7cbb5c6c2363b36f0c556fd25d", "price_changes": [{"asset_id": "28269408801821950904468284224553563376473043812295945624058951837085632306775", "price": "0.04", "size": "4177.6", "side": "BUY", "hash": "f9f3ef16cecd3be079619b1dfd385f950ded8176", "best_bid": "0.25", "best_ask": "0.76"}, {"asset_id": "22425614994185906400113524375786294760407587220953520804264545528199207946312", "price": "0.96", "size": "4177.6", "side": "SELL", "hash": "57bdba8910e681304a30d6c46967592daec5dce5", "best_bid": "0.24", "best_ask": "0.75"}], "timestamp": "1769384604339", "event_type": "price_change"}}
{"_local_timestamp": "2026-01-25T23:43:31.173017+00:00", "data": {"market": "0xd6482b74ce29e18581017f8364b840a8d5723d7cbb5c6c2363b36f0c556fd25d", "price_changes": [{"asset_id": "22425614994185906400113524375786294760407587220953520804264545528199207946312", "price": "0.24", "size": "0", "side": "BUY", "hash": "7bcd7e61d5f957701ec12808fa5e32170cd49960", "best_bid": "0.17", "best_ask": "0.75"}, {"asset_id": "28269408801821950904468284224553563376473043812295945624058951837085632306775", "price": "0.76", "size": "0", "side": "SELL", "hash": "b12a14cb60729676510fb1a84619651d790c74ee", "best_bid": "0.25", "best_ask": "0.83"}], "timestamp": "1769384611037", "event_type": "price_change"}}
{"_local_timestamp": "2026-01-25T23:43:31.248634+00:00", "data": {"market": "0xd6482b74ce29e18581017f8364b840a8d5723d7cbb5c6c2363b36f0c556fd25d", "price_changes": [{"asset_id": "28269408801821950904468284224553563376473043812295945624058951837085632306775", "price": "0.01", "size": "6585.49", "side": "BUY", "hash": "c1952ea41c55872a875be1fc07371479e47a9e16", "best_bid": "0.25", "best_ask": "0.83"}, {"asset_id": "22425614994185906400113524375786294760407587220953520804264545528199207946312", "price": "0.99", "size": "6585.49", "side": "SELL", "hash": "dd48c27cb132c882b3ecf2c4323b3847f5a0a7f4", "best_bid": "0.17", "best_ask": "0.75"}], "timestamp": "1769384611129", "event_type": "price_change"}}
{"_local_timestamp": "2026-01-25T23:43:32.220897+00:00", "data": {"market": "0xd6482b74ce29e18581017f8364b840a8d5723d7cbb5c6c2363b36f0c556fd25d", "price_changes": [{"asset_id": "22425614994185906400113524375786294760407587220953520804264545528199207946312", "price": "0.18", "size": "150", "side": "BUY", "hash": "2faae122a7be99ea072f048e98ac4df0fe63088f", "best_bid": "0.18", "best_ask": "0.75"}, {"asset_id": "28269408801821950904468284224553563376473043812295945624058951837085632306775", "price": "0.82", "size": "150", "side": "SELL", "hash": "471d8ec799e4f81c5515be20d066b499f78e2a14", "best_bid": "0.25", "best_ask": "0.82"}], "timestamp": "1769384612105", "event_type": "price_change"}}
{"_local_timestamp": "2026-01-25T23:43:32.378198+00:00", "data": {"market": "0xd6482b74ce29e18581017f8364b840a8d5723d7cbb5c6c2363b36f0c556fd25d", "price_changes": [{"asset_id": "22425614994185906400113524375786294760407587220953520804264545528199207946312", "price": "0.18", "size": "206", "side": "BUY", "hash": "b5eea9602978b3e0f00ee734157695603d73ec5b", "best_bid": "0.18", "best_ask": "0.75"}, {"asset_id": "28269408801821950904468284224553563376473043812295945624058951837085632306775", "price": "0.82", "size": "206", "side": "SELL", "hash": "538593b44b46c13239a508e6a7d3c616e5bd6908", "best_bid": "0.25", "best_ask": "0.82"}], "timestamp": "1769384612261", "event_type": "price_change"}}
{"_local_timestamp": "2026-01-25T23:43:32.410277+00:00", "data": {"market": "0xd6482b74ce29e18581017f8364b840a8d5723d7cbb5c6c2363b36f0c556fd25d", "price_changes": [{"asset_id": "22425614994185906400113524375786294760407587220953520804264545528199207946312", "price": "0.18", "size": "1096.11", "side": "BUY", "hash": "ebe5e009577e5f8781b886ee712a71a8045d98a0", "best_bid": "0.18", "best_ask": "0.75"}, {"asset_id": "28269408801821950904468284224553563376473043812295945624058951837085632306775", "price": "0.82", "size": "1096.11", "side": "SELL", "hash": "bb24eceaf8e158b242dccccf22a2df5be1e7b0e9", "best_bid": "0.25", "best_ask": "0.82"}], "timestamp": "1769384612292", "event_type": "price_change"}}
{"_local_timestamp": "2026-01-25T23:43:32.410997+00:00", "data": {"market": "0xd6482b74ce29e18581017f8364b840a8d5723d7cbb5c6c2363b36f0c556fd25d", "price_changes": [{"asset_id": "22425614994185906400113524375786294760407587220953520804264545528199207946312", "price": "0.19", "size": "890.11", "side": "BUY", "hash": "e76b9058c87c64d47b4e970704125a4e0c36f4fc", "best_bid": "0.19", "best_ask": "0.75"}, {"asset_id": "28269408801821950904468284224553563376473043812295945624058951837085632306775", "price": "0.81", "size": "890.11", "side": "SELL", "hash": "b47370d96e76485161d4240d47b97769eaf29328", "best_bid": "0.25", "best_ask": "0.81"}], "timestamp": "1769384612293", "event_type": "price_change"}}
{"_local_timestamp": "2026-01-25T23:43:32.643075+00:00", "data": {"market": "0xd6482b74ce29e18581017f8364b840a8d5723d7cbb5c6c2363b36f0c556fd25d", "price_changes": [{"asset_id": "22425614994185906400113524375786294760407587220953520804264545528199207946312", "price": "0.2", "size": "1270.1", "side": "BUY", "hash": "66ba33c5c44c7eb025b211c8006e3f59fef0ad9c", "best_bid": "0.2", "best_ask": "0.75"}, {"asset_id": "28269408801821950904468284224553563376473043812295945624058951837085632306775", "price": "0.8", "size": "1270.1", "side": "SELL", "hash": "b21fbc5b03314c464d5f3f7340da4b7a37706db6", "best_bid": "0.25", "best_ask": "0.8"}], "timestamp": "1769384612521", "event_type": "price_change"}}
{"_local_timestamp": "2026-01-25T23:43:32.643904+00:00", "data": {"market": "0xd6482b74ce29e18581017f8364b840a8d5723d7cbb5c6c2363b36f0c556fd25d", "price_changes": [{"asset_id": "22425614994185906400113524375786294760407587220953520804264545528199207946312", "price": "0.2", "size": "3267.21", "side": "BUY", "hash": "363120c96fa41dda5d126ac3b6ca5122f23e3643", "best_bid": "0.2", "best_ask": "0.75"}, {"asset_id": "28269408801821950904468284224553563376473043812295945624058951837085632306775", "price": "0.8", "size": "3267.21", "side": "SELL", "hash": "8174a3c615682dee1089380401ba7d204b694acb", "best_bid": "0.25", "best_ask": "0.8"}], "timestamp": "1769384612522", "event_type": "price_change"}}
{"_local_timestamp": "2026-01-25T23:43:32.650768+00:00", "data": {"market": "0xd6482b74ce29e18581017f8364b840a8d5723d7cbb5c6c2363b36f0c556fd25d", "price_changes": [{"asset_id": "22425614994185906400113524375786294760407587220953520804264545528199207946312", "price": "0.2", "size": "4157.32", "side": "BUY", "hash": "97883346897fe6300b50a078f8c8615cd5cebe7e", "best_bid": "0.2", "best_ask": "0.75"}, {"asset_id": "28269408801821950904468284224553563376473043812295945624058951837085632306775", "price": "0.8", "size": "4157.32", "side": "SELL", "hash": "243551845689d6a6b912066b47b6c1a1cd7ea2f8", "best_bid": "0.25", "best_ask": "0.8"}], "timestamp": "1769384612523", "event_type": "price_change"}}
{"_local_timestamp": "2026-01-25T23:43:36.250812+00:00", "data": {"market": "0xd6482b74ce29e18581017f8364b840a8d5723d7cbb5c6c2363b36f0c556fd25d", "price_changes": [{"asset_id": "28269408801821950904468284224553563376473043812295945624058951837085632306775", "price": "0.03", "size": "400", "side": "BUY", "hash": "48881e3b714de8382772c3370c40deb9b99bb3dc", "best_bid": "0.25", "best_ask": "0.8"}, {"asset_id": "22425614994185906400113524375786294760407587220953520804264545528199207946312", "price": "0.97", "size": "400", "side": "SELL", "hash": "4f48d0f93537ac9c2c97696b6dfdf30c585a9f4d", "best_bid": "0.2", "best_ask": "0.75"}], "timestamp": "1769384616115", "event_type": "price_change"}}
{"_local_timestamp": "2026-01-25T23:43:36.286492+00:00", "data": {"market": "0xd6482b74ce29e18581017f8364b840a8d5723d7cbb5c6c2363b36f0c556fd25d", "price_changes": [{"asset_id": "22425614994185906400113524375786294760407587220953520804264545528199207946312", "price": "0.2", "size": "0", "side": "BUY", "hash": "8418c3155c38ba795981a10c02bac3aa7f42be97", "best_bid": "0.19", "best_ask": "0.75"}, {"asset_id": "28269408801821950904468284224553563376473043812295945624058951837085632306775", "price": "0.8", "size": "0", "side": "SELL", "hash": "edc6a5d7fd89969052ef42365e2241a2826ba8b8", "best_bid": "0.25", "best_ask": "0.81"}], "timestamp": "1769384616157", "event_type": "price_change"}}
{"_local_timestamp": "2026-01-25T23:43:36.287180+00:00", "data": {"market": "0xd6482b74ce29e18581017f8364b840a8d5723d7cbb5c6c2363b36f0c556fd25d", "price_changes": [{"asset_id": "22425614994185906400113524375786294760407587220953520804264545528199207946312", "price": "0.12", "size": "0", "side": "BUY", "hash": "8418c3155c38ba795981a10c02bac3aa7f42be97", "best_bid": "0.19", "best_ask": "0.75"}, {"asset_id": "28269408801821950904468284224553563376473043812295945624058951837085632306775", "price": "0.88", "size": "0", "side": "SELL", "hash": "edc6a5d7fd89969052ef42365e2241a2826ba8b8", "best_bid": "0.25", "best_ask": "0.81"}], "timestamp": "1769384616157", "event_type": "price_change"}}
{"_local_timestamp": "2026-01-25T23:43:36.287771+00:00", "data": {"market": "0xd6482b74ce29e18581017f8364b840a8d5723d7cbb5c6c2363b36f0c556fd25d", "price_changes": [{"asset_id": "22425614994185906400113524375786294760407587220953520804264545528199207946312", "price": "0.11", "size": "300", "side": "BUY", "hash": "8418c3155c38ba795981a10c02bac3aa7f42be97", "best_bid": "0.19", "best_ask": "0.75"}, {"asset_id": "28269408801821950904468284224553563376473043812295945624058951837085632306775", "price": "0.89", "size": "300", "side": "SELL", "hash": "edc6a5d7fd89969052ef42365e2241a2826ba8b8", "best_bid": "0.25", "best_ask": "0.81"}], "timestamp": "1769384616157", "event_type": "price_change"}}
{"_local_timestamp": "2026-01-25T23:43:36.390689+00:00", "data": {"market": "0xd6482b74ce29e18581017f8364b840a8d5723d7cbb5c6c2363b36f0c556fd25d", "price_changes": [{"asset_id": "22425614994185906400113524375786294760407587220953520804264545528199207946312", "price": "0.18", "size": "1040.11", "side": "BUY", "hash": "fc679c8d142dc65aea4538bbe443efab32f6807f", "best_bid": "0.19", "best_ask": "0.75"}, {"asset_id": "28269408801821950904468284224553563376473043812295945624058951837085632306775", "price": "0.82", "size": "1040.11", "side": "SELL", "hash": "cb01a81d6a39732fc2959537626798b2c7a89b47", "best_bid": "0.25", "best_ask": "0.81"}], "timestamp": "1769384616261", "event_type": "price_change"}}
{"_local_timestamp": "2026-01-25T23:43:36.431084+00:00", "data": {"market": "0xd6482b74ce29e18581017f8364b840a8d5723d7cbb5c6c2363b36f0c556fd25d", "price_changes": [{"asset_id": "22425614994185906400113524375786294760407587220953520804264545528199207946312", "price": "0.19", "size": "943.11", "side": "BUY", "hash": "7db60f8e896a313507ed8f76b2302916ebadd5ac", "best_bid": "0.19", "best_ask": "0.75"}, {"asset_id": "28269408801821950904468284224553563376473043812295945624058951837085632306775", "price": "0.81", "size": "943.11", "side": "SELL", "hash": "d9766947760afb14c78e7746c2c5e28bb3118b75", "best_bid": "0.25", "best_ask": "0.81"}], "timestamp": "1769384616299", "event_type": "price_change"}}
{"_local_timestamp": "2026-01-25T23:43:36.495080+00:00", "data": {"market": "0xd6482b74ce29e18581017f8364b840a8d5723d7cbb5c6c2363b36f0c556fd25d", "price_changes": [{"asset_id": "22425614994185906400113524375786294760407587220953520804264545528199207946312", "price": "0.11", "size": "1190.11", "side": "BUY", "hash": "c7dbaedb21e0b1ab7b30a47f599f1e72e18c1f15", "best_bid": "0.19", "best_ask": "0.75"}, {"asset_id": "28269408801821950904468284224553563376473043812295945624058951837085632306775", "price": "0.89", "size": "1190.11", "side": "SELL", "hash": "4244bd32c6ff91ddd36fb8ed4b346de6d8fba0d2", "best_bid": "0.25", "best_ask": "0.81"}], "timestamp": "1769384616353", "event_type": "price_change"}}
{"_local_timestamp": "2026-01-25T23:43:36.495772+00:00", "data": {"market": "0xd6482b74ce29e18581017f8364b840a8d5723d7cbb5c6c2363b36f0c556fd25d", "price_changes": [{"asset_id": "28269408801821950904468284224553563376473043812295945624058951837085632306775", "price": "0.01", "size": "7855.59", "side": "BUY", "hash": "221471c0260073f10ece6a86361b7d12715e0eaa", "best_bid": "0.25", "best_ask": "0.81"}, {"asset_id": "22425614994185906400113524375786294760407587220953520804264545528199207946312", "price": "0.99", "size": "7855.59", "side": "SELL", "hash": "1d0d67adf16e2c690e833244ce56d1cd51c9fb55", "best_bid": "0.19", "best_ask": "0.75"}], "timestamp": "1769384616354", "event_type": "price_change"}}
{"_local_timestamp": "2026-01-25T23:43:36.496351+00:00", "data": {"market": "0xd6482b74ce29e18581017f8364b840a8d5723d7cbb5c6c2363b36f0c556fd25d", "price_changes": [{"asset_id": "28269408801821950904468284224553563376473043812295945624058951837085632306775", "price": "0.01", "size": "8745.7", "side": "BUY", "hash": "bc2eacc336752a1662b9f9dd10c45527f24ff7f0", "best_bid": "0.25", "best_ask": "0.81"}, {"asset_id": "22425614994185906400113524375786294760407587220953520804264545528199207946312", "price": "0.99", "size": "8745.7", "side": "SELL", "hash": "fdd9f61a8101f1159d07f9f27ee08ca088302c53", "best_bid": "0.19", "best_ask": "0.75"}], "timestamp": "1769384616355", "event_type": "price_change"}}
{"_local_timestamp": "2026-01-25T23:43:36.496904+00:00", "data": {"market": "0xd6482b74ce29e18581017f8364b840a8d5723d7cbb5c6c2363b36f0c556fd25d", "price_changes": [{"asset_id": "28269408801821950904468284224553563376473043812295945624058951837085632306775", "price": "0.01", "size": "10742.81", "side": "BUY", "hash": "d624ea0888d54dd775a0b957c3c0ea989bbdf9da", "best_bid": "0.25", "best_ask": "0.81"}, {"asset_id": "22425614994185906400113524375786294760407587220953520804264545528199207946312", "price": "0.99", "size": "10742.81", "side": "SELL", "hash": "d937f0c3624db9b895e2e41bd44e9961f922e068", "best_bid": "0.19", "best_ask": "0.75"}], "timestamp": "1769384616355", "event_type": "price_change"}}
{"_local_timestamp": "2026-01-25T23:43:36.497488+00:00", "data": {"market": "0xd6482b74ce29e18581017f8364b840a8d5723d7cbb5c6c2363b36f0c556fd25d", "price_changes": [{"asset_id": "22425614994185906400113524375786294760407587220953520804264545528199207946312", "price": "0.12", "size": "890.11", "side": "BUY", "hash": "d497bcf4b35db6c78e2c11b2326f2bc8896ceb41", "best_bid": "0.19", "best_ask": "0.75"}, {"asset_id": "28269408801821950904468284224553563376473043812295945624058951837085632306775", "price": "0.88", "size": "890.11", "side": "SELL", "hash": "1248002f7c88cf0ade37ac034dc1292c7f7ffb6f", "best_bid": "0.25", "best_ask": "0.81"}], "timestamp": "1769384616356", "event_type": "price_change"}}
{"_local_timestamp": "2026-01-25T23:43:38.046346+00:00", "data": {"market": "0xd6482b74ce29e18581017f8364b840a8d5723d7cbb5c6c2363b36f0c556fd25d", "price_changes": [{"asset_id": "22425614994185906400113524375786294760407587220953520804264545528199207946312", "price": "0.18", "size": "890.11", "side": "BUY", "hash": "c337cc1680a773f05d783aff7075eba4d7f59b8e", "best_bid": "0.19", "best_ask": "0.75"}, {"asset_id": "28269408801821950904468284224553563376473043812295945624058951837085632306775", "price": "0.82", "size": "890.11", "side": "SELL", "hash": "ed95068246b2c8cd07173c29ee6fe053f2b35277", "best_bid": "0.25", "best_ask": "0.81"}], "timestamp": "1769384617915", "event_type": "price_change"}}
{"_local_timestamp": "2026-01-25T23:43:38.411287+00:00", "data": {"market": "0xd6482b74ce29e18581017f8364b840a8d5723d7cbb5c6c2363b36f0c556fd25d", "price_changes": [{"asset_id": "22425614994185906400113524375786294760407587220953520804264545528199207946312", "price": "0.2", "size": "150", "side": "BUY", "hash": "235e1741d3e9e0bede6699dc7e9ecfb5675f9a90", "best_bid": "0.2", "best_ask": "0.75"}, {"asset_id": "28269408801821950904468284224553563376473043812295945624058951837085632306775", "price": "0.8", "size": "150", "side": "SELL", "hash": "b88b60f8ddf1717848b497a6738b28c34a66a0e4", "best_bid": "0.25", "best_ask": "0.8"}], "timestamp": "1769384618286", "event_type": "price_change"}}
{"_local_timestamp": "2026-01-25T23:43:38.482212+00:00", "data": {"market": "0xd6482b74ce29e18581017f8364b840a8d5723d7cbb5c6c2363b36f0c556fd25d", "price_changes": [{"asset_id": "22425614994185906400113524375786294760407587220953520804264545528199207946312", "price": "0.19", "size": "890.11", "side": "BUY", "hash": "c31d601319949be2beb5e403a498aa0362c420f8", "best_bid": "0.2", "best_ask": "0.75"}, {"asset_id": "28269408801821950904468284224553563376473043812295945624058951837085632306775", "price": "0.81", "size": "890.11", "side": "SELL", "hash": "0722ab33268d97cffd21608f3fa84ab21c67d776", "best_bid": "0.25", "best_ask": "0.8"}], "timestamp": "1769384618364", "event_type": "price_change"}}
{"_local_timestamp": "2026-01-25T23:43:38.605783+00:00", "data": {"market": "0xd6482b74ce29e18581017f8364b840a8d5723d7cbb5c6c2363b36f0c556fd25d", "price_changes": [{"asset_id": "22425614994185906400113524375786294760407587220953520804264545528199207946312", "price": "0.2", "size": "200", "side": "BUY", "hash": "e970a71645027a32bf59fafc1775d61df843dddf", "best_bid": "0.2", "best_ask": "0.75"}, {"asset_id": "28269408801821950904468284224553563376473043812295945624058951837085632306775", "price": "0.8", "size": "200", "side": "SELL", "hash": "4e3d78c4ab8cb6f4542baa3e2f0fc34c40179b6b", "best_bid": "0.25", "best_ask": "0.8"}], "timestamp": "1769384618461", "event_type": "price_change"}}
