{"_local_timestamp": "2026-01-25T23:34:01.294788+00:00", "data": [{"market": "0x6f0fc52059db66f97cc4805527c7f4b4edd2749b8ea5ec9a515ac3405225ef32", "asset_id": "27397001519671263235552602875048610829877909999740573532998855550834777357792", "timestamp": "1769384033576", "hash": "fa250d3c6bf7ac80605688258a05fcf62a8209a5", "bids": [], "asks": [{"price": "0.999", "size": "99999"}, {"price": "0.998", "size": "55000"}, {"price": "0.992", "size": "155"}, {"price": "0.99", "size": "20600"}, {"price": "0.989", "size": "55710"}, {"price": "0.98", "size": "11014"}, {"price": "0.97", "size": "10000"}, {"price": "0.969", "size": "12100"}, {"price": "0.96", "size": "2000"}, {"price": "0.95", "size": "800"}, {"price": "0.92", "size": "155"}, {"price": "0.903", "size": "100"}, {"price": "0.901", "size": "100"}, {"price": "0.9", "size": "750"}, {"price": "0.899", "size": "10700"}, {"price": "0.898", "size": "5000"}, {"price": "0.89", "size": "3000"}, {"price": "0.8", "size": "450"}, {"price": "0.795", "size": "4600"}, {"price": "0.777", "size": "32"}, {"price": "0.73", "size": "200"}, {"price": "0.7", "size": "350"}, {"price": "0.66", "size": "100"}, {"price": "0.6", "size": "250"}, {"price": "0.53", "size": "100"}, {"price": "0.51", "size": "100"}, {"price": "0.503", "size": "100"}, {"price": "0.501", "size": "500"}, {"price": "0.5", "size": "400"}, {"price": "0.499", "size": "440"}, {"price": "0.477", "size": "206"}, {"price": "0.277", "size": "129"}, {"price": "0.25", "size": "60"}, {"price": "0.233", "size": "60"}, {"price": "0.232", "size": "181"}, {"price": "0.231", "size": "60"}, {"price": "0.23", "size": "60"}, {"price": "0.177", "size": "198"}, {"price": "0.1", "size": "10"}, {"price": "0.077", "size": "361"}, {"price": "0.076", "size": "144"}, {"price": "0.01", "size": "30.2"}, {"price": "0.009", "size": "500"}, {"price": "0.001", "size": "225661.52"}], "event_type": "book", "last_trade_price": "0.999"}, {"market": "0x6f0fc52059db66f97cc4805527c7f4b4edd2749b8ea5ec9a515ac3405225ef32", "asset_id": "66240968343855988425976439069004346359102521202946994405727263353891865900373", "timestamp": "1769384033576", "hash": "d760748d9f60b2feb56bb3cfd4031332f8e18187", "bids": [{"price": "0.001", "size": "99999"}, {"price": "0.002", "size": "55000"}, {"price": "0.008", "size": "155"}, {"price": "0.01", "size": "20600"}, {"price": "0.011", "size": "55710"}, {"price": "0.02", "size": "11014"}, {"price": "0.03", "size": "10000"}, {"price": "0.031", "size": "12100"}, {"price": "0.04", "size": "2000"}, {"price": "0.05", "size": "800"}, {"price": "0.08", "size": "155"}, {"price": "0.097", "size": "100"}, {"price": "0.099", "size": "100"}, {"price": "0.1", "size": "750"}, {"price": "0.101", "size": "10700"}, {"price": "0.102", "size": "5000"}, {"price": "0.11", "size": "3000"}, {"price": "0.2", "size": "450"}, {"price": "0.205", "size": "4600"}, {"price": "0.223", "size": "32"}, {"price": "0.27", "size": "200"}, {"price": "0.3", "size": "350"}, {"price": "0.34", "size": "100"}, {"price": "0.4", "size": "250"}, {"price": "0.47", "size": "100"}, {"price": "0.49", "size": "100"}, {"price": "0.497", "size": "100"}, {"price": "0.499", "size": "500"}, {"price": "0.5", "size": "400"}, {"price": "0.501", "size": "440"}, {"price": "0.523", "size": "206"}, {"price": "0.723", "size": "129"}, {"price": "0.75", "size": "60"}, {"price": "0.767", "size": "60"}, {"price": "0.768", "size": "181"}, {"price": "0.769", "size": "60"}, {"price": "0.77", "size": "60"}, {"price": "0.823", "size": "198"}, {"price": "0.9", "size": "10"}, {"price": "0.923", "size": "361"}, {"price": "0.924", "size": "144"}, {"price": "0.99", "size": "30.2"}, {"price": "0.991", "size": "500"}, {"price": "0.999", "size": "225661.52"}], "asks": [], "event_type": "book", "last_trade_price": "0.999"}]}
{"_local_timestamp": "2026-01-25T23:34:08.008175+00:00", "data": {"market": "0x6f0fc52059db66f97cc4805527c7f4b4edd2749b8ea5ec9a515ac3405225ef32", "price_changes": [{"asset_id": "66240968343855988425976439069004346359102521202946994405727263353891865900373", "price": "0.999", "size": "221307.52", "side": "BUY", "hash": "6901e195e8f0fc53c1b44c905161e0f9bdf1a3bb", "best_bid": "0.999", "best_ask": "1"}, {"asset_id": "27397001519671263235552602875048610829877909999740573532998855550834777357792", "price": "0.001", "size": "221307.52", "side": "SELL", "hash": "27e430f432f71a862e1d774e468f2a33108dc18f", "best_bid": "0", "best_ask": "0.001"}], "timestamp": "1769384047890", "event_type": "price_change"}}
{"_local_timestamp": "2026-01-25T23:34:08.671014+00:00", "data": {"market": "0x6f0fc52059db66f97cc4805527c7f4b4edd2749b8ea5ec9a515ac3405225ef32", "price_changes": [{"asset_id": "66240968343855988425976439069004346359102521202946994405727263353891865900373", "price": "0.999", "size": "216314.52", "side": "BUY", "hash": "0c2cff9de2a5d1d072b7f269ebcc2c6297d69170", "best_bid": "0.999", "best_ask": "1"}, {"asset_id": "27397001519671263235552602875048610829877909999740573532998855550834777357792", "price": "0.001", "size": "216314.52", "side": "SELL", "hash": "72ad3278da8563080e83658f774b8784397408af", "best_bid": "0", "best_ask": "0.001"}], "timestamp": "1769384048563", "event_type": "price_change"}}
{"_local_timestamp": "2026-01-25T23:34:09.309844+00:00", "data": {"market": "0x6f0fc52059db66f97cc4805527c7f4b4edd2749b8ea5ec9a515ac3405225ef32", "price_changes": [{"asset_id": "66240968343855988425976439069004346359102521202946994405727263353891865900373", "price": "0.999", "size": "206323.52", "side": "BUY", "hash": "49f2e392f162afac8dd3f8ecea2a4d031b3b4691", "best_bid": "0.999", "best_ask": "1"}, {"asset_id": "27397001519671263235552602875048610829877909999740573532998855550834777357792", "price": "0.001", "size": "206323.52", "side": "SELL", "hash": "2b4682aa93c65be7b4d7ca17e0efe83f5b0e4054", "best_bid": "0", "best_ask": "0.001"}], "timestamp": "1769384049211", "event_type": "price_change"}}
{"_local_timestamp": "2026-01-25T23:34:11.221476+00:00", "data": {"market": "0x6f0fc52059db66f97cc4805527c7f4b4edd2749b8ea5ec9a515ac3405225ef32", "price_changes": [{"asset_id": "66240968343855988425976439069004346359102521202946994405727263353891865900373", "price": "0.999", "size": "208823.52", "side": "BUY", "hash": "f89965f201e4a835c324908f96538b72ac8f93a7", "best_bid": "0.999", "best_ask": "1"}, {"asset_id": "27397001519671263235552602875048610829877909999740573532998855550834777357792", "price": "0.001", "size": "208823.52", "side": "SELL", "hash": "13e1d7585fe14e041f7a955099b87635bcb40093", "best_bid": "0", "best_ask": "0.001"}], "timestamp": "1769384051129", "event_type": "price_change"}}
{"_local_timestamp": "2026-01-25T23:34:12.452767+00:00", "data": {"market": "0x6f0fc52059db66f97cc4805527c7f4b4edd2749b8ea5ec9a515ac3405225ef32", "price_changes": [{"asset_id": "66240968343855988425976439069004346359102521202946994405727263353891865900373", "price": "0.999", "size": "209447.52", "side": "BUY", "hash": "e5a89a6e65ec765b280f04a4942c6b702795b0ea", "best_bid": "0.999", "best_ask": "1"}, {"asset_id": "27397001519671263235552602875048610829877909999740573532998855550834777357792", "price": "0.001", "size": "209447.52", "side": "SELL", "hash": "094cdd8d5ceef25e7d430b54f843d2b3dce84224", "best_bid": "0", "best_ask": "0.001"}], "timestamp": "1769384052366", "event_type": "price_change"}}
{"_local_timestamp": "2026-01-25T23:34:13.602889+00:00", "data": {"market": "0x6f0fc52059db66f97cc4805527c7f4b4edd2749b8ea5ec9a515ac3405225ef32", "price_changes": [{"asset_id": "66240968343855988425976439069004346359102521202946994405727263353891865900373", "price": "0.999", "size": "209602.52", "side": "BUY", "hash": "42fa1f722233be7dac34b5610c80c2a5b04461c5", "best_bid": "0.999", "best_ask": "1"}, {"asset_id": "27397001519671263235552602875048610829877909999740573532998855550834777357792", "price": "0.001", "size": "209602.52", "side": "SELL", "hash": "0c93cb375a575b6de21785f7db2f8cbcaffbbcc8", "best_bid": "0", "best_ask": "0.001"}], "timestamp": "1769384053428", "event_type": "price_change"}}
{"_local_timestamp": "2026-01-25T23:34:14.918602+00:00", "data": {"market": "0x6f0fc52059db66f97cc4805527c7f4b4edd2749b8ea5ec9a515ac3405225ef32", "price_changes": [{"asset_id": "66240968343855988425976439069004346359102521202946994405727263353891865900373", "price": "0.999", "size": "209640.52", "side": "BUY", "hash": "dd0b4501c7fda5c2d34179810ed5cd0587601dc1", "best_bid": "0.999", "best_ask": "1"}, {"asset_id": "27397001519671263235552602875048610829877909999740573532998855550834777357792", "price": "0.001", "size": "209640.52", "side": "SELL", "hash": "f56bf4c3fb6cbea27dade4288859c60272d401e9", "best_bid": "0", "best_ask": "0.001"}], "timestamp": "1769384054848", "event_type": "price_change"}}
{"_local_timestamp": "2026-01-25T23:34:25.474020+00:00", "data": {"market": "0x6f0fc52059db66f97cc4805527c7f4b4edd2749b8ea5ec9a515ac3405225ef32", "price_changes": [{"asset_id": "66240968343855988425976439069004346359102521202946994405727263353891865900373", "price": "0.999", "size": "196331.52", "side": "BUY", "hash": "2c45325f2a47d8c7d3570d5f2e9af39369b2bce1", "best_bid": "0.999", "best_ask": "1"}, {"asset_id": "27397001519671263235552602875048610829877909999740573532998855550834777357792", "price": "0.001", "size": "196331.52", "side": "SELL", "hash": "cac8cf662ec195176ff6d5a6677c387eca25a069", "best_bid": "0", "best_ask": "0.001"}], "timestamp": "1769384065340", "event_type": "price_change"}}
{"_local_timestamp": "2026-01-25T23:34:26.322524+00:00", "data": {"market": "0x6f0fc52059db66f97cc4805527c7f4b4edd2749b8ea5ec9a515ac3405225ef32", "price_changes": [{"asset_id": "66240968343855988425976439069004346359102521202946994405727263353891865900373", "price": "0.999", "size": "196956.52", "side": "BUY", "hash": "d493aa6fdd9e197ac35587fd62a451e48d89d880", "best_bid": "0.999", "best_ask": "1"}, {"asset_id": "27397001519671263235552602875048610829877909999740573532998855550834777357792", "price": "0.001", "size": "196956.52", "side": "SELL", "hash": "da39a1bd6875561fc102531dcb9f031148927e8a", "best_bid": "0", "best_ask": "0.001"}], "timestamp": "1769384066208", "event_type": "price_change"}}
{"_local_timestamp": "2026-01-25T23:34:26.647895+00:00", "data": {"market": "0x6f0fc52059db66f97cc4805527c7f4b4edd2749b8ea5ec9a515ac3405225ef32", "price_changes": [{"asset_id": "66240968343855988425976439069004346359102521202946994405727263353891865900373", "price": "0.999", "size": "197580.52", "side": "BUY", "hash": "74efbecbffc95c705efd5738cc3d987ebc9b196a", "best_bid": "0.999", "best_ask": "1"}, {"asset_id": "27397001519671263235552602875048610829877909999740573532998855550834777357792", "price": "0.001", "size": "197580.52", "side": "SELL", "hash": "c88a4fbb96ff2e0bcb2c5eab37e8e936476ac1c9", "best_bid": "0", "best_ask": "0.001"}], "timestamp": "1769384066562", "event_type": "price_change"}}
{"_local_timestamp": "2026-01-25T23:34:27.943291+00:00", "data": {"market": "0x6f0fc52059db66f97cc4805527c7f4b4edd2749b8ea5ec9a515ac3405225ef32", "price_changes": [{"asset_id": "66240968343855988425976439069004346359102521202946994405727263353891865900373", "price": "0.999", "size": "197735.52", "side": "BUY", "hash": "e0687c83839038a9f610921d583e41e57c272a2e", "best_bid": "0.999", "best_ask": "1"}, {"asset_id": "27397001519671263235552602875048610829877909999740573532998855550834777357792", "price": "0.001", "size": "197735.52", "side": "SELL", "hash": "7d5eb767f01755e508bd73e555a9cc3d0d89e89b", "best_bid": "0", "best_ask": "0.001"}], "timestamp": "1769384067743", "event_type": "price_change"}}
{"_local_timestamp": "2026-01-25T23:34:28.290517+00:00", "data": {"market": "0x6f0fc52059db66f97cc4805527c7f4b4edd2749b8ea5ec9a515ac3405225ef32", "price_changes": [{"asset_id": "66240968343855988425976439069004346359102521202946994405727263353891865900373", "price": "0.999", "size": "197889.52", "side": "BUY", "hash": "fd8fbe763e217aa5076d4a3780151f8f4978a14e", "best_bid": "0.999", "best_ask": "1"}, {"asset_id": "27397001519671263235552602875048610829877909999740573532998855550834777357792", "price": "0.001", "size": "197889.52", "side": "SELL", "hash": "c6b7c7be68a46662e2a0c67d4f32c1d8327409a9", "best_bid": "0", "best_ask": "0.001"}], "timestamp": "1769384068177", "event_type": "price_change"}}
{"_local_timestamp": "2026-01-25T23:34:29.358266+00:00", "data": {"market": "0x6f0fc52059db66f97cc4805527c7f4b4edd2749b8ea5ec9a515ac3405225ef32", "price_changes": [{"asset_id": "66240968343855988425976439069004346359102521202946994405727263353891865900373", "price": "0.999", "size": "198042.52", "side": "BUY", "hash": "e1daf0eaf7ddb66ad5bdaabfba94a229e2765ac0", "best_bid": "0.999", "best_ask": "1"}, {"asset_id": "27397001519671263235552602875048610829877909999740573532998855550834777357792", "price": "0.001", "size": "198042.52", "side": "SELL", "hash": "7a23190338043a306bc6a4cc0b18d9447e7cd2ee", "best_bid": "0", "best_ask": "0.001"}], "timestamp": "1769384069281", "event_type": "price_change"}}
{"_local_timestamp": "2026-01-25T23:34:29.786891+00:00", "data": {"market": "0x6f0fc52059db66f97cc4805527c7f4b4edd2749b8ea5ec9a515ac3405225ef32", "price_changes": [{"asset_id": "66240968343855988425976439069004346359102521202946994405727263353891865900373", "price": "0.999", "size": "198194.52", "side": "BUY", "hash": "514b4825b45019341388e8bb64bb4934bb07a003", "best_bid": "0.999", "best_ask": "1"}, {"asset_id": "27397001519671263235552602875048610829877909999740573532998855550834777357792", "price": "0.001", "size": "198194.52", "side": "SELL", "hash": "b4bc9d3327cf29b7af56d944f0c7a98ff47fd34c", "best_bid": "0", "best_ask": "0.001"}], "timestamp": "1769384069634", "event_type": "price_change"}}
{"_local_timestamp": "2026-01-25T23:34:30.382811+00:00", "data": {"market": "0x6f0fc52059db66f97cc4805527c7f4b4edd2749b8ea5ec9a515ac3405225ef32", "price_changes": [{"asset_id": "66240968343855988425976439069004346359102521202946994405727263353891865900373", "price": "0.999", "size": "198345.52", "side": "BUY", "hash": "1dd2739c2153d45129a6ae13079d4dad2e266eb7", "best_bid": "0.999", "best_ask": "1"}, {"asset_id": "27397001519671263235552602875048610829877909999740573532998855550834777357792", "price": "0.001", "size": "198345.52", "side": "SELL", "hash": "3978bb97133777e24826dc7131c2cf7bedbdb355", "best_bid": "0", "best_ask": "0.001"}], "timestamp": "1769384070206", "event_type": "price_change"}}
{"_local_timestamp": "2026-01-25T23:34:30.697774+00:00", "data": {"market": "0x6f0fc52059db66f97cc4805527c7f4b4edd2749b8ea5ec9a515ac3405225ef32", "price_changes": [{"asset_id": "66240968343855988425976439069004346359102521202946994405727263353891865900373", "price": "0.999", "size": "198382.52", "side": "BUY", "hash": "8813cf7fc36bf514d9507196916b96240a671db2", "best_bid": "0.999", "best_ask": "1"}, {"asset_id": "27397001519671263235552602875048610829877909999740573532998855550834777357792", "price": "0.001", "size": "198382.52", "side": "SELL", "hash": "fbc8d7b22ebb0e7fd89b03c9ed7faf8dca9e9c1c", "best_bid": "0", "best_ask": "0.001"}], "timestamp": "1769384070582", "event_type": "price_change"}}
{"_local_timestamp": "2026-01-25T23:34:30.993654+00:00", "data": {"market": "0x6f0fc52059db66f97cc4805527c7f4b4edd2749b8ea5ec9a515ac3405225ef32", "price_changes": [{"asset_id": "66240968343855988425976439069004346359102521202946994405727263353891865900373", "price": "0.999", "size": "198418.52", "side": "BUY", "hash": "12d3c9e7b71cd3e6104a19056ea09bc8f86b2e2d", "best_bid": "0.999", "best_ask": "1"}, {"asset_id": "27397001519671263235552602875048610829877909999740573532998855550834777357792", "price": "0.001", "size": "198418.52", "side": "SELL", "hash": "11de291e2a254d73c6e754e351477794d432efa1", "best_bid": "0", "best_ask": "0.001"}], "timestamp": "1769384070926", "event_type": "price_change"}}
{"_local_timestamp": "2026-01-25T23:34:32.230908+00:00", "data": {"market": "0x6f0fc52059db66f97cc4805527c7f4b4edd2749b8ea5ec9a515ac3405225ef32", "price_changes": [{"asset_id": "66240968343855988425976439069004346359102521202946994405727263353891865900373", "price": "0.999", "size": "198453.52", "side": "BUY", "hash": "ac486c92ab81c0fce4c58ae5bb9707baa3442b59", "best_bid": "0.999", "best_ask": "1"}, {"asset_id": "27397001519671263235552602875048610829877909999740573532998855550834777357792", "price": "0.001", "size": "198453.52", "side": "SELL", "hash": "7b8e7f46b4b5b6ddaf60574e0564243ec3f9c232", "best_bid": "0", "best_ask": "0.001"}], "timestamp": "1769384072096", "event_type": "price_change"}}
{"_local_timestamp": "2026-01-25T23:34:32.675497+00:00", "data": {"market": "0x6f0fc52059db66f97cc4805527c7f4b4edd2749b8ea5ec9a515ac3405225ef32", "price_changes": [{"asset_id": "66240968343855988425976439069004346359102521202946994405727263353891865900373", "price": "0.999", "size": "198487.52", "side": "BUY", "hash": "38cc61a193da89af14b3c165c703ec4360051078", "best_bid": "0.999", "best_ask": "1"}, {"asset_id": "27397001519671263235552602875048610829877909999740573532998855550834777357792", "price": "0.001", "size": "198487.52", "side": "SELL", "hash": "4b76e40d9fab78630fe814661180a34206681cd9", "best_bid": "0", "best_ask": "0.001"}], "timestamp": "1769384072574", "event_type": "price_change"}}
{"_local_timestamp": "2026-01-25T23:34:33.430854+00:00", "data": {"market": "0x6f0fc52059db66f97cc4805527c7f4b4edd2749b8ea5ec9a515ac3405225ef32", "price_changes": [{"asset_id": "66240968343855988425976439069004346359102521202946994405727263353891865900373", "price": "0.999", "size": "198520.52", "side": "BUY", "hash": "f42b120b69476ed2258510e8d44188d4113e2c52", "best_bid": "0.999", "best_ask": "1"}, {"asset_id": "27397001519671263235552602875048610829877909999740573532998855550834777357792", "price": "0.001", "size": "198520.52", "side": "SELL", "hash": "f8133a6f5cd5eefd7acd33df653fd4fcdd51cad4", "best_bid": "0", "best_ask": "0.001"}], "timestamp": "1769384073342", "event_type": "price_change"}}
{"_local_timestamp": "2026-01-25T23:34:36.167395+00:00", "data": {"market": "0x6f0fc52059db66f97cc4805527c7f4b4edd2749b8ea5ec9a515ac3405225ef32", "price_changes": [{"asset_id": "66240968343855988425976439069004346359102521202946994405727263353891865900373", "price": "0.999", "size": "201020.52", "side": "BUY", "hash": "fff61ea703248637df120fc1c7d6cad6d49cc10e", "best_bid": "0.999", "best_ask": "1"}, {"asset_id": "27397001519671263235552602875048610829877909999740573532998855550834777357792", "price": "0.001", "size": "201020.52", "side": "SELL", "hash": "09d48997d7a621ad001031d83e8db69f68284b3e", "best_bid": "0", "best_ask": "0.001"}], "timestamp": "1769384076059", "event_type": "price_change"}}
{"_local_timestamp": "2026-01-25T23:34:37.182675+00:00", "data": {"market": "0x6f0fc52059db66f97cc4805527c7f4b4edd2749b8ea5ec9a515ac3405225ef32", "price_changes": [{"asset_id": "66240968343855988425976439069004346359102521202946994405727263353891865900373", "price": "0.999", "size": "201644.52", "side": "BUY", "hash": "aaca2c1b5ab6999e2df5f9a299e84a20c02c3f6a", "best_bid": "0.999", "best_ask": "1"}, {"asset_id": "27397001519671263235552602875048610829877909999740573532998855550834777357792", "price": "0.001", "size": "201644.52", "side": "SELL", "hash": "06c64203f3947b0135ea9de7faac698b4bf0d198", "best_bid": "0", "best_ask": "0.001"}], "timestamp": "1769384077116", "event_type": "price_change"}}
{"_local_timestamp": "2026-01-25T23:34:56.669895+00:00", "data": {"market": "0x6f0fc52059db66f97cc4805527c7f4b4edd2749b8ea5ec9a515ac3405225ef32", "price_changes": [{"asset_id": "66240968343855988425976439069004346359102521202946994405727263353891865900373", "price": "0.201", "size": "4400", "side": "BUY", "hash": "ce55a9b721b74a38b8cedc4d8f1f1b609a79b83b", "best_bid": "0.999", "best_ask": "1"}, {"asset_id": "27397001519671263235552602875048610829877909999740573532998855550834777357792", "price": "0.799", "size": "4400", "side": "SELL", "hash": "21a51087900eabe4bb9e51b7d4144852aa53bdcd", "best_bid": "0", "best_ask": "0.001"}], "timestamp": "1769384096597", "event_type": "price_change"}}
{"_local_timestamp": "2026-01-25T23:34:58.396832+00:00", "data": {"market": "0x6f0fc52059db66f97cc4805527c7f4b4edd2749b8ea5ec9a515ac3405225ef32", "price_changes": [{"asset_id": "66240968343855988425976439069004346359102521202946994405727263353891865900373", "price": "0.205", "size": "200", "side": "BUY", "hash": "27f28d2783d392c6b5fe089d9855735e2c27b3c4", "best_bid": "0.999", "best_ask": "1"}, {"asset_id": "27397001519671263235552602875048610829877909999740573532998855550834777357792", "price": "0.795", "size": "200", "side": "SELL", "hash": "f865caec4d8920e8dfa44d8ce3ffc821f4ea257d", "best_bid": "0", "best_ask": "0.001"}], "timestamp": "1769384098321", "event_type": "price_change"}}
{"_local_timestamp": "2026-01-25T23:35:07.650246+00:00", "data": {"market": "0x6f0fc52059db66f97cc4805527c7f4b4edd2749b8ea5ec9a515ac3405225ef32", "price_changes": [{"asset_id": "66240968343855988425976439069004346359102521202946994405727263353891865900373", "price": "0.999", "size": "196331.52", "side": "BUY", "hash": "7fee40916dec52c50c9e4bdbca012ab68a17d98c", "best_bid": "0.999", "best_ask": "1"}, {"asset_id": "27397001519671263235552602875048610829877909999740573532998855550834777357792", "price": "0.001", "size": "196331.52", "side": "SELL", "hash": "413203f0c3a766a28e36038a443997481ec26f03", "best_bid": "0", "best_ask": "0.001"}], "timestamp": "1769384107394", "event_type": "price_change"}}
{"_local_timestamp": "2026-01-25T23:35:07.804881+00:00", "data": {"market": "0x6f0fc52059db66f97cc4805527c7f4b4edd2749b8ea5ec9a515ac3405225ef32", "price_changes": [{"asset_id": "66240968343855988425976439069004346359102521202946994405727263353891865900373", "price": "0.999", "size": "196370.52", "side": "BUY", "hash": "13f8c79d79644c5be57242bc924dc34a1af34f40", "best_bid": "0.999", "best_ask": "1"}, {"asset_id": "27397001519671263235552602875048610829877909999740573532998855550834777357792", "price": "0.001", "size": "196370.52", "side": "SELL", "hash": "a1f298b6ae38a12feabcb71a34822785ff53d692", "best_bid": "0", "best_ask": "0.001"}], "timestamp": "1769384107602", "event_type": "price_change"}}
{"_local_timestamp": "2026-01-25T23:35:08.149781+00:00", "data": {"market": "0x6f0fc52059db66f97cc4805527c7f4b4edd2749b8ea5ec9a515ac3405225ef32", "price_changes": [{"asset_id": "66240968343855988425976439069004346359102521202946994405727263353891865900373", "price": "0.999", "size": "196408.52", "side": "BUY", "hash": "7bdb80897c6cd1f899e848f4b87ad56900762eb2", "best_bid": "0.999", "best_ask": "1"}, {"asset_id": "27397001519671263235552602875048610829877909999740573532998855550834777357792", "price": "0.001", "size": "196408.52", "side": "SELL", "hash": "d3bb33011ff7f796d9ff388932b6b06b6ca164c8", "best_bid": "0", "best_ask": "0.001"}], "timestamp": "1769384107938", "event_type": "price_change"}}
{"_local_timestamp": "2026-01-25T23:35:08.597714+00:00", "data": {"market": "0x6f0fc52059db66f97cc4805527c7f4b4edd2749b8ea5ec9a515ac3405225ef32", "price_changes": [{"asset_id": "66240968343855988425976439069004346359102521202946994405727263353891865900373", "price": "0.999", "size": "196445.52", "side": "BUY", "hash": "454f20ba7d17d293edfce12a9228d1cd23649d3c", "best_bid": "0.999", "best_ask": "1"}, {"asset_id": "27397001519671263235552602875048610829877909999740573532998855550834777357792", "price": "0.001", "size": "196445.52", "side": "SELL", "hash": "d17b035c6058c6e9e40e361055d1b553393b8f08", "best_bid": "0", "best_ask": "0.001"}], "timestamp": "1769384108367", "event_type": "price_change"}}
{"_local_timestamp": "2026-01-25T23:35:09.024931+00:00", "data": {"market": "0x6f0fc52059db66f97cc4805527c7f4b4edd2749b8ea5ec9a515ac3405225ef32", "price_changes": [{"asset_id": "66240968343855988425976439069004346359102521202946994405727263353891865900373", "price": "0.999", "size": "196481.52", "side": "BUY", "hash": "9696c00d043fec41243b90794a5755e084429c06", "best_bid": "0.999", "best_ask": "1"}, {"asset_id": "27397001519671263235552602875048610829877909999740573532998855550834777357792", "price": "0.001", "size": "196481.52", "side": "SELL", "hash": "0ec7ea5f47c557821e8a0b4a21c68d0cdd1612c3", "best_bid": "0", "best_ask": "0.001"}], "timestamp": "1769384108823", "event_type": "price_change"}}
{"_local_timestamp": "2026-01-25T23:35:09.385400+00:00", "data": {"market": "0x6f0fc52059db66f97cc4805527c7f4b4edd2749b8ea5ec9a515ac3405225ef32", "price_changes": [{"asset_id": "66240968343855988425976439069004346359102521202946994405727263353891865900373", "price": "0.999", "size": "196516.52", "side": "BUY", "hash": "c5bacddb2d70238a32a4069cac2112e6dd393161", "best_bid": "0.999", "best_ask": "1"}, {"asset_id": "27397001519671263235552602875048610829877909999740573532998855550834777357792", "price": "0.001", "size": "196516.52", "side": "SELL", "hash": "f4a1334e13ab46e703a5ade7522e4291c36b8143", "best_bid": "0", "best_ask": "0.001"}], "timestamp": "1769384109167", "event_type": "price_change"}}
{"_local_timestamp": "2026-01-25T23:35:12.271415+00:00", "data": {"market": "0x6f0fc52059db66f97cc4805527c7f4b4edd2749b8ea5ec9a515ac3405225ef32", "price_changes": [{"asset_id": "66240968343855988425976439069004346359102521202946994405727263353891865900373", "price": "0.999", "size": "197140.52", "side": "BUY", "hash": "429d057e28a1cd053cf80bf8584a050e018877f3", "best_bid": "0.999", "best_ask": "1"}, {"asset_id": "27397001519671263235552602875048610829877909999740573532998855550834777357792", "price": "0.001", "size": "197140.52", "side": "SELL", "hash": "d31afb92dd7447c8ef4cfa09a8a3d72843710a30", "best_bid": "0", "best_ask": "0.001"}], "timestamp": "1769384112045", "event_type": "price_change"}}
{"_local_timestamp": "2026-01-25T23:35:14.269278+00:00", "data": {"market": "0x6f0fc52059db66f97cc4805527c7f4b4edd2749b8ea5ec9a515ac3405225ef32", "price_changes": [{"asset_id": "66240968343855988425976439069004346359102521202946994405727263353891865900373", "price": "0.999", "size": "197295.52", "side": "BUY", "hash": "22672c2b3b4cc67000fb342291c419f96bd54353", "best_bid": "0.999", "best_ask": "1"}, {"asset_id": "27397001519671263235552602875048610829877909999740573532998855550834777357792", "price": "0.001", "size": "197295.52", "side": "SELL", "hash": "b75795ef001fa6c26d3bd33088cb4de2ceb8280e", "best_bid": "0", "best_ask": "0.001"}], "timestamp": "1769384114062", "event_type": "price_change"}}
{"_local_timestamp": "2026-01-25T23:35:14.777612+00:00", "data": {"market": "0x6f0fc52059db66f97cc4805527c7f4b4edd2749b8ea5ec9a515ac3405225ef32", "price_changes": [{"asset_id": "66240968343855988425976439069004346359102521202946994405727263353891865900373", "price": "0.999", "size": "197449.52", "side": "BUY", "hash": "e112dbbe35ef7205b08fbafd7058319de8456fcd", "best_bid": "0.999", "best_ask": "1"}, {"asset_id": "27397001519671263235552602875048610829877909999740573532998855550834777357792", "price": "0.001", "size": "197449.52", "side": "SELL", "hash": "0068663fb9bf3cf48b58f1229017700286b9f987", "best_bid": "0", "best_ask": "0.001"}], "timestamp": "1769384114559", "event_type": "price_change"}}
{"_local_timestamp": "2026-01-25T23:35:15.351460+00:00", "data": {"market": "0x6f0fc52059db66f97cc4805527c7f4b4edd2749b8ea5ec9a515ac3405225ef32", "price_changes": [{"asset_id": "66240968343855988425976439069004346359102521202946994405727263353891865900373", "price": "0.999", "size": "197602.52", "side": "BUY", "hash": "a8f1239c462c0b0a792b55199d686fce3cc56aaf", "best_bid": "0.999", "best_ask": "1"}, {"asset_id": "27397001519671263235552602875048610829877909999740573532998855550834777357792", "price": "0.001", "size": "197602.52", "side": "SELL", "hash": "4f62115964c91d4fd25b4debc29ef19475437077", "best_bid": "0", "best_ask": "0.001"}], "timestamp": "1769384115117", "event_type": "price_change"}}
{"_local_timestamp": "2026-01-25T23:35:16.046595+00:00", "data": {"market": "0x6f0fc52059db66f97cc4805527c7f4b4edd2749b8ea5ec9a515ac3405225ef32", "price_changes": [{"asset_id": "66240968343855988425976439069004346359102521202946994405727263353891865900373", "price": "0.999", "size": "197640.52", "side": "BUY", "hash": "4821816c3ab2ef19dfb8488ad623db24220cbdab", "best_bid": "0.999", "best_ask": "1"}, {"asset_id": "27397001519671263235552602875048610829877909999740573532998855550834777357792", "price": "0.001", "size": "197640.52", "side": "SELL", "hash": "08c969cdde5c2e45ae1f6e79d684225d23ef7fdb", "best_bid": "0", "best_ask": "0.001"}], "timestamp": "1769384115818", "event_type": "price_change"}}
