{"_local_timestamp": "2026-01-25T23:34:24.094152+00:00", "data": [{"market": "0xcf3bdf479e31addf0d920776325a8759c37e977d8ccd16d84bb8a7c9b319f5b4", "asset_id": "19423897484252245381031724860563835455358662770351298411785241621776824540110", "timestamp": "1769384061841", "hash": "7a075199d5dab3d2e6a246a148f404cb1ba7e9f6", "bids": [{"price": "0.01", "size": "8789.27"}, {"price": "0.02", "size": "1800"}, {"price": "0.03", "size": "9.51"}, {"price": "0.07", "size": "1500"}, {"price": "0.08", "size": "4164.98"}, {"price": "0.09", "size": "200"}, {"price": "0.1", "size": "500"}, {"price": "0.11", "size": "4157.32"}, {"price": "0.14", "size": "200"}, {"price": "0.22", "size": "300"}, {"price": "0.24", "size": "1090.11"}, {"price": "0.25", "size": "890.11"}, {"price": "0.26", "size": "125"}, {"price": "0.27", "size": "62"}, {"price": "0.28", "size": "75"}, {"price": "0.5", "size": "10"}, {"price": "0.52", "size": "50"}, {"price": "0.54", "size": "169"}], "asks": [{"price": "0.99", "size": "8389.4"}, {"price": "0.98", "size": "1800"}, {"price": "0.97", "size": "9.19"}, {"price": "0.93", "size": "1500"}, {"price": "0.92", "size": "4157.32"}, {"price": "0.85", "size": "300"}, {"price": "0.83", "size": "200"}, {"price": "0.81", "size": "1315.11"}, {"price": "0.8", "size": "965.11"}, {"price": "0.76", "size": "10"}, {"price": "0.67", "size": "50"}, {"price": "0.63", "size": "150"}, {"price": "0.62", "size": "31"}], "event_type": "book", "last_trade_price": "0.540"}, {"market": "0xcf3bdf479e31addf0d920776325a8759c37e977d8ccd16d84bb8a7c9b319f5b4", "asset_id": "79800804285394431406313674956566735663577258418418362056340026872565628701860", "timestamp": "1769384061841", "hash": "5682addabd95c9575ea9a12e12939a8dfed05c70", "bids": [{"price": "0.01", "size": "8389.4"}, {"price": "0.02", "size": "1800"}, {"price": "0.03", "size": "9.19"}, {"price": "0.07", "size": "1500"}, {"price": "0.08", "size": "4157.32"}, {"price": "0.15", "size": "300"}, {"price": "0.17", "size": "200"}, {"price": "0.19", "size": "1315.11"}, {"price": "0.2", "size": "965.11"}, {"price": "0.24", "size": "10"}, {"price": "0.33", "size": "50"}, {"price": "0.37", "size": "150"}, {"price": "0.38", "size": "31"}], "asks": [{"price": "0.99", "size": "8789.27"}, {"price": "0.98", "size": "1800"}, {"price": "0.97", "size": "9.51"}, {"price": "0.93", "size": "1500"}, {"price": "0.92", "size": "4164.98"}, {"price": "0.91", "size": "200"}, {"price": "0.9", "size": "500"}, {"price": "0.89", "size": "4157.32"}, {"price": "0.86", "size": "200"}, {"price": "0.78", "size": "300"}, {"price": "0.76", "size": "1090.11"}, {"price": "0.75", "size": "890.11"}, {"price": "0.74", "size": "125"}, {"price": "0.73", "size": "62"}, {"price": "0.72", "size": "75"}, {"price": "0.5", "size": "10"}, {"price": "0.48", "size": "50"}, {"price": "0.46", "size": "169"}], "event_type": "book", "last_trade_price": "0.540"}]}
{"_local_timestamp": "2026-01-25T23:34:29.444086+00:00", "data": {"market": "0xcf3bdf479e31addf0d920776325a8759c37e977d8ccd16d84bb8a7c9b319f5b4", "price_changes": [{"asset_id": "19423897484252245381031724860563835455358662770351298411785241621776824540110", "price": "0.09", "size": "100", "side": "BUY", "hash": "8e60f02774c574d6c710358ebb896bcf7e364542", "best_bid": "0.54", "best_ask": "0.62"}, {"asset_id": "79800804285394431406313674956566735663577258418418362056340026872565628701860", "price": "0.91", "size": "100", "side": "SELL", "hash": "a670def61f5a1efc062279a752d65112d2a36871", "best_bid": "0.38", "best_ask": "0.46"}], "timestamp": "1769384069205", "event_type": "price_change"}}
{"_local_timestamp": "2026-01-25T23:34:29.533836+00:00", "data": {"market": "0xcf3bdf479e31addf0d920776325a8759c37e977d8ccd16d84bb8a7c9b319f5b4", "price_changes": [{"asset_id": "19423897484252245381031724860563835455358662770351298411785241621776824540110", "price": "0.11", "size": "0", "side": "BUY", "hash": "f8223d4e8f4583c33d3e9e924e5cfedfad8cdf27", "best_bid": "0.54", "best_ask": "0.62"}, {"asset_id": "79800804285394431406313674956566735663577258418418362056340026872565628701860", "price": "0.89", "size": "0", "side": "SELL", "hash": "bdb70d363acdaaa4d21dc1a03493d1758cb9fa87", "best_bid": "0.38", "best_ask": "0.46"}], "timestamp": "1769384069304", "event_type": "price_change"}}
{"_local_timestamp": "2026-01-25T23:34:29.721647+00:00", "data": {"market": "0xcf3bdf479e31addf0d920776325a8759c37e977d8ccd16d84bb8a7c9b319f5b4", "price_changes": [{"asset_id": "19423897484252245381031724860563835455358662770351298411785241621776824540110", "price": "0.1", "size": "600", "side": "BUY", "hash": "72909d6ab592e81732b54930fdf098904c9a9c7f", "best_bid": "0.54", "best_ask": "0.62"}, {"asset_id": "79800804285394431406313674956566735663577258418418362056340026872565628701860", "price": "0.9", "size": "600", "side": "SELL", "hash": "02a7a18c93c4a92c79b571f7f146773a489e22ea", "best_bid": "0.38", "best_ask": "0.46"}], "timestamp": "1769384069496", "event_type": "price_change"}}
{"_local_timestamp": "2026-01-25T23:34:29.780633+00:00", "data": {"market": "0xcf3bdf479e31addf0d920776325a8759c37e977d8ccd16d84bb8a7c9b319f5b4", "price_changes": [{"asset_id": "19423897484252245381031724860563835455358662770351298411785241621776824540110", "price": "0.11", "size": "1270.1", "side": "BUY", "hash": "1027c0477e09fb4a374dd6f09285d24aa67fd3fe", "best_bid": "0.54", "best_ask": "0.62"}, {"asset_id": "79800804285394431406313674956566735663577258418418362056340026872565628701860", "price": "0.89", "size": "1270.1", "side": "SELL", "hash": "0adef547646cc3dcc147bb52384d8c53a93e2d95", "best_bid": "0.38", "best_ask": "0.46"}], "timestamp": "1769384069546", "event_type": "price_change"}}
{"_local_timestamp": "2026-01-25T23:34:30.125305+00:00", "data": {"market": "0xcf3bdf479e31addf0d920776325a8759c37e977d8ccd16d84bb8a7c9b319f5b4", "price_changes": [{"asset_id": "19423897484252245381031724860563835455358662770351298411785241621776824540110", "price": "0.11", "size": "3267.21", "side": "BUY", "hash": "b1dc8b2c5e72bc5f43201422db39905b682aab7f", "best_bid": "0.54", "best_ask": "0.62"}, {"asset_id": "79800804285394431406313674956566735663577258418418362056340026872565628701860", "price": "0.89", "size": "3267.21", "side": "SELL", "hash": "6715d4750b2a2a14b1998b47afd99830d2853a04", "best_bid": "0.38", "best_ask": "0.46"}], "timestamp": "1769384069779", "event_type": "price_change"}}
{"_local_timestamp": "2026-01-25T23:34:30.125774+00:00", "data": {"market": "0xcf3bdf479e31addf0d920776325a8759c37e977d8ccd16d84bb8a7c9b319f5b4", "price_changes": [{"asset_id": "19423897484252245381031724860563835455358662770351298411785241621776824540110", "price": "0.11", "size": "4157.32", "side": "BUY", "hash": "555ef7239f46c30672d8b21e19153f5ba0328b4f", "best_bid": "0.54", "best_ask": "0.62"}, {"asset_id": "79800804285394431406313674956566735663577258418418362056340026872565628701860", "price": "0.89", "size": "4157.32", "side": "SELL", "hash": "44b93607d87722a362587c23c55708eb8c1bd9ea", "best_bid": "0.38", "best_ask": "0.46"}], "timestamp": "1769384069780", "event_type": "price_change"}}
{"_local_timestamp": "2026-01-25T23:34:31.961234+00:00", "data": {"market": "0xcf3bdf479e31addf0d920776325a8759c37e977d8ccd16d84bb8a7c9b319f5b4", "price_changes": [{"asset_id": "19423897484252245381031724860563835455358662770351298411785241621776824540110", "price": "0.09", "size": "0", "side": "BUY", "hash": "7f85591748dd12614a3651d437c728b5f85ea88c", "best_bid": "0.54", "best_ask": "0.62"}, {"asset_id": "79800804285394431406313674956566735663577258418418362056340026872565628701860", "price": "0.91", "size": "0", "side": "SELL", "hash": "fadb304561ce1fba9c36593435947e509404d149", "best_bid": "0.38", "best_ask": "0.46"}], "timestamp": "1769384071737", "event_type": "price_change"}}
{"_local_timestamp": "2026-01-25T23:34:32.401146+00:00", "data": {"market": "0xcf3bdf479e31addf0d920776325a8759c37e977d8ccd16d84bb8a7c9b319f5b4", "price_changes": [{"asset_id": "19423897484252245381031724860563835455358662770351298411785241621776824540110", "price": "0.1", "size": "700", "side": "BUY", "hash": "8aff0a3513f6cd729958b5393039f0129c0b048b", "best_bid": "0.54", "best_ask": "0.62"}, {"asset_id": "79800804285394431406313674956566735663577258418418362056340026872565628701860", "price": "0.9", "size": "700", "side": "SELL", "hash": "2471b74a736042457dcc54bcba4f344b3b19b002", "best_bid": "0.38", "best_ask": "0.46"}], "timestamp": "1769384072120", "event_type": "price_change"}}
{"_local_timestamp": "2026-01-25T23:34:32.515861+00:00", "data": {"market": "0xcf3bdf479e31addf0d920776325a8759c37e977d8ccd16d84bb8a7c9b319f5b4", "price_changes": [{"asset_id": "19423897484252245381031724860563835455358662770351298411785241621776824540110", "price": "0.08", "size": "7.66", "side": "BUY", "hash": "c964871a90e5bcda4f574ac7229654ad90ec54e3", "best_bid": "0.54", "best_ask": "0.62"}, {"asset_id": "79800804285394431406313674956566735663577258418418362056340026872565628701860", "price": "0.92", "size": "7.66", "side": "SELL", "hash": "5584a0116a233ccc7be476e5cd2d1230625f2915", "best_bid": "0.38", "best_ask": "0.46"}], "timestamp": "1769384072260", "event_type": "price_change"}}
