{"_local_timestamp": "2026-01-25T23:41:07.000736+00:00", "data": [{"market": "0xca5e70befc3bb7d58eaa8b9229023e4b66ed7df2ca88d869d47fd753d75c5240", "asset_id": "62721290485641631803746511938744842458867520500817205793385759226708928922549", "timestamp": "1769384338532", "hash": "d0e44b196212cc3e053126d42648f6a3cb51a84b", "bids": [{"price": "0.01", "size": "3873"}, {"price": "0.02", "size": "1005.75"}, {"price": "0.03", "size": "2100"}, {"price": "0.05", "size": "800"}, {"price": "0.06", "size": "14.75"}, {"price": "0.33", "size": "260.18"}, {"price": "0.34", "size": "100"}, {"price": "0.35", "size": "100"}, {"price": "0.37", "size": "37.02"}], "asks": [{"price": "0.99", "size": "3867.99"}, {"price": "0.98", "size": "2100"}, {"price": "0.97", "size": "8.24"}, {"price": "0.95", "size": "1700"}, {"price": "0.92", "size": "700"}, {"price": "0.91", "size": "7.24"}, {"price": "0.86", "size": "300"}, {"price": "0.63", "size": "10"}, {"price": "0.45", "size": "9.03"}, {"price": "0.44", "size": "150"}, {"price": "0.42", "size": "501.42"}], "event_type": "book", "last_trade_price": "0.580"}, {"market": "0xca5e70befc3bb7d58eaa8b9229023e4b66ed7df2ca88d869d47fd753d75c5240", "asset_id": "19775334718025521262430110937808721053034285885964504856716172950992225994313", "timestamp": "1769384338532", "hash": "b03a865c1c3e3b09c84496b67dceafb5f9893144", "bids": [{"price": "0.01", "size": "3867.99"}, {"price": "0.02", "size": "2100"}, {"price": "0.03", "size": "8.24"}, {"price": "0.05", "size": "1700"}, {"price": "0.08", "size": "700"}, {"price": "0.09", "size": "7.24"}, {"price": "0.14", "size": "300"}, {"price": "0.37", "size": "10"}, {"price": "0.55", "size": "9.03"}, {"price": "0.56", "size": "150"}, {"price": "0.58", "size": "501.42"}], "asks": [{"price": "0.99", "size": "3873"}, {"price": "0.98", "size": "1005.75"}, {"price": "0.97", "size": "2100"}, {"price": "0.95", "size": "800"}, {"price": "0.94", "size": "14.75"}, {"price": "0.67", "size": "260.18"}, {"price": "0.66", "size": "100"}, {"price": "0.65", "size": "100"}, {"price": "0.63", "size": "37.02"}], "event_type": "book", "last_trade_price": "0.580"}]}
{"_local_timestamp": "2026-01-25T23:42:15.013356+00:00", "data": {"market": "0xca5e70befc3bb7d58eaa8b9229023e4b66ed7df2ca88d869d47fd753d75c5240", "price_changes": [{"asset_id": "62721290485641631803746511938744842458867520500817205793385759226708928922549", "price": "0.37", "size": "21.14", "side": "BUY", "hash": "80aa6bdc7a8fe9d6d437d4fc24f82d22e409bcfc", "best_bid": "0.37", "best_ask": "0.42"}, {"asset_id": "19775334718025521262430110937808721053034285885964504856716172950992225994313", "price": "0.63", "size": "21.14", "side": "SELL", "hash": "9acc4b71e561ea20a94aa4e0c731c5b781624b37", "best_bid": "0.58", "best_ask": "0.63"}], "timestamp": "1769384534937", "event_type": "price_change"}}
{"_local_timestamp": "2026-01-25T23:42:15.014657+00:00", "data": {"market": "0xca5e70befc3bb7d58eaa8b9229023e4b66ed7df2ca88d869d47fd753d75c5240", "asset_id": "19775334718025521262430110937808721053034285885964504856716172950992225994313", "bids": [{"price": "0.01", "size": "3867.99"}, {"price": "0.02", "size": "2100"}, {"price": "0.03", "size": "8.24"}, {"price": "0.05", "size": "1700"}, {"price": "0.08", "size": "700"}, {"price": "0.09", "size": "7.24"}, {"price": "0.14", "size": "300"}, {"price": "0.37", "size": "10"}, {"price": "0.55", "size": "9.03"}, {"price": "0.56", "size": "150"}, {"price": "0.58", "size": "501.42"}], "asks": [{"price": "0.99", "size": "3873"}, {"price": "0.98", "size": "1005.75"}, {"price": "0.97", "size": "2100"}, {"price": "0.95", "size": "800"}, {"price": "0.94", "size": "14.75"}, {"price": "0.67", "size": "260.18"}, {"price": "0.66", "size": "100"}, {"price": "0.65", "size": "100"}, {"price": "0.63", "size": "21.14"}], "hash": "9acc4b71e561ea20a94aa4e0c731c5b781624b37", "timestamp": "1769384534937", "event_type": "book"}}
{"_local_timestamp": "2026-01-25T23:42:15.015071+00:00", "data": {"market": "0xca5e70befc3bb7d58eaa8b9229023e4b66ed7df2ca88d869d47fd753d75c5240", "asset_id": "62721290485641631803746511938744842458867520500817205793385759226708928922549", "bids": [{"price": "0.01", "size": "3873"}, {"price": "0.02", "size": "1005.75"}, {"price": "0.03", "size": "2100"}, {"price": "0.05", "size": "800"}, {"price": "0.06", "size": "14.75"}, {"price": "0.33", "size": "260.18"}, {"price": "0.34", "size": "100"}, {"price": "0.35", "size": "100"}, {"price": "0.37", "size": "21.14"}], "asks": [{"price": "0.99", "size": "3867.99"}, {"price": "0.98", "size": "2100"}, {"price": "0.97", "size": "8.24"}, {"price": "0.95", "size": "1700"}, {"price": "0.92", "size": "700"}, {"price": "0.91", "size": "7.24"}, {"price": "0.86", "size": "300"}, {"price": "0.63", "size": "10"}, {"price": "0.45", "size": "9.03"}, {"price": "0.44", "size": "150"}, {"price": "0.42", "size": "501.42"}], "hash": "80aa6bdc7a8fe9d6d437d4fc24f82d22e409bcfc", "timestamp": "1769384534937", "event_type": "book"}}
{"_local_timestamp": "2026-01-25T23:42:15.043588+00:00", "data": {"market": "0xca5e70befc3bb7d58eaa8b9229023e4b66ed7df2ca88d869d47fd753d75c5240", "asset_id": "19775334718025521262430110937808721053034285885964504856716172950992225994313", "price": "0.63", "size": "15.873013", "fee_rate_bps": "0", "side": "BUY", "timestamp": "1769384534966", "event_type": "last_trade_price", "transaction_hash": "0xaef6cae64f87e6cefdcedf9ed3b0760349b95ad65a22241230fa02dc0171bef7"}}
{"_local_timestamp": "2026-01-25T23:42:18.597021+00:00", "data": {"market": "0xca5e70befc3bb7d58eaa8b9229023e4b66ed7df2ca88d869d47fd753d75c5240", "price_changes": [{"asset_id": "19775334718025521262430110937808721053034285885964504856716172950992225994313", "price": "0.59", "size": "200", "side": "BUY", "hash": "c88dd63684ec15356255ab42ef6243b7499d8749", "best_bid": "0.59", "best_ask": "0.63"}, {"asset_id": "62721290485641631803746511938744842458867520500817205793385759226708928922549", "price": "0.41", "size": "200", "side": "SELL", "hash": "1caf0b8793787a5f8de282980c55ccceb0e51fc4", "best_bid": "0.37", "best_ask": "0.41"}], "timestamp": "1769384538487", "event_type": "price_change"}}
{"_local_timestamp": "2026-01-25T23:42:23.782816+00:00", "data": {"market": "0xca5e70befc3bb7d58eaa8b9229023e4b66ed7df2ca88d869d47fd753d75c5240", "price_changes": [{"asset_id": "19775334718025521262430110937808721053034285885964504856716172950992225994313", "price": "0.59", "size": "300", "side": "BUY", "hash": "cfd141bd1722f1c70f28b841883a7c2fb2579b1e", "best_bid": "0.59", "best_ask": "0.63"}, {"asset_id": "62721290485641631803746511938744842458867520500817205793385759226708928922549", "price": "0.41", "size": "300", "side": "SELL", "hash": "702ef9fb10144710d9a79408aad2a1e777ab759f", "best_bid": "0.37", "best_ask": "0.41"}], "timestamp": "1769384543630", "event_type": "price_change"}}
{"_local_timestamp": "2026-01-25T23:42:53.154127+00:00", "data": {"market": "0xca5e70befc3bb7d58eaa8b9229023e4b66ed7df2ca88d869d47fd753d75c5240", "price_changes": [{"asset_id": "19775334718025521262430110937808721053034285885964504856716172950992225994313", "price": "0.56", "size": "100", "side": "BUY", "hash": "ed11e5db859c9d1f70be7fd75d6922d545ea879c", "best_bid": "0.59", "best_ask": "0.63"}, {"asset_id": "62721290485641631803746511938744842458867520500817205793385759226708928922549", "price": "0.44", "size": "100", "side": "SELL", "hash": "18ba6b3b8433f91c6df185ad4e7d513f2a609e6d", "best_bid": "0.37", "best_ask": "0.41"}], "timestamp": "1769384573000", "event_type": "price_change"}}
{"_local_timestamp": "2026-01-25T23:43:00.577339+00:00", "data": {"market": "0xca5e70befc3bb7d58eaa8b9229023e4b66ed7df2ca88d869d47fd753d75c5240", "price_changes": [{"asset_id": "62721290485641631803746511938744842458867520500817205793385759226708928922549", "price": "0.06", "size": "0", "side": "BUY", "hash": "5f5a00b4eacc91ac0eecc7fcf240b6632ee52e37", "best_bid": "0.37", "best_ask": "0.41"}, {"asset_id": "19775334718025521262430110937808721053034285885964504856716172950992225994313", "price": "0.94", "size": "0", "side": "SELL", "hash": "4b3987a58401051a5b7ed486b6513093596fb1eb", "best_bid": "0.59", "best_ask": "0.63"}], "timestamp": "1769384580444", "event_type": "price_change"}}
{"_local_timestamp": "2026-01-25T23:43:00.782591+00:00", "data": {"market": "0xca5e70befc3bb7d58eaa8b9229023e4b66ed7df2ca88d869d47fd753d75c5240", "price_changes": [{"asset_id": "62721290485641631803746511938744842458867520500817205793385759226708928922549", "price": "0.06", "size": "14.75", "side": "BUY", "hash": "7709b41210ccfa0ead2130c38481d603c71a6940", "best_bid": "0.37", "best_ask": "0.41"}, {"asset_id": "19775334718025521262430110937808721053034285885964504856716172950992225994313", "price": "0.94", "size": "14.75", "side": "SELL", "hash": "94cbcfe9ce649a8db0710664980ac971043cdec5", "best_bid": "0.59", "best_ask": "0.63"}], "timestamp": "1769384580647", "event_type": "price_change"}}
{"_local_timestamp": "2026-01-25T23:43:22.860966+00:00", "data": {"market": "0xca5e70befc3bb7d58eaa8b9229023e4b66ed7df2ca88d869d47fd753d75c5240", "price_changes": [{"asset_id": "19775334718025521262430110937808721053034285885964504856716172950992225994313", "price": "0.58", "size": "551.42", "side": "BUY", "hash": "78142af92272c4918add2b844edd8eed0a85ca98", "best_bid": "0.59", "best_ask": "0.63"}, {"asset_id": "62721290485641631803746511938744842458867520500817205793385759226708928922549", "price": "0.42", "size": "551.42", "side": "SELL", "hash": "5b5408ff5f1d17681c2c29086ea3dec88705a804", "best_bid": "0.37", "best_ask": "0.41"}], "timestamp": "1769384602764", "event_type": "price_change"}}
{"_local_timestamp": "2026-01-25T23:43:24.821208+00:00", "data": {"market": "0xca5e70befc3bb7d58eaa8b9229023e4b66ed7df2ca88d869d47fd753d75c5240", "price_changes": [{"asset_id": "62721290485641631803746511938744842458867520500817205793385759226708928922549", "price": "0.36", "size": "50", "side": "BUY", "hash": "72e7fe5c0624ffd31e6475724349af79ccdaeda9", "best_bid": "0.37", "best_ask": "0.41"}, {"asset_id": "19775334718025521262430110937808721053034285885964504856716172950992225994313", "price": "0.64", "size": "50", "side": "SELL", "hash": "dd03d4c134846099e92543832800bd9ff6ce893c", "best_bid": "0.59", "best_ask": "0.63"}], "timestamp": "1769384604701", "event_type": "price_change"}}
{"_local_timestamp": "2026-01-25T23:43:25.275537+00:00", "data": {"market": "0xca5e70befc3bb7d58eaa8b9229023e4b66ed7df2ca88d869d47fd753d75c5240", "price_changes": [{"asset_id": "62721290485641631803746511938744842458867520500817205793385759226708928922549", "price": "0.35", "size": "130", "side": "BUY", "hash": "b78de6df19437a346a052c5a119002b3741f5ef4", "best_bid": "0.37", "best_ask": "0.41"}, {"asset_id": "19775334718025521262430110937808721053034285885964504856716172950992225994313", "price": "0.65", "size": "130", "side": "SELL", "hash": "5ab9fb44ac6bd6fa44e4228c66edd6354a11e805", "best_bid": "0.59", "best_ask": "0.63"}], "timestamp": "1769384605151", "event_type": "price_change"}}
