{"_local_timestamp": "2026-01-25T23:41:19.250896+00:00", "data": [{"market": "0xc59e05f66a6acaaeddf42ecc60109a5b29a7bebb68ae9d40312ec25ea8000287", "asset_id": "89135499517478225626457875899535430584955245079575176312396543173022239218395", "timestamp": "1769384416068", "hash": "02da0919dd10d5503f17868aac9509976522e24d", "bids": [{"price": "0.01", "size": "7184.19"}, {"price": "0.02", "size": "1150"}, {"price": "0.03", "size": "4488.96"}, {"price": "0.24", "size": "300"}, {"price": "0.27", "size": "1090.11"}, {"price": "0.28", "size": "890.11"}, {"price": "0.29", "size": "125"}, {"price": "0.3", "size": "62"}, {"price": "0.31", "size": "75"}, {"price": "0.5", "size": "10"}, {"price": "0.51", "size": "89"}], "asks": [{"price": "0.99", "size": "6784.64"}, {"price": "0.98", "size": "4314.05"}, {"price": "0.96", "size": "320.24"}, {"price": "0.88", "size": "300"}, {"price": "0.87", "size": "1090.11"}, {"price": "0.86", "size": "1015.11"}, {"price": "0.85", "size": "75"}, {"price": "0.84", "size": "50"}, {"price": "0.78", "size": "127.93"}], "event_type": "book", "last_trade_price": "0.660"}, {"market": "0x96933d51a0f93177040c7572e5b4ae6ca5495cd93a08418af55ade18a8848270", "asset_id": "85780962061969591778896600914417302208590704743957949859712992465360382739692", "timestamp": "1769384478004", "hash": "cb9aba42c6883bcdde7fec9dc7cfd0755dd80a22", "bids": [{"price": "0.01", "size": "10542.8"}, {"price": "0.02", "size": "16.1"}, {"price": "0.06", "size": "1145.58"}, {"price": "0.07", "size": "895.58"}, {"price": "0.08", "size": "7.67"}, {"price": "0.28", "size": "50"}], "asks": [{"price": "0.99", "size": "10550.35"}, {"price": "0.98", "size": "43.03"}, {"price": "0.94", "size": "1140.11"}, {"price": "0.93", "size": "890.11"}], "event_type": "book", "last_trade_price": ""}, {"market": "0x2bb9c2b1fadb0293a93d55eb67044f7face9cfa07470f4a89a27c017b0335e8c", "asset_id": "92045840732503176401437635785007677847086252162428681009875484095180718441798", "timestamp": "1769383980494", "hash": "b98cd35e874e7af94d891d37d8c0e43338c15912", "bids": [{"price": "0.01", "size": "11388.93"}, {"price": "0.02", "size": "155.89"}, {"price": "0.03", "size": "30.74"}, {"price": "0.08", "size": "1140.11"}, {"price": "0.09", "size": "890.11"}], "asks": [{"price": "0.99", "size": "11398.58"}, {"price": "0.98", "size": "160.48"}, {"price": "0.97", "size": "85.65"}, {"price": "0.96", "size": "55.42"}], "event_type": "book", "last_trade_price": ""}, {"market": "0x0727f9f4666484828ee1cc5d250be92a5290ce5a69a20467d77931aed5a95d00", "asset_id": "35910343730033898022117182434342860526965277191087661958434554396227107909146", "timestamp": "1769384447736", "hash": "7c4eadad007c54fa8c709e7a8309f80a44b607a2", "bids": [{"price": "0.01", "size": "302.04"}, {"price": "0.02", "size": "257.48"}, {"price": "0.03", "size": "18.99"}, {"price": "0.05", "size": "23.99"}, {"price": "0.06", "size": "5.47"}], "asks": [{"price": "0.99", "size": "302.04"}, {"price": "0.98", "size": "275.48"}, {"price": "0.97", "size": "18.99"}, {"price": "0.96", "size": "40.39"}], "event_type": "book", "last_trade_price": ""}, {"market": "0x23b9f464813a604d156b9c39ff5c37853019ede568d57becdf5c439b45628dc4", "asset_id": "85837250814074077539211908285417961683753530308174982617161094927667394156047", "timestamp": "1769384478004", "hash": "e5a45eae10e976692cebcf1ab3afb5ffdc55f8d1", "bids": [{"price": "0.01", "size": "10442.72"}, {"price": "0.02", "size": "6.46"}, {"price": "0.04", "size": "5.03"}, {"price": "0.05", "size": "1190.11"}, {"price": "0.06", "size": "890.11"}, {"price": "0.07", "size": "10.94"}, {"price": "0.08", "size": "7.58"}, {"price": "0.28", "size": "50"}], "asks": [{"price": "0.99", "size": "10455.24"}, {"price": "0.98", "size": "25.56"}, {"price": "0.96", "size": "1140.11"}, {"price": "0.95", "size": "896.12"}], "event_type": "book", "last_trade_price": ""}, {"market": "0x2401a3354060ac23b5062944956a3ea95a21ad155ee141dca22b77b5069cead5", "asset_id": "29809993680420121829041521802470759704351204111817325020401851092919600935989", "timestamp": "1769384276482", "hash": "71ced1a147721f36cd3362ac1d6a3f2a88c468e4", "bids": [{"price": "0.01", "size": "10559.1"}, {"price": "0.02", "size": "18.72"}, {"price": "0.03", "size": "1140.11"}, {"price": "0.04", "size": "930.07"}], "asks": [{"price": "0.99", "size": "11431.62"}, {"price": "0.98", "size": "937.57"}, {"price": "0.97", "size": "23"}, {"price": "0.94", "size": "5.47"}, {"price": "0.93", "size": "5.47"}, {"price": "0.72", "size": "50"}], "event_type": "book", "last_trade_price": ""}, {"market": "0x947eda69992ec87be0835dd381d44e014b118a726913d9de83f4af6ca0b5efcf", "asset_id": "43177391289123384037057302476684267359530765543005564267433747882504076922907", "timestamp": "1769384447736", "hash": "d5e6dcdf5cfc19a5dbab17de3ef547e8c87194d6", "bids": [{"price": "0.01", "size": "302.04"}, {"price": "0.02", "size": "275.48"}, {"price": "0.03", "size": "18.99"}, {"price": "0.04", "size": "29.99"}], "asks": [{"price": "0.99", "size": "293.28"}, {"price": "0.98", "size": "255.94"}, {"price": "0.97", "size": "22.94"}, {"price": "0.95", "size": "23.99"}, {"price": "0.94", "size": "5.47"}], "event_type": "book", "last_trade_price": ""}, {"market": "0x19a5f4d90e22cb992635ef15a19f8d5ffc64f556a48662afdca827775aa16c08", "asset_id": "94447434034338341395700793891057177645147950667760703119677617145954756862994", "timestamp": "1769383980526", "hash": "b5910a69b20e020611aba8654eff84456d3c6206", "bids": [{"price": "0.01", "size": "11398.58"}, {"price": "0.02", "size": "160.48"}, {"price": "0.03", "size": "85.65"}, {"price": "0.04", "size": "39.24"}], "asks": [{"price": "0.99", "size": "11388.93"}, {"price": "0.98", "size": "155.89"}, {"price": "0.97", "size": "30.74"}, {"price": "0.92", "size": "1140.11"}, {"price": "0.91", "size": "890.11"}], "event_type": "book", "last_trade_price": ""}, {"market": "0xc59e05f66a6acaaeddf42ecc60109a5b29a7bebb68ae9d40312ec25ea8000287", "asset_id": "65249763713921911106800536792587915720039618349865339649776218927242924336631", "timestamp": "1769384416068", "hash": "2ee59b7f20a2d3a9a8e7b120d37723edfb56489e", "bids": [{"price": "0.01", "size": "6784.64"}, {"price": "0.02", "size": "4314.05"}, {"price": "0.04", "size": "320.24"}, {"price": "0.12", "size": "300"}, {"price": "0.13", "size": "1090.11"}, {"price": "0.14", "size": "1015.11"}, {"price": "0.15", "size": "75"}, {"price": "0.16", "size": "50"}, {"price": "0.22", "size": "127.93"}], "asks": [{"price": "0.99", "size": "7184.19"}, {"price": "0.98", "size": "1150"}, {"price": "0.97", "size": "4488.96"}, {"price": "0.76", "size": "300"}, {"price": "0.73", "size": "1090.11"}, {"price": "0.72", "size": "890.11"}, {"price": "0.71", "size": "125"}, {"price": "0.7", "size": "62"}, {"price": "0.69", "size": "75"}, {"price": "0.5", "size": "10"}, {"price": "0.49", "size": "89"}], "event_type": "book", "last_trade_price": "0.660"}, {"market": "0x19a5f4d90e22cb992635ef15a19f8d5ffc64f556a48662afdca827775aa16c08", "asset_id": "55438407177979400780919220955635844711805507488335377116492952956510297705010", "timestamp": "1769383980526", "hash": "e538b63a2877d4c0cc607af28cc99388a043801d", "bids": [{"price": "0.01", "size": "11388.93"}, {"price": "0.02", "size": "155.89"}, {"price": "0.03", "size": "30.74"}, {"price": "0.08", "size": "1140.11"}, {"price": "0.09", "size": "890.11"}], "asks": [{"price": "0.99", "size": "11398.58"}, {"price": "0.98", "size": "160.48"}, {"price": "0.97", "size": "85.65"}, {"price": "0.96", "size": "39.24"}], "event_type": "book", "last_trade_price": ""}, {"market": "0x0727f9f4666484828ee1cc5d250be92a5290ce5a69a20467d77931aed5a95d00", "asset_id": "89219807408614080357426386263610125885671883975534230969322133238697084556538", "timestamp": "1769384447736", "hash": "ada633f1c952b8b54a20abfc1f121f5d9081f553", "bids": [{"price": "0.01", "size": "302.04"}, {"price": "0.02", "size": "275.48"}, {"price": "0.03", "size": "18.99"}, {"price": "0.04", "size": "40.39"}], "asks": [{"price": "0.99", "size": "302.04"}, {"price": "0.98", "size": "257.48"}, {"price": "0.97", "size": "18.99"}, {"price": "0.95", "size": "23.99"}, {"price": "0.94", "size": "5.47"}], "event_type": "book", "last_trade_price": ""}, {"market": "0x2401a3354060ac23b5062944956a3ea95a21ad155ee141dca22b77b5069cead5", "asset_id": "92426077490069247283959754958996210946507815057942602898525691466790118944540", "timestamp": "1769384276482", "hash": "8ae3dc49cd2a1d13f6ecc56dc26be23c9c164349", "bids": [{"price": "0.01", "size": "11431.62"}, {"price": "0.02", "size": "937.57"}, {"price": "0.03", "size": "23"}, {"price": "0.06", "size": "5.47"}, {"price": "0.07", "size": "5.47"}, {"price": "0.28", "size": "50"}], "asks": [{"price": "0.99", "size": "10559.1"}, {"price": "0.98", "size": "18.72"}, {"price": "0.97", "size": "1140.11"}, {"price": "0.96", "size": "930.07"}], "event_type": "book", "last_trade_price": ""}, {"market": "0x96933d51a0f93177040c7572e5b4ae6ca5495cd93a08418af55ade18a8848270", "asset_id": "62678107738722867666510553584045721012525979989359682908746275707554312623850", "timestamp": "1769384478004", "hash": "6a9092850035596abdc80df2b85bba5a8884bdc8", "bids": [{"price": "0.01", "size": "10550.35"}, {"price": "0.02", "size": "43.03"}, {"price": "0.06", "size": "1140.11"}, {"price": "0.07", "size": "890.11"}], "asks": [{"price": "0.99", "size": "10542.8"}, {"price": "0.98", "size": "16.1"}, {"price": "0.94", "size": "1145.58"}, {"price": "0.93", "size": "895.58"}, {"price": "0.92", "size": "7.67"}, {"price": "0.72", "size": "50"}], "event_type": "book", "last_trade_price": ""}, {"market": "0x2bb9c2b1fadb0293a93d55eb67044f7face9cfa07470f4a89a27c017b0335e8c", "asset_id": "48837421887473558774565641243168624425487739904275781922315636382382879623206", "timestamp": "1769383980494", "hash": "e00f056fe94347d1821cdc64e9fc73760192504b", "bids": [{"price": "0.01", "size": "11398.58"}, {"price": "0.02", "size": "160.48"}, {"price": "0.03", "size": "85.65"}, {"price": "0.04", "size": "55.42"}], "asks": [{"price": "0.99", "size": "11388.93"}, {"price": "0.98", "size": "155.89"}, {"price": "0.97", "size": "30.74"}, {"price": "0.92", "size": "1140.11"}, {"price": "0.91", "size": "890.11"}], "event_type": "book", "last_trade_price": ""}, {"market": "0x23b9f464813a604d156b9c39ff5c37853019ede568d57becdf5c439b45628dc4", "asset_id": "30536826496310177750894097825596262849854437565863241298303820464255967660406", "timestamp": "1769384478004", "hash": "5001a6eb3ba20fe6e6d320c57c0a21dbe319da9a", "bids": [{"price": "0.01", "size": "10455.24"}, {"price": "0.02", "size": "25.56"}, {"price": "0.04", "size": "1140.11"}, {"price": "0.05", "size": "896.12"}], "asks": [{"price": "0.99", "size": "10442.72"}, {"price": "0.98", "size": "6.46"}, {"price": "0.96", "size": "5.03"}, {"price": "0.95", "size": "1190.11"}, {"price": "0.94", "size": "890.11"}, {"price": "0.93", "size": "10.94"}, {"price": "0.92", "size": "7.58"}, {"price": "0.72", "size": "50"}], "event_type": "book", "last_trade_price": ""}, {"market": "0x947eda69992ec87be0835dd381d44e014b118a726913d9de83f4af6ca0b5efcf", "asset_id": "18449152278240458640327454535631524659890809526570450948234254399542427812400", "timestamp": "1769384447736", "hash": "8a1a30502cddb0a6b767adec6d82041571466b88", "bids": [{"price": "0.01", "size": "293.28"}, {"price": "0.02", "size": "255.94"}, {"price": "0.03", "size": "22.94"}, {"price": "0.05", "size": "23.99"}, {"price": "0.06", "size": "5.47"}], "asks": [{"price": "0.99", "size": "302.04"}, {"price": "0.98", "size": "275.48"}, {"price": "0.97", "size": "18.99"}, {"price": "0.96", "size": "29.99"}], "event_type": "book", "last_trade_price": ""}]}
{"_local_timestamp": "2026-01-25T23:41:46.163127+00:00", "data": {"market": "0xc59e05f66a6acaaeddf42ecc60109a5b29a7bebb68ae9d40312ec25ea8000287", "price_changes": [{"asset_id": "65249763713921911106800536792587915720039618349865339649776218927242924336631", "price": "0.2", "size": "50", "side": "BUY", "hash": "ad227956f96504f6ba52f13a3ec7ccc8fd3186ad", "best_bid": "0.22", "best_ask": "0.49"}, {"asset_id": "89135499517478225626457875899535430584955245079575176312396543173022239218395", "price": "0.8", "size": "50", "side": "SELL", "hash": "c5973171dc74395a0707e69ce64923aeccbe2752", "best_bid": "0.51", "best_ask": "0.78"}], "timestamp": "1769384506091", "event_type": "price_change"}}
{"_local_timestamp": "2026-01-25T23:41:46.164682+00:00", "data": {"market": "0xc59e05f66a6acaaeddf42ecc60109a5b29a7bebb68ae9d40312ec25ea8000287", "price_changes": [{"asset_id": "89135499517478225626457875899535430584955245079575176312396543173022239218395", "price": "0.64", "size": "50", "side": "BUY", "hash": "d86648c74165e4e81d85536f407aa37254fdd82b", "best_bid": "0.64", "best_ask": "0.78"}, {"asset_id": "65249763713921911106800536792587915720039618349865339649776218927242924336631", "price": "0.36", "size": "50", "side": "SELL", "hash": "28d5aacd932799c8e0fafcc95081ee849cc73ba7", "best_bid": "0.22", "best_ask": "0.36"}], "timestamp": "1769384506091", "event_type": "price_change"}}
{"_local_timestamp": "2026-01-25T23:41:46.198946+00:00", "data": {"market": "0xc59e05f66a6acaaeddf42ecc60109a5b29a7bebb68ae9d40312ec25ea8000287", "price_changes": [{"asset_id": "65249763713921911106800536792587915720039618349865339649776218927242924336631", "price": "0.16", "size": "10", "side": "BUY", "hash": "19ceef90ffc0646745bb0bdb56d78828d625726e", "best_bid": "0.22", "best_ask": "0.36"}, {"asset_id": "89135499517478225626457875899535430584955245079575176312396543173022239218395", "price": "0.84", "size": "10", "side": "SELL", "hash": "7c7fae771e7b915ed0c8d5ff9a31e24e11db1fcb", "best_bid": "0.64", "best_ask": "0.78"}], "timestamp": "1769384506128", "event_type": "price_change"}}
{"_local_timestamp": "2026-01-25T23:41:46.199524+00:00", "data": {"market": "0xc59e05f66a6acaaeddf42ecc60109a5b29a7bebb68ae9d40312ec25ea8000287", "price_changes": [{"asset_id": "65249763713921911106800536792587915720039618349865339649776218927242924336631", "price": "0.2", "size": "83", "side": "BUY", "hash": "a7b5f2ca432700a90d4b2eb8fcc421a7354e02cb", "best_bid": "0.22", "best_ask": "0.36"}, {"asset_id": "89135499517478225626457875899535430584955245079575176312396543173022239218395", "price": "0.8", "size": "83", "side": "SELL", "hash": "0e35db3f64c042e405105fcdb0de60378f5bf256", "best_bid": "0.64", "best_ask": "0.78"}], "timestamp": "1769384506130", "event_type": "price_change"}}
