{"_local_timestamp": "2026-01-25T23:41:24.157166+00:00", "data": [{"market": "0xc3c68d15795f49737337750652613725b6b26f7220ce14c0b84a285dcf805e0e", "asset_id": "65603819657652394397234334780908142331249225026323215164617873273051642905321", "timestamp": "1769384280099", "hash": "a7cfec780e97b26af6488a9aae72cb1043929b13", "bids": [{"price": "0.01", "size": "4359.36"}, {"price": "0.02", "size": "20.46"}, {"price": "0.03", "size": "1140.11"}, {"price": "0.04", "size": "929.35"}], "asks": [{"price": "0.99", "size": "11238.93"}, {"price": "0.98", "size": "43.8"}, {"price": "0.97", "size": "24"}, {"price": "0.96", "size": "5.47"}], "event_type": "book", "last_trade_price": ""}, {"market": "0x0ec29cd8dcc2ee9a5dba335ae702705387554b2ee4a3f58c92e8dfdc578c11ab", "asset_id": "39588334010446257793328783028824091495200768946622815523764108886282664574826", "timestamp": "1769384396848", "hash": "ce4c4ae16329e5a486493205fe2443960b7226e6", "bids": [{"price": "0.01", "size": "2450.76"}, {"price": "0.02", "size": "21.09"}, {"price": "0.03", "size": "500"}, {"price": "0.04", "size": "200"}, {"price": "0.05", "size": "9.45"}, {"price": "0.06", "size": "1190.11"}, {"price": "0.07", "size": "1038.58"}], "asks": [{"price": "0.99", "size": "7088.97"}, {"price": "0.98", "size": "1000"}, {"price": "0.97", "size": "4487.36"}, {"price": "0.77", "size": "300"}, {"price": "0.74", "size": "1090.11"}, {"price": "0.73", "size": "890.11"}, {"price": "0.72", "size": "125"}, {"price": "0.7", "size": "137"}, {"price": "0.5", "size": "10"}, {"price": "0.34", "size": "62.05"}], "event_type": "book", "last_trade_price": "0.660"}, {"market": "0x0ec29cd8dcc2ee9a5dba335ae702705387554b2ee4a3f58c92e8dfdc578c11ab", "asset_id": "14686909450712095553848529179002760186996288018263972086125714385058733086467", "timestamp": "1769384396848", "hash": "2506eb6ee4921d5f1c2beb280fd85168af597335", "bids": [{"price": "0.01", "size": "7088.97"}, {"price": "0.02", "size": "1000"}, {"price": "0.03", "size": "4487.36"}, {"price": "0.23", "size": "300"}, {"price": "0.26", "size": "1090.11"}, {"price": "0.27", "size": "890.11"}, {"price": "0.28", "size": "125"}, {"price": "0.3", "size": "137"}, {"price": "0.5", "size": "10"}, {"price": "0.66", "size": "62.05"}], "asks": [{"price": "0.99", "size": "2450.76"}, {"price": "0.98", "size": "21.09"}, {"price": "0.97", "size": "500"}, {"price": "0.96", "size": "200"}, {"price": "0.95", "size": "9.45"}, {"price": "0.94", "size": "1190.11"}, {"price": "0.93", "size": "1038.58"}], "event_type": "book", "last_trade_price": "0.660"}, {"market": "0x514cd4dda474acaa3b42b0daf45776829d1c71b591f83bdad2556ae9200e0e4a", "asset_id": "24462163476494912897048506220965618245323260292601734651741690457126991788883", "timestamp": "1769383983531", "hash": "7c9a486013a26a601484c79d093accb53092e176", "bids": [{"price": "0.01", "size": "4359.36"}, {"price": "0.02", "size": "20.46"}, {"price": "0.03", "size": "1140.11"}, {"price": "0.04", "size": "929.35"}], "asks": [{"price": "0.99", "size": "11247.92"}, {"price": "0.98", "size": "1003.28"}, {"price": "0.97", "size": "58.04"}], "event_type": "book", "last_trade_price": ""}, {"market": "0x253578ec5c328418c18d2e1d628340b775360edcb942b74c1faed3160768880e", "asset_id": "61737645514089970820675229928948596558449627261018952726858461686763928013541", "timestamp": "1769384168849", "hash": "bf25ff177c8f796bed31d4c47ca377f67044b23e", "bids": [{"price": "0.01", "size": "202.04"}, {"price": "0.02", "size": "217.48"}, {"price": "0.03", "size": "18.99"}, {"price": "0.04", "size": "38.98"}], "asks": [{"price": "0.99", "size": "202.09"}, {"price": "0.98", "size": "160.48"}, {"price": "0.97", "size": "99.65"}, {"price": "0.96", "size": "9.25"}, {"price": "0.95", "size": "5.47"}], "event_type": "book", "last_trade_price": ""}, {"market": "0xc3c68d15795f49737337750652613725b6b26f7220ce14c0b84a285dcf805e0e", "asset_id": "12457168389259168776214290300798144543876101843267881707711945133972284650743", "timestamp": "1769384280099", "hash": "4dcc5b3ef0f3c67d939945626aab900e6be2acea", "bids": [{"price": "0.01", "size": "11238.93"}, {"price": "0.02", "size": "43.8"}, {"price": "0.03", "size": "24"}, {"price": "0.04", "size": "5.47"}], "asks": [{"price": "0.99", "size": "4359.36"}, {"price": "0.98", "size": "20.46"}, {"price": "0.97", "size": "1140.11"}, {"price": "0.96", "size": "929.35"}], "event_type": "book", "last_trade_price": ""}, {"market": "0xba80d2b3a32284fbd12a73fa6b95c7ae86f2c6c0964a918dc76dd260e55012f0", "asset_id": "16882071953866318534045365616741600063971259318273078224982241014011580842479", "timestamp": "1769384279291", "hash": "66b341ea7fe52085aaf263561c748509c400eb72", "bids": [{"price": "0.01", "size": "11296.07"}, {"price": "0.02", "size": "1040.11"}, {"price": "0.03", "size": "27.32"}, {"price": "0.04", "size": "18.47"}], "asks": [{"price": "0.99", "size": "10402.72"}, {"price": "0.98", "size": "157.03"}, {"price": "0.97", "size": "23.71"}, {"price": "0.94", "size": "1140.11"}, {"price": "0.93", "size": "890.11"}], "event_type": "book", "last_trade_price": ""}, {"market": "0x514cd4dda474acaa3b42b0daf45776829d1c71b591f83bdad2556ae9200e0e4a", "asset_id": "41505672373792028775919965123836884749931089620531351085408360822776641662545", "timestamp": "1769383983531", "hash": "571a5e61c7e65663d10b4e66d4c0dea18c2ac48c", "bids": [{"price": "0.01", "size": "11247.92"}, {"price": "0.02", "size": "1003.28"}, {"price": "0.03", "size": "58.04"}], "asks": [{"price": "0.99", "size": "4359.36"}, {"price": "0.98", "size": "20.46"}, {"price": "0.97", "size": "1140.11"}, {"price": "0.96", "size": "929.35"}], "event_type": "book", "last_trade_price": ""}, {"market": "0xba80d2b3a32284fbd12a73fa6b95c7ae86f2c6c0964a918dc76dd260e55012f0", "asset_id": "46588983256260098113202848456240768819978505729734562964760957428208507265980", "timestamp": "1769384279291", "hash": "bfc24ea6cfac3189944a6ef86ab300256fa3b310", "bids": [{"price": "0.01", "size": "10402.72"}, {"price": "0.02", "size": "157.03"}, {"price": "0.03", "size": "23.71"}, {"price": "0.06", "size": "1140.11"}, {"price": "0.07", "size": "890.11"}], "asks": [{"price": "0.99", "size": "11296.07"}, {"price": "0.98", "size": "1040.11"}, {"price": "0.97", "size": "27.32"}, {"price": "0.96", "size": "18.47"}], "event_type": "book", "last_trade_price": ""}, {"market": "0x253578ec5c328418c18d2e1d628340b775360edcb942b74c1faed3160768880e", "asset_id": "34863813868368437273893252292258496153498313244664161472004574624993712180662", "timestamp": "1769384168849", "hash": "c3f2785f6c2337fda3afeffbaba7ad008051b6d6", "bids": [{"price": "0.01", "size": "202.09"}, {"price": "0.02", "size": "160.48"}, {"price": "0.03", "size": "99.65"}, {"price": "0.04", "size": "9.25"}, {"price": "0.05", "size": "5.47"}], "asks": [{"price": "0.99", "size": "202.04"}, {"price": "0.98", "size": "217.48"}, {"price": "0.97", "size": "18.99"}, {"price": "0.96", "size": "38.98"}], "event_type": "book", "last_trade_price": ""}]}
