{"_local_timestamp": "2026-01-25T23:34:13.198794+00:00", "data": [{"market": "0x833c705c303d5c6ba5920134325b2bc9b6739355d8c919ae9daf38819f70a23b", "asset_id": "86960458565907402887724563283813185279962333708418383141332052857132193514334", "timestamp": "1769380874187", "hash": "93c85bd096dcbe7fff3915ddf8443043117b8dcf", "bids": [{"price": "0.01", "size": "344.79"}, {"price": "0.02", "size": "26.15"}, {"price": "0.05", "size": "100"}, {"price": "0.06", "size": "38.48"}], "asks": [{"price": "0.99", "size": "1335.73"}, {"price": "0.98", "size": "12.37"}, {"price": "0.95", "size": "100"}, {"price": "0.94", "size": "33"}, {"price": "0.93", "size": "15.4"}, {"price": "0.63", "size": "120"}], "event_type": "book", "last_trade_price": ""}, {"market": "0x37a2a8f43108504d768012984de442ad727183c192ea4282bf22c28f467d1ae9", "asset_id": "20433031826617634564864446320072745267511700140444160083894490218868960052047", "timestamp": "1769384006773", "hash": "3766133ffd591acda36ead32d8763fbd5db3f345", "bids": [{"price": "0.01", "size": "10586.43"}, {"price": "0.02", "size": "13.21"}, {"price": "0.05", "size": "100"}, {"price": "0.06", "size": "33"}, {"price": "0.07", "size": "10.51"}, {"price": "0.26", "size": "100"}, {"price": "0.27", "size": "1390.11"}, {"price": "0.28", "size": "890.11"}], "asks": [{"price": "0.99", "size": "7439.05"}, {"price": "0.98", "size": "4157.32"}, {"price": "0.97", "size": "5.71"}, {"price": "0.95", "size": "100"}, {"price": "0.94", "size": "33"}, {"price": "0.93", "size": "10.41"}, {"price": "0.8", "size": "200"}, {"price": "0.73", "size": "200"}, {"price": "0.38", "size": "1390.11"}, {"price": "0.37", "size": "890.11"}, {"price": "0.36", "size": "100"}], "event_type": "book", "last_trade_price": ""}, {"market": "0x833c705c303d5c6ba5920134325b2bc9b6739355d8c919ae9daf38819f70a23b", "asset_id": "56966343151823154939583923699817542630550497876451227939542707236631190126974", "timestamp": "1769380874187", "hash": "e0e25edf3d14a3d06c470eb0b80769cf9882ed86", "bids": [{"price": "0.01", "size": "1335.73"}, {"price": "0.02", "size": "12.37"}, {"price": "0.05", "size": "100"}, {"price": "0.06", "size": "33"}, {"price": "0.07", "size": "15.4"}, {"price": "0.37", "size": "120"}], "asks": [{"price": "0.99", "size": "344.79"}, {"price": "0.98", "size": "26.15"}, {"price": "0.95", "size": "100"}, {"price": "0.94", "size": "38.48"}], "event_type": "book", "last_trade_price": ""}, {"market": "0x21478a9eda4795b21ef6b36dfe588d7b28b4b516c9c9a25005d80d1f1990e07a", "asset_id": "56547025957645419046099124619483344064997524271778931224912952948032844902449", "timestamp": "1769384045976", "hash": "eb895776e3d0bebd3fed4a0b01674315737e5011", "bids": [{"price": "0.01", "size": "7234.13"}, {"price": "0.02", "size": "4157.32"}, {"price": "0.03", "size": "31.66"}, {"price": "0.2", "size": "200"}, {"price": "0.27", "size": "200"}, {"price": "0.34", "size": "100"}, {"price": "0.66", "size": "1390.11"}, {"price": "0.67", "size": "890.11"}, {"price": "0.68", "size": "100"}, {"price": "0.72", "size": "555.54"}], "asks": [{"price": "0.99", "size": "10386.43"}, {"price": "0.98", "size": "49.99"}, {"price": "0.78", "size": "100"}, {"price": "0.77", "size": "1390.11"}, {"price": "0.76", "size": "890.11"}], "event_type": "book", "last_trade_price": ""}, {"market": "0xb18705bc12b4b247251cfbdc70ef5ea35459d1eeeeb0b2db75c121b5b787384e", "asset_id": "18157258742493335082590519979659273580182840843918396564069057423878518658064", "timestamp": "1769384006868", "hash": "21893c8447285cf3096a295d2ea8a9f322640aed", "bids": [{"price": "0.01", "size": "7339.05"}, {"price": "0.02", "size": "4157.32"}, {"price": "0.03", "size": "5.71"}, {"price": "0.05", "size": "100"}, {"price": "0.06", "size": "33"}, {"price": "0.07", "size": "10.41"}, {"price": "0.2", "size": "200"}, {"price": "0.27", "size": "200"}, {"price": "0.62", "size": "1390.11"}, {"price": "0.63", "size": "890.11"}, {"price": "0.64", "size": "100"}], "asks": [{"price": "0.99", "size": "10486.43"}, {"price": "0.98", "size": "14.33"}, {"price": "0.95", "size": "100"}, {"price": "0.94", "size": "33"}, {"price": "0.93", "size": "10.19"}, {"price": "0.74", "size": "100"}, {"price": "0.73", "size": "1390.11"}, {"price": "0.72", "size": "890.11"}], "event_type": "book", "last_trade_price": ""}, {"market": "0xdc0683471c87329bf99644036e55e4193a581937a01acc7216fd69c3bce3cb14", "asset_id": "110087287035707512808128312760767653520937638571107790145381271928645285996630", "timestamp": "1769381484339", "hash": "bca6ce301c1b8e8e7ea8b050ea7b258d3c5f8329", "bids": [{"price": "0.01", "size": "344.79"}, {"price": "0.02", "size": "26.15"}, {"price": "0.05", "size": "100"}, {"price": "0.06", "size": "38.48"}], "asks": [{"price": "0.99", "size": "344.79"}, {"price": "0.98", "size": "26.15"}, {"price": "0.95", "size": "100"}, {"price": "0.94", "size": "38.48"}, {"price": "0.93", "size": "5.47"}], "event_type": "book", "last_trade_price": ""}, {"market": "0x21478a9eda4795b21ef6b36dfe588d7b28b4b516c9c9a25005d80d1f1990e07a", "asset_id": "7116510953894574046149959763012809728780191305039938095921645635539451683015", "timestamp": "1769384045976", "hash": "6ea07e92f57b030584f646d034558e2bdd5c03f0", "bids": [{"price": "0.01", "size": "10386.43"}, {"price": "0.02", "size": "49.99"}, {"price": "0.22", "size": "100"}, {"price": "0.23", "size": "1390.11"}, {"price": "0.24", "size": "890.11"}], "asks": [{"price": "0.99", "size": "7234.13"}, {"price": "0.98", "size": "4157.32"}, {"price": "0.97", "size": "31.66"}, {"price": "0.8", "size": "200"}, {"price": "0.73", "size": "200"}, {"price": "0.66", "size": "100"}, {"price": "0.34", "size": "1390.11"}, {"price": "0.33", "size": "890.11"}, {"price": "0.32", "size": "100"}, {"price": "0.28", "size": "555.54"}], "event_type": "book", "last_trade_price": ""}, {"market": "0x308d63caa82cbea1724ef5f553cc58746b4961a249f532bcd348bf1dcd7d1481", "asset_id": "55525688743544646903925873519970646229929512568670787069179430303507716488588", "timestamp": "1769384047058", "hash": "1fae79c9832d599bed0d3cc9b11e59aca4cf8c3a", "bids": [{"price": "0.01", "size": "9038.85"}, {"price": "0.02", "size": "2100"}, {"price": "0.03", "size": "9.12"}, {"price": "0.05", "size": "50"}, {"price": "0.06", "size": "33"}, {"price": "0.07", "size": "1700"}, {"price": "0.08", "size": "4172.32"}, {"price": "0.09", "size": "100"}, {"price": "0.1", "size": "700"}, {"price": "0.11", "size": "5.71"}, {"price": "0.2", "size": "400"}, {"price": "0.27", "size": "200"}, {"price": "0.34", "size": "100"}, {"price": "0.5", "size": "20"}, {"price": "0.62", "size": "151"}, {"price": "0.73", "size": "1890.11"}, {"price": "0.74", "size": "890.11"}, {"price": "0.75", "size": "15"}, {"price": "0.76", "size": "113.76"}, {"price": "0.77", "size": "33"}, {"price": "0.78", "size": "44.77"}, {"price": "0.8", "size": "5"}], "asks": [{"price": "0.99", "size": "287.38"}, {"price": "0.98", "size": "4463.88"}, {"price": "0.97", "size": "5.56"}, {"price": "0.96", "size": "146.7"}, {"price": "0.86", "size": "115"}, {"price": "0.84", "size": "1890.11"}, {"price": "0.83", "size": "890.11"}, {"price": "0.81", "size": "115.07"}], "event_type": "book", "last_trade_price": "0.190"}, {"market": "0x4596995ba5c1143eb024cd19b648a13a560d619469ee2801a0731eac1496f71c", "asset_id": "72924982117647498116945443519660964053965655312404924908951453050812570473090", "timestamp": "1769384006868", "hash": "875a34a309d9036bd0550fd79acfa274f6754ad2", "bids": [{"price": "0.01", "size": "10536.43"}, {"price": "0.02", "size": "14.37"}, {"price": "0.05", "size": "100"}, {"price": "0.06", "size": "33"}, {"price": "0.07", "size": "10.18"}, {"price": "0.26", "size": "100"}, {"price": "0.27", "size": "1390.11"}, {"price": "0.28", "size": "890.11"}], "asks": [{"price": "0.99", "size": "7439.05"}, {"price": "0.98", "size": "4157.32"}, {"price": "0.97", "size": "5.71"}, {"price": "0.95", "size": "100"}, {"price": "0.94", "size": "33"}, {"price": "0.93", "size": "10.41"}, {"price": "0.8", "size": "200"}, {"price": "0.73", "size": "200"}, {"price": "0.38", "size": "1390.11"}, {"price": "0.37", "size": "890.11"}, {"price": "0.36", "size": "100"}], "event_type": "book", "last_trade_price": "0.280"}, {"market": "0x37a2a8f43108504d768012984de442ad727183c192ea4282bf22c28f467d1ae9", "asset_id": "89570350404509332697294156260294498845013165173832862565969838165211473744715", "timestamp": "1769384006773", "hash": "4015700fd9f61ab6199b45d7680096ac5ef2945a", "bids": [{"price": "0.01", "size": "7439.05"}, {"price": "0.02", "size": "4157.32"}, {"price": "0.03", "size": "5.71"}, {"price": "0.05", "size": "100"}, {"price": "0.06", "size": "33"}, {"price": "0.07", "size": "10.41"}, {"price": "0.2", "size": "200"}, {"price": "0.27", "size": "200"}, {"price": "0.62", "size": "1390.11"}, {"price": "0.63", "size": "890.11"}, {"price": "0.64", "size": "100"}], "asks": [{"price": "0.99", "size": "10586.43"}, {"price": "0.98", "size": "13.21"}, {"price": "0.95", "size": "100"}, {"price": "0.94", "size": "33"}, {"price": "0.93", "size": "10.51"}, {"price": "0.74", "size": "100"}, {"price": "0.73", "size": "1390.11"}, {"price": "0.72", "size": "890.11"}], "event_type": "book", "last_trade_price": ""}, {"market": "0xd336d08c566160ba048982cd3bcb6e7ec713ea9336a92446bc34f493f77842df", "asset_id": "93400981758791869645785192203990808057568260315269629518036730084578020466243", "timestamp": "1769384007044", "hash": "30496eeff09beab96d11557e7bbbfbd4d95eaaca", "bids": [{"price": "0.01", "size": "8129.56"}, {"price": "0.02", "size": "5047.43"}, {"price": "0.03", "size": "919.99"}, {"price": "0.35", "size": "100"}, {"price": "0.36", "size": "500"}], "asks": [{"price": "0.99", "size": "7234.28"}, {"price": "0.98", "size": "4157.32"}, {"price": "0.97", "size": "31.6"}, {"price": "0.8", "size": "200"}, {"price": "0.46", "size": "1390.11"}, {"price": "0.45", "size": "990.11"}], "event_type": "book", "last_trade_price": ""}, {"market": "0xb18705bc12b4b247251cfbdc70ef5ea35459d1eeeeb0b2db75c121b5b787384e", "asset_id": "64706969525609814186270748812897873216756103384689804342678233310436054755856", "timestamp": "1769384006868", "hash": "2cb882fd02ef20146dc2d301082a3d893618cdb4", "bids": [{"price": "0.01", "size": "10486.43"}, {"price": "0.02", "size": "14.33"}, {"price": "0.05", "size": "100"}, {"price": "0.06", "size": "33"}, {"price": "0.07", "size": "10.19"}, {"price": "0.26", "size": "100"}, {"price": "0.27", "size": "1390.11"}, {"price": "0.28", "size": "890.11"}], "asks": [{"price": "0.99", "size": "7339.05"}, {"price": "0.98", "size": "4157.32"}, {"price": "0.97", "size": "5.71"}, {"price": "0.95", "size": "100"}, {"price": "0.94", "size": "33"}, {"price": "0.93", "size": "10.41"}, {"price": "0.8", "size": "200"}, {"price": "0.73", "size": "200"}, {"price": "0.38", "size": "1390.11"}, {"price": "0.37", "size": "890.11"}, {"price": "0.36", "size": "100"}], "event_type": "book", "last_trade_price": ""}, {"market": "0xdc0683471c87329bf99644036e55e4193a581937a01acc7216fd69c3bce3cb14", "asset_id": "80782693109112814243189957470495269425314786352910229320825614451564145986780", "timestamp": "1769381484339", "hash": "9a9a5d68e0885ba5ffca5d76dfd697b3f3d6701b", "bids": [{"price": "0.01", "size": "344.79"}, {"price": "0.02", "size": "26.15"}, {"price": "0.05", "size": "100"}, {"price": "0.06", "size": "38.48"}, {"price": "0.07", "size": "5.47"}], "asks": [{"price": "0.99", "size": "344.79"}, {"price": "0.98", "size": "26.15"}, {"price": "0.95", "size": "100"}, {"price": "0.94", "size": "38.48"}], "event_type": "book", "last_trade_price": ""}, {"market": "0x4596995ba5c1143eb024cd19b648a13a560d619469ee2801a0731eac1496f71c", "asset_id": "64060812829424665171585620366786220342059168747392044980810273902188468128252", "timestamp": "1769384006868", "hash": "38c708c2b0c6a3919df7849195c5cd92f08318de", "bids": [{"price": "0.01", "size": "7439.05"}, {"price": "0.02", "size": "4157.32"}, {"price": "0.03", "size": "5.71"}, {"price": "0.05", "size": "100"}, {"price": "0.06", "size": "33"}, {"price": "0.07", "size": "10.41"}, {"price": "0.2", "size": "200"}, {"price": "0.27", "size": "200"}, {"price": "0.62", "size": "1390.11"}, {"price": "0.63", "size": "890.11"}, {"price": "0.64", "size": "100"}], "asks": [{"price": "0.99", "size": "10536.43"}, {"price": "0.98", "size": "14.37"}, {"price": "0.95", "size": "100"}, {"price": "0.94", "size": "33"}, {"price": "0.93", "size": "10.18"}, {"price": "0.74", "size": "100"}, {"price": "0.73", "size": "1390.11"}, {"price": "0.72", "size": "890.11"}], "event_type": "book", "last_trade_price": "0.280"}, {"market": "0xd336d08c566160ba048982cd3bcb6e7ec713ea9336a92446bc34f493f77842df", "asset_id": "89728433461109893353350426686433550158491124286474351310639172869545460692870", "timestamp": "1769384007044", "hash": "8476aa6bf79b4b80a96bdb07f67badd7f819c770", "bids": [{"price": "0.01", "size": "7234.28"}, {"price": "0.02", "size": "4157.32"}, {"price": "0.03", "size": "31.6"}, {"price": "0.2", "size": "200"}, {"price": "0.54", "size": "1390.11"}, {"price": "0.55", "size": "990.11"}], "asks": [{"price": "0.99", "size": "8129.56"}, {"price": "0.98", "size": "5047.43"}, {"price": "0.97", "size": "919.99"}, {"price": "0.65", "size": "100"}, {"price": "0.64", "size": "500"}], "event_type": "book", "last_trade_price": ""}, {"market": "0x308d63caa82cbea1724ef5f553cc58746b4961a249f532bcd348bf1dcd7d1481", "asset_id": "62431806276539591033590335100897678655126372979579504591646273319200453103179", "timestamp": "1769384047058", "hash": "9530ee06868a860d68df1b6581255f22e4028991", "bids": [{"price": "0.01", "size": "287.38"}, {"price": "0.02", "size": "4463.88"}, {"price": "0.03", "size": "5.56"}, {"price": "0.04", "size": "146.7"}, {"price": "0.14", "size": "115"}, {"price": "0.16", "size": "1890.11"}, {"price": "0.17", "size": "890.11"}, {"price": "0.19", "size": "115.07"}], "asks": [{"price": "0.99", "size": "9038.85"}, {"price": "0.98", "size": "2100"}, {"price": "0.97", "size": "9.12"}, {"price": "0.95", "size": "50"}, {"price": "0.94", "size": "33"}, {"price": "0.93", "size": "1700"}, {"price": "0.92", "size": "4172.32"}, {"price": "0.91", "size": "100"}, {"price": "0.9", "size": "700"}, {"price": "0.89", "size": "5.71"}, {"price": "0.8", "size": "400"}, {"price": "0.73", "size": "200"}, {"price": "0.66", "size": "100"}, {"price": "0.5", "size": "20"}, {"price": "0.38", "size": "151"}, {"price": "0.27", "size": "1890.11"}, {"price": "0.26", "size": "890.11"}, {"price": "0.25", "size": "15"}, {"price": "0.24", "size": "113.76"}, {"price": "0.23", "size": "33"}, {"price": "0.22", "size": "44.77"}, {"price": "0.2", "size": "5"}], "event_type": "book", "last_trade_price": "0.190"}]}
{"_local_timestamp": "2026-01-25T23:34:13.925757+00:00", "data": {"market": "0x21478a9eda4795b21ef6b36dfe588d7b28b4b516c9c9a25005d80d1f1990e07a", "price_changes": [{"asset_id": "56547025957645419046099124619483344064997524271778931224912952948032844902449", "price": "0.72", "size": "0", "side": "BUY", "hash": "1c25072af721fc150ccb6f0ed82613440c1d1a12", "best_bid": "0.68", "best_ask": "0.76"}, {"asset_id": "7116510953894574046149959763012809728780191305039938095921645635539451683015", "price": "0.28", "size": "0", "side": "SELL", "hash": "e99e203aa92c591ae848ba63ec1fd3b0419e7216", "best_bid": "0.24", "best_ask": "0.32"}], "timestamp": "1769384053857", "event_type": "price_change"}}
