{"_local_timestamp": "2026-01-25T23:34:23.800678+00:00", "data": [{"market": "0x075644373ee9b10679b5d9c4133202c8f537206eeb456073f0147455ceb1ccfb", "asset_id": "96286079885758953696615284399030269817415728790134813853112424523816811502470", "timestamp": "1769384061841", "hash": "cfdfed88480cb64e2d74d9568c36b0f13348254c", "bids": [{"price": "0.01", "size": "280"}, {"price": "0.02", "size": "513.13"}, {"price": "0.03", "size": "1090.11"}, {"price": "0.04", "size": "896.05"}, {"price": "0.05", "size": "250"}, {"price": "0.06", "size": "8.32"}, {"price": "0.09", "size": "261"}], "asks": [{"price": "0.99", "size": "8888.8"}, {"price": "0.98", "size": "1000"}, {"price": "0.97", "size": "1100"}, {"price": "0.96", "size": "6.81"}, {"price": "0.93", "size": "1700"}, {"price": "0.9", "size": "300"}, {"price": "0.89", "size": "5.73"}, {"price": "0.88", "size": "700"}, {"price": "0.87", "size": "4157.32"}, {"price": "0.86", "size": "300"}, {"price": "0.67", "size": "300"}, {"price": "0.63", "size": "1090.11"}, {"price": "0.62", "size": "890.11"}, {"price": "0.6", "size": "125"}, {"price": "0.57", "size": "75"}, {"price": "0.5", "size": "10"}, {"price": "0.2", "size": "150"}, {"price": "0.19", "size": "56.73"}], "event_type": "book", "last_trade_price": "0.810"}, {"market": "0x075644373ee9b10679b5d9c4133202c8f537206eeb456073f0147455ceb1ccfb", "asset_id": "52615588191460470438968831832569300660020698058311540467884028012774443701200", "timestamp": "1769384061841", "hash": "2a029055630bfdaacfac58880b1d4541f6e491fc", "bids": [{"price": "0.01", "size": "8888.8"}, {"price": "0.02", "size": "1000"}, {"price": "0.03", "size": "1100"}, {"price": "0.04", "size": "6.81"}, {"price": "0.07", "size": "1700"}, {"price": "0.1", "size": "300"}, {"price": "0.11", "size": "5.73"}, {"price": "0.12", "size": "700"}, {"price": "0.13", "size": "4157.32"}, {"price": "0.14", "size": "300"}, {"price": "0.33", "size": "300"}, {"price": "0.37", "size": "1090.11"}, {"price": "0.38", "size": "890.11"}, {"price": "0.4", "size": "125"}, {"price": "0.43", "size": "75"}, {"price": "0.5", "size": "10"}, {"price": "0.8", "size": "150"}, {"price": "0.81", "size": "56.73"}], "asks": [{"price": "0.99", "size": "280"}, {"price": "0.98", "size": "513.13"}, {"price": "0.97", "size": "1090.11"}, {"price": "0.96", "size": "896.05"}, {"price": "0.95", "size": "250"}, {"price": "0.94", "size": "8.32"}, {"price": "0.91", "size": "261"}], "event_type": "book", "last_trade_price": "0.810"}]}
{"_local_timestamp": "2026-01-25T23:34:29.454780+00:00", "data": {"market": "0x075644373ee9b10679b5d9c4133202c8f537206eeb456073f0147455ceb1ccfb", "price_changes": [{"asset_id": "52615588191460470438968831832569300660020698058311540467884028012774443701200", "price": "0.12", "size": "600", "side": "BUY", "hash": "af507a650aa8ac035ff141d95829c32da8430034", "best_bid": "0.81", "best_ask": "0.91"}, {"asset_id": "96286079885758953696615284399030269817415728790134813853112424523816811502470", "price": "0.88", "size": "600", "side": "SELL", "hash": "21cec5e7d0504bcef9f5364a7b27a66080e349c6", "best_bid": "0.09", "best_ask": "0.19"}], "timestamp": "1769384069205", "event_type": "price_change"}}
{"_local_timestamp": "2026-01-25T23:34:29.721891+00:00", "data": {"market": "0x075644373ee9b10679b5d9c4133202c8f537206eeb456073f0147455ceb1ccfb", "price_changes": [{"asset_id": "52615588191460470438968831832569300660020698058311540467884028012774443701200", "price": "0.08", "size": "100", "side": "BUY", "hash": "78d9819d924a3f6b2f946ea44035c135c6f08818", "best_bid": "0.81", "best_ask": "0.91"}, {"asset_id": "96286079885758953696615284399030269817415728790134813853112424523816811502470", "price": "0.92", "size": "100", "side": "SELL", "hash": "f3391148fdef561ecbc96836865bd141841aac40", "best_bid": "0.09", "best_ask": "0.19"}], "timestamp": "1769384069496", "event_type": "price_change"}}
{"_local_timestamp": "2026-01-25T23:34:30.216856+00:00", "data": {"market": "0x075644373ee9b10679b5d9c4133202c8f537206eeb456073f0147455ceb1ccfb", "price_changes": [{"asset_id": "52615588191460470438968831832569300660020698058311540467884028012774443701200", "price": "0.12", "size": "200", "side": "BUY", "hash": "3e0d84573eccf7c0a7af251d6669d7becab0eb45", "best_bid": "0.81", "best_ask": "0.91"}, {"asset_id": "96286079885758953696615284399030269817415728790134813853112424523816811502470", "price": "0.88", "size": "200", "side": "SELL", "hash": "234275bc1db928b65ffe10006f88962b440ba6c5", "best_bid": "0.09", "best_ask": "0.19"}], "timestamp": "1769384069842", "event_type": "price_change"}}
{"_local_timestamp": "2026-01-25T23:34:30.217641+00:00", "data": {"market": "0x075644373ee9b10679b5d9c4133202c8f537206eeb456073f0147455ceb1ccfb", "price_changes": [{"asset_id": "52615588191460470438968831832569300660020698058311540467884028012774443701200", "price": "0.14", "size": "100", "side": "BUY", "hash": "3e0d84573eccf7c0a7af251d6669d7becab0eb45", "best_bid": "0.81", "best_ask": "0.91"}, {"asset_id": "96286079885758953696615284399030269817415728790134813853112424523816811502470", "price": "0.86", "size": "100", "side": "SELL", "hash": "234275bc1db928b65ffe10006f88962b440ba6c5", "best_bid": "0.09", "best_ask": "0.19"}], "timestamp": "1769384069842", "event_type": "price_change"}}
{"_local_timestamp": "2026-01-25T23:34:30.407998+00:00", "data": {"market": "0x075644373ee9b10679b5d9c4133202c8f537206eeb456073f0147455ceb1ccfb", "price_changes": [{"asset_id": "52615588191460470438968831832569300660020698058311540467884028012774443701200", "price": "0.08", "size": "990.11", "side": "BUY", "hash": "948ca7f6560fbb0c29b5ddd7da8d4b5997bf2e04", "best_bid": "0.81", "best_ask": "0.91"}, {"asset_id": "96286079885758953696615284399030269817415728790134813853112424523816811502470", "price": "0.92", "size": "990.11", "side": "SELL", "hash": "d7928317b04ab33cf463bf058a6f27d2d6865ba8", "best_bid": "0.09", "best_ask": "0.19"}], "timestamp": "1769384070082", "event_type": "price_change"}}
{"_local_timestamp": "2026-01-25T23:34:30.442788+00:00", "data": {"market": "0x075644373ee9b10679b5d9c4133202c8f537206eeb456073f0147455ceb1ccfb", "price_changes": [{"asset_id": "52615588191460470438968831832569300660020698058311540467884028012774443701200", "price": "0.15", "size": "200", "side": "BUY", "hash": "88a36dd15e357c6e7beb4c886c28b50a48ff8efc", "best_bid": "0.81", "best_ask": "0.91"}, {"asset_id": "96286079885758953696615284399030269817415728790134813853112424523816811502470", "price": "0.85", "size": "200", "side": "SELL", "hash": "ca546de57393ca976b335cf970dd90e23d09f3f6", "best_bid": "0.09", "best_ask": "0.19"}], "timestamp": "1769384070113", "event_type": "price_change"}}
{"_local_timestamp": "2026-01-25T23:34:30.453693+00:00", "data": {"market": "0x075644373ee9b10679b5d9c4133202c8f537206eeb456073f0147455ceb1ccfb", "price_changes": [{"asset_id": "52615588191460470438968831832569300660020698058311540467884028012774443701200", "price": "0.08", "size": "1390.11", "side": "BUY", "hash": "fe593b6ed8ee3bfc5818644c1c87ee974723c2f8", "best_bid": "0.81", "best_ask": "0.91"}, {"asset_id": "96286079885758953696615284399030269817415728790134813853112424523816811502470", "price": "0.92", "size": "1390.11", "side": "SELL", "hash": "58c66a0c7f68401459b265cc807febe6f68e4d8c", "best_bid": "0.09", "best_ask": "0.19"}], "timestamp": "1769384070114", "event_type": "price_change"}}
{"_local_timestamp": "2026-01-25T23:34:30.586857+00:00", "data": {"market": "0x075644373ee9b10679b5d9c4133202c8f537206eeb456073f0147455ceb1ccfb", "price_changes": [{"asset_id": "52615588191460470438968831832569300660020698058311540467884028012774443701200", "price": "0.08", "size": "2660.21", "side": "BUY", "hash": "a9001f372cd142488e85e55f6805c7392bf41423", "best_bid": "0.81", "best_ask": "0.91"}, {"asset_id": "96286079885758953696615284399030269817415728790134813853112424523816811502470", "price": "0.92", "size": "2660.21", "side": "SELL", "hash": "2c1cd1644ca7bdbc8b0851b9948c7937ae350391", "best_bid": "0.09", "best_ask": "0.19"}], "timestamp": "1769384070258", "event_type": "price_change"}}
{"_local_timestamp": "2026-01-25T23:34:30.588181+00:00", "data": {"market": "0x075644373ee9b10679b5d9c4133202c8f537206eeb456073f0147455ceb1ccfb", "price_changes": [{"asset_id": "52615588191460470438968831832569300660020698058311540467884028012774443701200", "price": "0.08", "size": "4657.32", "side": "BUY", "hash": "46f9a07173e5ee7d3d57134be56133f38fd74a87", "best_bid": "0.81", "best_ask": "0.91"}, {"asset_id": "96286079885758953696615284399030269817415728790134813853112424523816811502470", "price": "0.92", "size": "4657.32", "side": "SELL", "hash": "51c1c4e48d972fc8e72794314158190d961a59e8", "best_bid": "0.09", "best_ask": "0.19"}], "timestamp": "1769384070259", "event_type": "price_change"}}
{"_local_timestamp": "2026-01-25T23:34:31.961511+00:00", "data": {"market": "0x075644373ee9b10679b5d9c4133202c8f537206eeb456073f0147455ceb1ccfb", "price_changes": [{"asset_id": "52615588191460470438968831832569300660020698058311540467884028012774443701200", "price": "0.12", "size": "100", "side": "BUY", "hash": "6fc60d41988eb029793b9d5b42f4f3545314acb0", "best_bid": "0.81", "best_ask": "0.91"}, {"asset_id": "96286079885758953696615284399030269817415728790134813853112424523816811502470", "price": "0.88", "size": "100", "side": "SELL", "hash": "4f3b3aafd06695c5a0d48bb8ce118bcb3464512a", "best_bid": "0.09", "best_ask": "0.19"}], "timestamp": "1769384071737", "event_type": "price_change"}}
{"_local_timestamp": "2026-01-25T23:34:32.400945+00:00", "data": {"market": "0x075644373ee9b10679b5d9c4133202c8f537206eeb456073f0147455ceb1ccfb", "price_changes": [{"asset_id": "52615588191460470438968831832569300660020698058311540467884028012774443701200", "price": "0.08", "size": "4757.32", "side": "BUY", "hash": "dd4aff631ee48b90a50c0339fb247de884e40b69", "best_bid": "0.81", "best_ask": "0.91"}, {"asset_id": "96286079885758953696615284399030269817415728790134813853112424523816811502470", "price": "0.92", "size": "4757.32", "side": "SELL", "hash": "ba7eea740b2be4e046f5a045fdec4b22cedb2afb", "best_bid": "0.09", "best_ask": "0.19"}], "timestamp": "1769384072119", "event_type": "price_change"}}
{"_local_timestamp": "2026-01-25T23:34:42.913267+00:00", "data": {"market": "0x075644373ee9b10679b5d9c4133202c8f537206eeb456073f0147455ceb1ccfb", "price_changes": [{"asset_id": "52615588191460470438968831832569300660020698058311540467884028012774443701200", "price": "0.14", "size": "0", "side": "BUY", "hash": "6cae58350b41038c84f72c1142e8bd462de958e6", "best_bid": "0.81", "best_ask": "0.91"}, {"asset_id": "96286079885758953696615284399030269817415728790134813853112424523816811502470", "price": "0.86", "size": "0", "side": "SELL", "hash": "7e4efec1d9cc49da8b8d68890ab4bab73ed4b93f", "best_bid": "0.09", "best_ask": "0.19"}], "timestamp": "1769384082842", "event_type": "price_change"}}
{"_local_timestamp": "2026-01-25T23:34:42.971037+00:00", "data": {"market": "0x075644373ee9b10679b5d9c4133202c8f537206eeb456073f0147455ceb1ccfb", "price_changes": [{"asset_id": "52615588191460470438968831832569300660020698058311540467884028012774443701200", "price": "0.13", "size": "0", "side": "BUY", "hash": "0f608ff7bddef6616661f1df7a578a1fbddbd40a", "best_bid": "0.81", "best_ask": "0.91"}, {"asset_id": "96286079885758953696615284399030269817415728790134813853112424523816811502470", "price": "0.87", "size": "0", "side": "SELL", "hash": "c8049de18b761706ac853118c6bac21924839844", "best_bid": "0.09", "best_ask": "0.19"}], "timestamp": "1769384082899", "event_type": "price_change"}}
{"_local_timestamp": "2026-01-25T23:34:42.971533+00:00", "data": {"market": "0x075644373ee9b10679b5d9c4133202c8f537206eeb456073f0147455ceb1ccfb", "price_changes": [{"asset_id": "52615588191460470438968831832569300660020698058311540467884028012774443701200", "price": "0.08", "size": "600", "side": "BUY", "hash": "0f608ff7bddef6616661f1df7a578a1fbddbd40a", "best_bid": "0.81", "best_ask": "0.91"}, {"asset_id": "96286079885758953696615284399030269817415728790134813853112424523816811502470", "price": "0.92", "size": "600", "side": "SELL", "hash": "c8049de18b761706ac853118c6bac21924839844", "best_bid": "0.09", "best_ask": "0.19"}], "timestamp": "1769384082899", "event_type": "price_change"}}
{"_local_timestamp": "2026-01-25T23:34:43.041989+00:00", "data": {"market": "0x075644373ee9b10679b5d9c4133202c8f537206eeb456073f0147455ceb1ccfb", "price_changes": [{"asset_id": "52615588191460470438968831832569300660020698058311540467884028012774443701200", "price": "0.09", "size": "1270.1", "side": "BUY", "hash": "0227d6e1a1fe0e677feee7f732be1af20c4b25de", "best_bid": "0.81", "best_ask": "0.91"}, {"asset_id": "96286079885758953696615284399030269817415728790134813853112424523816811502470", "price": "0.91", "size": "1270.1", "side": "SELL", "hash": "32d687f951c03d4360782bcb8b6349196141f112", "best_bid": "0.09", "best_ask": "0.19"}], "timestamp": "1769384082971", "event_type": "price_change"}}
{"_local_timestamp": "2026-01-25T23:34:43.042452+00:00", "data": {"market": "0x075644373ee9b10679b5d9c4133202c8f537206eeb456073f0147455ceb1ccfb", "price_changes": [{"asset_id": "52615588191460470438968831832569300660020698058311540467884028012774443701200", "price": "0.09", "size": "7269.21", "side": "BUY", "hash": "10296fc15a87b5c91fd8c6126fd91d8ae21cf7b9", "best_bid": "0.81", "best_ask": "0.91"}, {"asset_id": "96286079885758953696615284399030269817415728790134813853112424523816811502470", "price": "0.91", "size": "7269.21", "side": "SELL", "hash": "1ef7145ef39569d4f3f54bb9768851d9966d4a14", "best_bid": "0.09", "best_ask": "0.19"}], "timestamp": "1769384082972", "event_type": "price_change"}}
{"_local_timestamp": "2026-01-25T23:34:43.043626+00:00", "data": {"market": "0x075644373ee9b10679b5d9c4133202c8f537206eeb456073f0147455ceb1ccfb", "price_changes": [{"asset_id": "52615588191460470438968831832569300660020698058311540467884028012774443701200", "price": "0.09", "size": "8159.32", "side": "BUY", "hash": "1a2d0d6abe601fa66c104db53536dc7bde190c3d", "best_bid": "0.81", "best_ask": "0.91"}, {"asset_id": "96286079885758953696615284399030269817415728790134813853112424523816811502470", "price": "0.91", "size": "8159.32", "side": "SELL", "hash": "19fe21fc36e9c07882b4a28e1cd241ed8aa07e42", "best_bid": "0.09", "best_ask": "0.19"}], "timestamp": "1769384082973", "event_type": "price_change"}}
{"_local_timestamp": "2026-01-25T23:34:43.043939+00:00", "data": {"market": "0x075644373ee9b10679b5d9c4133202c8f537206eeb456073f0147455ceb1ccfb", "price_changes": [{"asset_id": "52615588191460470438968831832569300660020698058311540467884028012774443701200", "price": "0.09", "size": "10156.43", "side": "BUY", "hash": "50c7aed8181080a4737376003ad4d6f1a0a60a75", "best_bid": "0.81", "best_ask": "0.91"}, {"asset_id": "96286079885758953696615284399030269817415728790134813853112424523816811502470", "price": "0.91", "size": "10156.43", "side": "SELL", "hash": "c41136c503048665b0c1e87b988f00e4186550d0", "best_bid": "0.09", "best_ask": "0.19"}], "timestamp": "1769384082973", "event_type": "price_change"}}
{"_local_timestamp": "2026-01-25T23:34:43.166990+00:00", "data": {"market": "0x075644373ee9b10679b5d9c4133202c8f537206eeb456073f0147455ceb1ccfb", "price_changes": [{"asset_id": "52615588191460470438968831832569300660020698058311540467884028012774443701200", "price": "0.15", "size": "300", "side": "BUY", "hash": "bcbfa0095b7dfccb265519ea47a700129061e193", "best_bid": "0.81", "best_ask": "0.91"}, {"asset_id": "96286079885758953696615284399030269817415728790134813853112424523816811502470", "price": "0.85", "size": "300", "side": "SELL", "hash": "ecae53fb7cbc26fa2d01eec48a99cfa77ddaf17b", "best_bid": "0.09", "best_ask": "0.19"}], "timestamp": "1769384083073", "event_type": "price_change"}}
{"_local_timestamp": "2026-01-25T23:34:50.308690+00:00", "data": {"market": "0x075644373ee9b10679b5d9c4133202c8f537206eeb456073f0147455ceb1ccfb", "price_changes": [{"asset_id": "52615588191460470438968831832569300660020698058311540467884028012774443701200", "price": "0.12", "size": "0", "side": "BUY", "hash": "42781b65b5be44623875c5e3cc8277ebb05cde26", "best_bid": "0.81", "best_ask": "0.91"}, {"asset_id": "96286079885758953696615284399030269817415728790134813853112424523816811502470", "price": "0.88", "size": "0", "side": "SELL", "hash": "4d876a8df6efb2defc673365ab00fc214d59f087", "best_bid": "0.09", "best_ask": "0.19"}], "timestamp": "1769384090191", "event_type": "price_change"}}
{"_local_timestamp": "2026-01-25T23:34:50.396069+00:00", "data": {"market": "0x075644373ee9b10679b5d9c4133202c8f537206eeb456073f0147455ceb1ccfb", "price_changes": [{"asset_id": "52615588191460470438968831832569300660020698058311540467884028012774443701200", "price": "0.09", "size": "4157.32", "side": "BUY", "hash": "fdd88c926eef77d1fab15e05c0c9d6e03879cd4f", "best_bid": "0.81", "best_ask": "0.91"}, {"asset_id": "96286079885758953696615284399030269817415728790134813853112424523816811502470", "price": "0.91", "size": "4157.32", "side": "SELL", "hash": "402316147b90a25106c5e1f218c03c23491c8687", "best_bid": "0.09", "best_ask": "0.19"}], "timestamp": "1769384090237", "event_type": "price_change"}}
{"_local_timestamp": "2026-01-25T23:34:50.616451+00:00", "data": {"market": "0x075644373ee9b10679b5d9c4133202c8f537206eeb456073f0147455ceb1ccfb", "price_changes": [{"asset_id": "52615588191460470438968831832569300660020698058311540467884028012774443701200", "price": "0.13", "size": "100", "side": "BUY", "hash": "1351d83f04b69d13ecdecf5816f76044f7556996", "best_bid": "0.81", "best_ask": "0.91"}, {"asset_id": "96286079885758953696615284399030269817415728790134813853112424523816811502470", "price": "0.87", "size": "100", "side": "SELL", "hash": "eecac5fe24a878f06dd746d6549e074ab8cdea64", "best_bid": "0.09", "best_ask": "0.19"}], "timestamp": "1769384090481", "event_type": "price_change"}}
{"_local_timestamp": "2026-01-25T23:34:51.045366+00:00", "data": {"market": "0x075644373ee9b10679b5d9c4133202c8f537206eeb456073f0147455ceb1ccfb", "price_changes": [{"asset_id": "52615588191460470438968831832569300660020698058311540467884028012774443701200", "price": "0.15", "size": "100", "side": "BUY", "hash": "160563a508b0419cf01b1c8e8229cf60145cdbb7", "best_bid": "0.81", "best_ask": "0.91"}, {"asset_id": "96286079885758953696615284399030269817415728790134813853112424523816811502470", "price": "0.85", "size": "100", "side": "SELL", "hash": "459f630f18d880b311e664d872bfcec3f51d6603", "best_bid": "0.09", "best_ask": "0.19"}], "timestamp": "1769384090657", "event_type": "price_change"}}
{"_local_timestamp": "2026-01-25T23:34:51.045736+00:00", "data": {"market": "0x075644373ee9b10679b5d9c4133202c8f537206eeb456073f0147455ceb1ccfb", "price_changes": [{"asset_id": "52615588191460470438968831832569300660020698058311540467884028012774443701200", "price": "0.08", "size": "200", "side": "BUY", "hash": "160563a508b0419cf01b1c8e8229cf60145cdbb7", "best_bid": "0.81", "best_ask": "0.91"}, {"asset_id": "96286079885758953696615284399030269817415728790134813853112424523816811502470", "price": "0.92", "size": "200", "side": "SELL", "hash": "459f630f18d880b311e664d872bfcec3f51d6603", "best_bid": "0.09", "best_ask": "0.19"}], "timestamp": "1769384090657", "event_type": "price_change"}}
{"_local_timestamp": "2026-01-25T23:34:51.046038+00:00", "data": {"market": "0x075644373ee9b10679b5d9c4133202c8f537206eeb456073f0147455ceb1ccfb", "price_changes": [{"asset_id": "52615588191460470438968831832569300660020698058311540467884028012774443701200", "price": "0.08", "size": "1090.11", "side": "BUY", "hash": "e649a9f5f803225311b188aaeaeca5fd64efd512", "best_bid": "0.81", "best_ask": "0.91"}, {"asset_id": "96286079885758953696615284399030269817415728790134813853112424523816811502470", "price": "0.92", "size": "1090.11", "side": "SELL", "hash": "c309a1b3853e0dd606227219d3f4dc9021b6e7a6", "best_bid": "0.09", "best_ask": "0.19"}], "timestamp": "1769384090722", "event_type": "price_change"}}
{"_local_timestamp": "2026-01-25T23:34:51.046324+00:00", "data": {"market": "0x075644373ee9b10679b5d9c4133202c8f537206eeb456073f0147455ceb1ccfb", "price_changes": [{"asset_id": "52615588191460470438968831832569300660020698058311540467884028012774443701200", "price": "0.08", "size": "3087.22", "side": "BUY", "hash": "a047caa009210f5399573ac7e72f803fa86abd57", "best_bid": "0.81", "best_ask": "0.91"}, {"asset_id": "96286079885758953696615284399030269817415728790134813853112424523816811502470", "price": "0.92", "size": "3087.22", "side": "SELL", "hash": "80fabd2dbcc549ea421c894f38a9f8edc50c1b39", "best_bid": "0.09", "best_ask": "0.19"}], "timestamp": "1769384090723", "event_type": "price_change"}}
{"_local_timestamp": "2026-01-25T23:34:51.046639+00:00", "data": {"market": "0x075644373ee9b10679b5d9c4133202c8f537206eeb456073f0147455ceb1ccfb", "price_changes": [{"asset_id": "52615588191460470438968831832569300660020698058311540467884028012774443701200", "price": "0.08", "size": "4357.32", "side": "BUY", "hash": "bc04fb6a973c2294470662fa934d96551180cb3e", "best_bid": "0.81", "best_ask": "0.91"}, {"asset_id": "96286079885758953696615284399030269817415728790134813853112424523816811502470", "price": "0.92", "size": "4357.32", "side": "SELL", "hash": "25222f6fa37f8a37cf85b2072fa348f29c1b8007", "best_bid": "0.09", "best_ask": "0.19"}], "timestamp": "1769384090762", "event_type": "price_change"}}
{"_local_timestamp": "2026-01-25T23:34:51.085638+00:00", "data": {"market": "0x075644373ee9b10679b5d9c4133202c8f537206eeb456073f0147455ceb1ccfb", "price_changes": [{"asset_id": "52615588191460470438968831832569300660020698058311540467884028012774443701200", "price": "0.13", "size": "500", "side": "BUY", "hash": "a5da6a4f26fc867bb695bd99a577a4be048e73d9", "best_bid": "0.81", "best_ask": "0.91"}, {"asset_id": "96286079885758953696615284399030269817415728790134813853112424523816811502470", "price": "0.87", "size": "500", "side": "SELL", "hash": "21c5baaa3d0cc0de2e169a21fe48f3ff94ca3f28", "best_bid": "0.09", "best_ask": "0.19"}], "timestamp": "1769384090939", "event_type": "price_change"}}
{"_local_timestamp": "2026-01-25T23:34:51.094805+00:00", "data": {"market": "0x075644373ee9b10679b5d9c4133202c8f537206eeb456073f0147455ceb1ccfb", "price_changes": [{"asset_id": "52615588191460470438968831832569300660020698058311540467884028012774443701200", "price": "0.14", "size": "200", "side": "BUY", "hash": "e796514d63af004972aaced822728f63ed6b5db1", "best_bid": "0.81", "best_ask": "0.91"}, {"asset_id": "96286079885758953696615284399030269817415728790134813853112424523816811502470", "price": "0.86", "size": "200", "side": "SELL", "hash": "6f1c9b9736f4610812eb52dd88bf0cf06fc92add", "best_bid": "0.09", "best_ask": "0.19"}], "timestamp": "1769384090940", "event_type": "price_change"}}
{"_local_timestamp": "2026-01-25T23:34:56.675416+00:00", "data": {"market": "0x075644373ee9b10679b5d9c4133202c8f537206eeb456073f0147455ceb1ccfb", "price_changes": [{"asset_id": "52615588191460470438968831832569300660020698058311540467884028012774443701200", "price": "0.08", "size": "4257.32", "side": "BUY", "hash": "d7d20a71c105c4cd74649f7980a737a4a35f6f73", "best_bid": "0.81", "best_ask": "0.91"}, {"asset_id": "96286079885758953696615284399030269817415728790134813853112424523816811502470", "price": "0.92", "size": "4257.32", "side": "SELL", "hash": "60466b4181472560196b70a93ca773697563563a", "best_bid": "0.09", "best_ask": "0.19"}], "timestamp": "1769384096592", "event_type": "price_change"}}
{"_local_timestamp": "2026-01-25T23:34:56.749084+00:00", "data": {"market": "0x075644373ee9b10679b5d9c4133202c8f537206eeb456073f0147455ceb1ccfb", "price_changes": [{"asset_id": "52615588191460470438968831832569300660020698058311540467884028012774443701200", "price": "0.09", "size": "890.11", "side": "BUY", "hash": "b1503a9d9b7c6892e67f17cf21b1dfeb824aec65", "best_bid": "0.81", "best_ask": "0.91"}, {"asset_id": "96286079885758953696615284399030269817415728790134813853112424523816811502470", "price": "0.91", "size": "890.11", "side": "SELL", "hash": "af4ed018615c5f2f419c2e3326c0bffef8d8f7b8", "best_bid": "0.09", "best_ask": "0.19"}], "timestamp": "1769384096672", "event_type": "price_change"}}
{"_local_timestamp": "2026-01-25T23:34:56.839019+00:00", "data": {"market": "0x075644373ee9b10679b5d9c4133202c8f537206eeb456073f0147455ceb1ccfb", "price_changes": [{"asset_id": "52615588191460470438968831832569300660020698058311540467884028012774443701200", "price": "0.09", "size": "0", "side": "BUY", "hash": "14f04329f9d6a1737b4b120306be4e0e9f782647", "best_bid": "0.81", "best_ask": "0.91"}, {"asset_id": "96286079885758953696615284399030269817415728790134813853112424523816811502470", "price": "0.91", "size": "0", "side": "SELL", "hash": "605805f12bcde238cd84d46216b3c984955b0975", "best_bid": "0.09", "best_ask": "0.19"}], "timestamp": "1769384096758", "event_type": "price_change"}}
{"_local_timestamp": "2026-01-25T23:34:56.937639+00:00", "data": {"market": "0x075644373ee9b10679b5d9c4133202c8f537206eeb456073f0147455ceb1ccfb", "price_changes": [{"asset_id": "52615588191460470438968831832569300660020698058311540467884028012774443701200", "price": "0.13", "size": "600", "side": "BUY", "hash": "f3381ba7352b880bdab796bc951c85b4dc94d5ea", "best_bid": "0.81", "best_ask": "0.91"}, {"asset_id": "96286079885758953696615284399030269817415728790134813853112424523816811502470", "price": "0.87", "size": "600", "side": "SELL", "hash": "ed4388f2235c5a4c81478e660964c85889603ac4", "best_bid": "0.09", "best_ask": "0.19"}], "timestamp": "1769384096853", "event_type": "price_change"}}
{"_local_timestamp": "2026-01-25T23:34:56.957729+00:00", "data": {"market": "0x075644373ee9b10679b5d9c4133202c8f537206eeb456073f0147455ceb1ccfb", "price_changes": [{"asset_id": "52615588191460470438968831832569300660020698058311540467884028012774443701200", "price": "0.1", "size": "2297.11", "side": "BUY", "hash": "f4471297773adc2c4ac7db10f9170dda573f5cdc", "best_bid": "0.81", "best_ask": "0.91"}, {"asset_id": "96286079885758953696615284399030269817415728790134813853112424523816811502470", "price": "0.9", "size": "2297.11", "side": "SELL", "hash": "2a778e1d8d0138071d21c11478a537e26fea7a74", "best_bid": "0.09", "best_ask": "0.19"}], "timestamp": "1769384096884", "event_type": "price_change"}}
{"_local_timestamp": "2026-01-25T23:34:56.961150+00:00", "data": {"market": "0x075644373ee9b10679b5d9c4133202c8f537206eeb456073f0147455ceb1ccfb", "price_changes": [{"asset_id": "52615588191460470438968831832569300660020698058311540467884028012774443701200", "price": "0.1", "size": "3187.22", "side": "BUY", "hash": "ec5f61deea264630a20de8d69f83e5d359d0fb2a", "best_bid": "0.81", "best_ask": "0.91"}, {"asset_id": "96286079885758953696615284399030269817415728790134813853112424523816811502470", "price": "0.9", "size": "3187.22", "side": "SELL", "hash": "5a4bc0a3e7086ee546adf75ff18d610b7589bb4a", "best_bid": "0.09", "best_ask": "0.19"}], "timestamp": "1769384096885", "event_type": "price_change"}}
{"_local_timestamp": "2026-01-25T23:34:56.961692+00:00", "data": {"market": "0x075644373ee9b10679b5d9c4133202c8f537206eeb456073f0147455ceb1ccfb", "price_changes": [{"asset_id": "52615588191460470438968831832569300660020698058311540467884028012774443701200", "price": "0.1", "size": "4457.32", "side": "BUY", "hash": "d015c4cc10c5ef7c1439483aad948ea074e880b1", "best_bid": "0.81", "best_ask": "0.91"}, {"asset_id": "96286079885758953696615284399030269817415728790134813853112424523816811502470", "price": "0.9", "size": "4457.32", "side": "SELL", "hash": "f5b06c05ae64a5a68abe9388ee2a4223684fd82f", "best_bid": "0.09", "best_ask": "0.19"}], "timestamp": "1769384096885", "event_type": "price_change"}}
{"_local_timestamp": "2026-01-25T23:35:01.798831+00:00", "data": {"market": "0x075644373ee9b10679b5d9c4133202c8f537206eeb456073f0147455ceb1ccfb", "price_changes": [{"asset_id": "52615588191460470438968831832569300660020698058311540467884028012774443701200", "price": "0.08", "size": "4157.32", "side": "BUY", "hash": "4a245843ca6dba60990452d3d7de191315c2143a", "best_bid": "0.81", "best_ask": "0.91"}, {"asset_id": "96286079885758953696615284399030269817415728790134813853112424523816811502470", "price": "0.92", "size": "4157.32", "side": "SELL", "hash": "184dba560a52b33ae76bc9858c4bc0b860309ed0", "best_bid": "0.09", "best_ask": "0.19"}], "timestamp": "1769384101730", "event_type": "price_change"}}
{"_local_timestamp": "2026-01-25T23:35:01.896377+00:00", "data": {"market": "0x075644373ee9b10679b5d9c4133202c8f537206eeb456073f0147455ceb1ccfb", "price_changes": [{"asset_id": "52615588191460470438968831832569300660020698058311540467884028012774443701200", "price": "0.14", "size": "2197.11", "side": "BUY", "hash": "997f665fb8686c9529c1ea681091a02f9328413b", "best_bid": "0.81", "best_ask": "0.91"}, {"asset_id": "96286079885758953696615284399030269817415728790134813853112424523816811502470", "price": "0.86", "size": "2197.11", "side": "SELL", "hash": "fd06e0033dbeb5083d3480c76ffb3b3b5ffcc0cb", "best_bid": "0.09", "best_ask": "0.19"}], "timestamp": "1769384101809", "event_type": "price_change"}}
{"_local_timestamp": "2026-01-25T23:35:01.898620+00:00", "data": {"market": "0x075644373ee9b10679b5d9c4133202c8f537206eeb456073f0147455ceb1ccfb", "price_changes": [{"asset_id": "52615588191460470438968831832569300660020698058311540467884028012774443701200", "price": "0.08", "size": "890.11", "side": "BUY", "hash": "81d7d5e11463e6ff104d528409b428e007655374", "best_bid": "0.81", "best_ask": "0.91"}, {"asset_id": "96286079885758953696615284399030269817415728790134813853112424523816811502470", "price": "0.92", "size": "890.11", "side": "SELL", "hash": "7a5782c2eb40477e23679339ef2553f695c52ca7", "best_bid": "0.09", "best_ask": "0.19"}], "timestamp": "1769384101815", "event_type": "price_change"}}
{"_local_timestamp": "2026-01-25T23:35:01.899101+00:00", "data": {"market": "0x075644373ee9b10679b5d9c4133202c8f537206eeb456073f0147455ceb1ccfb", "price_changes": [{"asset_id": "52615588191460470438968831832569300660020698058311540467884028012774443701200", "price": "0.1", "size": "1190.11", "side": "BUY", "hash": "81d7d5e11463e6ff104d528409b428e007655374", "best_bid": "0.81", "best_ask": "0.91"}, {"asset_id": "96286079885758953696615284399030269817415728790134813853112424523816811502470", "price": "0.9", "size": "1190.11", "side": "SELL", "hash": "7a5782c2eb40477e23679339ef2553f695c52ca7", "best_bid": "0.09", "best_ask": "0.19"}], "timestamp": "1769384101815", "event_type": "price_change"}}
{"_local_timestamp": "2026-01-25T23:35:01.950967+00:00", "data": {"market": "0x075644373ee9b10679b5d9c4133202c8f537206eeb456073f0147455ceb1ccfb", "price_changes": [{"asset_id": "52615588191460470438968831832569300660020698058311540467884028012774443701200", "price": "0.14", "size": "3467.21", "side": "BUY", "hash": "2242a49307f8828c047890bf4118b486c7a817e7", "best_bid": "0.81", "best_ask": "0.91"}, {"asset_id": "96286079885758953696615284399030269817415728790134813853112424523816811502470", "price": "0.86", "size": "3467.21", "side": "SELL", "hash": "5734c5bcebd17ed5d0d067a868f838c1c6f84bc1", "best_bid": "0.09", "best_ask": "0.19"}], "timestamp": "1769384101857", "event_type": "price_change"}}
{"_local_timestamp": "2026-01-25T23:35:01.951469+00:00", "data": {"market": "0x075644373ee9b10679b5d9c4133202c8f537206eeb456073f0147455ceb1ccfb", "price_changes": [{"asset_id": "52615588191460470438968831832569300660020698058311540467884028012774443701200", "price": "0.14", "size": "4357.32", "side": "BUY", "hash": "41c4516357b5e63b009361a015b9ea09c4fb842e", "best_bid": "0.81", "best_ask": "0.91"}, {"asset_id": "96286079885758953696615284399030269817415728790134813853112424523816811502470", "price": "0.86", "size": "4357.32", "side": "SELL", "hash": "3b106c7c83a8854f587a5b7f443f437b21ba093c", "best_bid": "0.09", "best_ask": "0.19"}], "timestamp": "1769384101858", "event_type": "price_change"}}
{"_local_timestamp": "2026-01-25T23:35:02.002786+00:00", "data": {"market": "0x075644373ee9b10679b5d9c4133202c8f537206eeb456073f0147455ceb1ccfb", "price_changes": [{"asset_id": "52615588191460470438968831832569300660020698058311540467884028012774443701200", "price": "0.08", "size": "0", "side": "BUY", "hash": "af5bde199aca370cc14ef0aa18cb318a421d5c1e", "best_bid": "0.81", "best_ask": "0.91"}, {"asset_id": "96286079885758953696615284399030269817415728790134813853112424523816811502470", "price": "0.92", "size": "0", "side": "SELL", "hash": "c964bd3f325213016ecf248079f96d9c330fec95", "best_bid": "0.09", "best_ask": "0.19"}], "timestamp": "1769384101917", "event_type": "price_change"}}
{"_local_timestamp": "2026-01-25T23:35:02.003219+00:00", "data": {"market": "0x075644373ee9b10679b5d9c4133202c8f537206eeb456073f0147455ceb1ccfb", "price_changes": [{"asset_id": "52615588191460470438968831832569300660020698058311540467884028012774443701200", "price": "0.1", "size": "300", "side": "BUY", "hash": "af5bde199aca370cc14ef0aa18cb318a421d5c1e", "best_bid": "0.81", "best_ask": "0.91"}, {"asset_id": "96286079885758953696615284399030269817415728790134813853112424523816811502470", "price": "0.9", "size": "300", "side": "SELL", "hash": "c964bd3f325213016ecf248079f96d9c330fec95", "best_bid": "0.09", "best_ask": "0.19"}], "timestamp": "1769384101917", "event_type": "price_change"}}
{"_local_timestamp": "2026-01-25T23:35:02.003645+00:00", "data": {"market": "0x075644373ee9b10679b5d9c4133202c8f537206eeb456073f0147455ceb1ccfb", "price_changes": [{"asset_id": "52615588191460470438968831832569300660020698058311540467884028012774443701200", "price": "0.11", "size": "6004.84", "side": "BUY", "hash": "4b2e7dd2bd3f0085ba4cc5f8a9599e6524a52b6e", "best_bid": "0.81", "best_ask": "0.91"}, {"asset_id": "96286079885758953696615284399030269817415728790134813853112424523816811502470", "price": "0.89", "size": "6004.84", "side": "SELL", "hash": "8b78591755addf6b54ff227ee87924f716b3d6ab", "best_bid": "0.09", "best_ask": "0.19"}], "timestamp": "1769384101918", "event_type": "price_change"}}
{"_local_timestamp": "2026-01-25T23:35:02.108432+00:00", "data": {"market": "0x075644373ee9b10679b5d9c4133202c8f537206eeb456073f0147455ceb1ccfb", "price_changes": [{"asset_id": "52615588191460470438968831832569300660020698058311540467884028012774443701200", "price": "0.13", "size": "700", "side": "BUY", "hash": "a9ef7c7e6580b87bfa2ad7a3fe02650d58633bca", "best_bid": "0.81", "best_ask": "0.91"}, {"asset_id": "96286079885758953696615284399030269817415728790134813853112424523816811502470", "price": "0.87", "size": "700", "side": "SELL", "hash": "cbcbf17d93e0d413c6546b953aecb932f9ab5195", "best_bid": "0.09", "best_ask": "0.19"}], "timestamp": "1769384102000", "event_type": "price_change"}}
{"_local_timestamp": "2026-01-25T23:35:06.817691+00:00", "data": {"market": "0x075644373ee9b10679b5d9c4133202c8f537206eeb456073f0147455ceb1ccfb", "price_changes": [{"asset_id": "52615588191460470438968831832569300660020698058311540467884028012774443701200", "price": "0.15", "size": "0", "side": "BUY", "hash": "4dfa761fcdf002550dcdca1ed10e64b3e92632e6", "best_bid": "0.81", "best_ask": "0.91"}, {"asset_id": "96286079885758953696615284399030269817415728790134813853112424523816811502470", "price": "0.85", "size": "0", "side": "SELL", "hash": "6cceda03fd22f1bfa5d1cb5b370c0c9b111bf9ca", "best_bid": "0.09", "best_ask": "0.19"}], "timestamp": "1769384106753", "event_type": "price_change"}}
{"_local_timestamp": "2026-01-25T23:35:06.893279+00:00", "data": {"market": "0x075644373ee9b10679b5d9c4133202c8f537206eeb456073f0147455ceb1ccfb", "price_changes": [{"asset_id": "52615588191460470438968831832569300660020698058311540467884028012774443701200", "price": "0.11", "size": "5.73", "side": "BUY", "hash": "361bb2e2b84ab41232775b06e954250b4c2efc02", "best_bid": "0.81", "best_ask": "0.91"}, {"asset_id": "96286079885758953696615284399030269817415728790134813853112424523816811502470", "price": "0.89", "size": "5.73", "side": "SELL", "hash": "80128f3b116a07d915c3a47733a4397c6a6826a2", "best_bid": "0.09", "best_ask": "0.19"}], "timestamp": "1769384106818", "event_type": "price_change"}}
{"_local_timestamp": "2026-01-25T23:35:07.061873+00:00", "data": {"market": "0x075644373ee9b10679b5d9c4133202c8f537206eeb456073f0147455ceb1ccfb", "price_changes": [{"asset_id": "52615588191460470438968831832569300660020698058311540467884028012774443701200", "price": "0.14", "size": "4457.32", "side": "BUY", "hash": "8ceccb4da5487031ccbb0d3400519e8bedf3cc5f", "best_bid": "0.81", "best_ask": "0.91"}, {"asset_id": "96286079885758953696615284399030269817415728790134813853112424523816811502470", "price": "0.86", "size": "4457.32", "side": "SELL", "hash": "d9ae670e9d6f6223d48a8bfef727d7647f400aee", "best_bid": "0.09", "best_ask": "0.19"}], "timestamp": "1769384106994", "event_type": "price_change"}}
{"_local_timestamp": "2026-01-25T23:35:12.502593+00:00", "data": {"market": "0x075644373ee9b10679b5d9c4133202c8f537206eeb456073f0147455ceb1ccfb", "price_changes": [{"asset_id": "52615588191460470438968831832569300660020698058311540467884028012774443701200", "price": "0.13", "size": "300", "side": "BUY", "hash": "a55bd39a9f1d2bc84d8e0e8efd5d22e868ebba74", "best_bid": "0.81", "best_ask": "0.91"}, {"asset_id": "96286079885758953696615284399030269817415728790134813853112424523816811502470", "price": "0.87", "size": "300", "side": "SELL", "hash": "c8772994e19b7f2877272cadefd3e3056a263949", "best_bid": "0.09", "best_ask": "0.19"}], "timestamp": "1769384112431", "event_type": "price_change"}}
{"_local_timestamp": "2026-01-25T23:35:12.506071+00:00", "data": {"market": "0x075644373ee9b10679b5d9c4133202c8f537206eeb456073f0147455ceb1ccfb", "price_changes": [{"asset_id": "52615588191460470438968831832569300660020698058311540467884028012774443701200", "price": "0.14", "size": "4257.32", "side": "BUY", "hash": "a55bd39a9f1d2bc84d8e0e8efd5d22e868ebba74", "best_bid": "0.81", "best_ask": "0.91"}, {"asset_id": "96286079885758953696615284399030269817415728790134813853112424523816811502470", "price": "0.86", "size": "4257.32", "side": "SELL", "hash": "c8772994e19b7f2877272cadefd3e3056a263949", "best_bid": "0.09", "best_ask": "0.19"}], "timestamp": "1769384112431", "event_type": "price_change"}}
{"_local_timestamp": "2026-01-25T23:35:12.795263+00:00", "data": {"market": "0x075644373ee9b10679b5d9c4133202c8f537206eeb456073f0147455ceb1ccfb", "price_changes": [{"asset_id": "52615588191460470438968831832569300660020698058311540467884028012774443701200", "price": "0.15", "size": "200", "side": "BUY", "hash": "044ee95ccc8f2e31ba4501cbecc3dc00710914e6", "best_bid": "0.81", "best_ask": "0.91"}, {"asset_id": "96286079885758953696615284399030269817415728790134813853112424523816811502470", "price": "0.85", "size": "200", "side": "SELL", "hash": "071bf6ef680a236e98ed64d7cdfb9c55faf7a566", "best_bid": "0.09", "best_ask": "0.19"}], "timestamp": "1769384112711", "event_type": "price_change"}}
{"_local_timestamp": "2026-01-25T23:35:12.795868+00:00", "data": {"market": "0x075644373ee9b10679b5d9c4133202c8f537206eeb456073f0147455ceb1ccfb", "price_changes": [{"asset_id": "52615588191460470438968831832569300660020698058311540467884028012774443701200", "price": "0.1", "size": "700", "side": "BUY", "hash": "abe702a9931e96e6b2c23bb03ac0f04b63dff6d3", "best_bid": "0.81", "best_ask": "0.91"}, {"asset_id": "96286079885758953696615284399030269817415728790134813853112424523816811502470", "price": "0.9", "size": "700", "side": "SELL", "hash": "7aabefb82f16fc7a1efae5f58ebc1e75572ec1e1", "best_bid": "0.09", "best_ask": "0.19"}], "timestamp": "1769384112712", "event_type": "price_change"}}
{"_local_timestamp": "2026-01-25T23:35:12.858167+00:00", "data": {"market": "0x075644373ee9b10679b5d9c4133202c8f537206eeb456073f0147455ceb1ccfb", "price_changes": [{"asset_id": "52615588191460470438968831832569300660020698058311540467884028012774443701200", "price": "0.08", "size": "890.11", "side": "BUY", "hash": "6f586de587cc1b49ee96c6c59f1544a63876dadd", "best_bid": "0.81", "best_ask": "0.91"}, {"asset_id": "96286079885758953696615284399030269817415728790134813853112424523816811502470", "price": "0.92", "size": "890.11", "side": "SELL", "hash": "2426e05aa4276998b9c89d589d0db319aed2dc68", "best_bid": "0.09", "best_ask": "0.19"}], "timestamp": "1769384112785", "event_type": "price_change"}}
{"_local_timestamp": "2026-01-25T23:35:12.858848+00:00", "data": {"market": "0x075644373ee9b10679b5d9c4133202c8f537206eeb456073f0147455ceb1ccfb", "price_changes": [{"asset_id": "52615588191460470438968831832569300660020698058311540467884028012774443701200", "price": "0.08", "size": "2160.21", "side": "BUY", "hash": "64f348e2957ae55812a56feee9088adb930b2351", "best_bid": "0.81", "best_ask": "0.91"}, {"asset_id": "96286079885758953696615284399030269817415728790134813853112424523816811502470", "price": "0.92", "size": "2160.21", "side": "SELL", "hash": "9a719e18e2ab00353c1015f773344e18b2cca236", "best_bid": "0.09", "best_ask": "0.19"}], "timestamp": "1769384112786", "event_type": "price_change"}}
{"_local_timestamp": "2026-01-25T23:35:13.123675+00:00", "data": {"market": "0x075644373ee9b10679b5d9c4133202c8f537206eeb456073f0147455ceb1ccfb", "price_changes": [{"asset_id": "52615588191460470438968831832569300660020698058311540467884028012774443701200", "price": "0.08", "size": "4157.32", "side": "BUY", "hash": "6954b7c5d4fc871e100d9c57f32f32005b67534c", "best_bid": "0.81", "best_ask": "0.91"}, {"asset_id": "96286079885758953696615284399030269817415728790134813853112424523816811502470", "price": "0.92", "size": "4157.32", "side": "SELL", "hash": "72cf025aaedbc82b309a82c6d7f99e2dfe553f2f", "best_bid": "0.09", "best_ask": "0.19"}], "timestamp": "1769384113021", "event_type": "price_change"}}
