{"_local_timestamp": "2026-01-25T23:34:13.096511+00:00", "data": [{"market": "0x2401a3354060ac23b5062944956a3ea95a21ad155ee141dca22b77b5069cead5", "asset_id": "29809993680420121829041521802470759704351204111817325020401851092919600935989", "timestamp": "1769383980529", "hash": "a19a08d9eb6d1e67a269303cd23bb2fda704db05", "bids": [{"price": "0.01", "size": "11449.21"}, {"price": "0.02", "size": "18.72"}, {"price": "0.03", "size": "1140.11"}, {"price": "0.04", "size": "930.07"}], "asks": [{"price": "0.99", "size": "11431.62"}, {"price": "0.98", "size": "47.46"}, {"price": "0.94", "size": "5.47"}, {"price": "0.93", "size": "5.47"}, {"price": "0.86", "size": "250"}], "event_type": "book", "last_trade_price": ""}, {"market": "0x0727f9f4666484828ee1cc5d250be92a5290ce5a69a20467d77931aed5a95d00", "asset_id": "89219807408614080357426386263610125885671883975534230969322133238697084556538", "timestamp": "1769383979201", "hash": "a140cb461f28933a831692a5d0a9636c4a3c7227", "bids": [{"price": "0.01", "size": "302.04"}, {"price": "0.02", "size": "275.48"}, {"price": "0.03", "size": "18.99"}, {"price": "0.04", "size": "40.39"}], "asks": [{"price": "0.99", "size": "302.04"}, {"price": "0.98", "size": "257.48"}, {"price": "0.97", "size": "18.99"}, {"price": "0.96", "size": "5.47"}], "event_type": "book", "last_trade_price": ""}, {"market": "0x947eda69992ec87be0835dd381d44e014b118a726913d9de83f4af6ca0b5efcf", "asset_id": "18449152278240458640327454535631524659890809526570450948234254399542427812400", "timestamp": "1769383886055", "hash": "25ae2cd333133823bd41f8d4a1a9e8bb1a047cda", "bids": [{"price": "0.01", "size": "293.28"}, {"price": "0.02", "size": "255.94"}, {"price": "0.03", "size": "9.8"}, {"price": "0.06", "size": "12.04"}], "asks": [{"price": "0.99", "size": "302.04"}, {"price": "0.98", "size": "275.48"}, {"price": "0.97", "size": "18.99"}, {"price": "0.96", "size": "29.99"}], "event_type": "book", "last_trade_price": ""}, {"market": "0x96933d51a0f93177040c7572e5b4ae6ca5495cd93a08418af55ade18a8848270", "asset_id": "62678107738722867666510553584045721012525979989359682908746275707554312623850", "timestamp": "1769383983239", "hash": "12655a9605f95b9be821d11a6c4c87d3a58b7084", "bids": [{"price": "0.01", "size": "10550.35"}, {"price": "0.02", "size": "43.03"}, {"price": "0.06", "size": "1140.11"}, {"price": "0.07", "size": "890.11"}], "asks": [{"price": "0.99", "size": "10551.41"}, {"price": "0.98", "size": "42.51"}, {"price": "0.94", "size": "1145.58"}, {"price": "0.93", "size": "895.58"}, {"price": "0.72", "size": "50"}], "event_type": "book", "last_trade_price": ""}, {"market": "0x96933d51a0f93177040c7572e5b4ae6ca5495cd93a08418af55ade18a8848270", "asset_id": "85780962061969591778896600914417302208590704743957949859712992465360382739692", "timestamp": "1769383983239", "hash": "759467258550b7816f0c3b846740911a9dfdf793", "bids": [{"price": "0.01", "size": "10551.41"}, {"price": "0.02", "size": "42.51"}, {"price": "0.06", "size": "1145.58"}, {"price": "0.07", "size": "895.58"}, {"price": "0.28", "size": "50"}], "asks": [{"price": "0.99", "size": "10550.35"}, {"price": "0.98", "size": "43.03"}, {"price": "0.94", "size": "1140.11"}, {"price": "0.93", "size": "890.11"}], "event_type": "book", "last_trade_price": ""}, {"market": "0x19a5f4d90e22cb992635ef15a19f8d5ffc64f556a48662afdca827775aa16c08", "asset_id": "94447434034338341395700793891057177645147950667760703119677617145954756862994", "timestamp": "1769383980526", "hash": "b5910a69b20e020611aba8654eff84456d3c6206", "bids": [{"price": "0.01", "size": "11398.58"}, {"price": "0.02", "size": "160.48"}, {"price": "0.03", "size": "85.65"}, {"price": "0.04", "size": "39.24"}], "asks": [{"price": "0.99", "size": "11388.93"}, {"price": "0.98", "size": "155.89"}, {"price": "0.97", "size": "30.74"}, {"price": "0.92", "size": "1140.11"}, {"price": "0.91", "size": "890.11"}], "event_type": "book", "last_trade_price": ""}, {"market": "0x2bb9c2b1fadb0293a93d55eb67044f7face9cfa07470f4a89a27c017b0335e8c", "asset_id": "92045840732503176401437635785007677847086252162428681009875484095180718441798", "timestamp": "1769383980494", "hash": "b98cd35e874e7af94d891d37d8c0e43338c15912", "bids": [{"price": "0.01", "size": "11388.93"}, {"price": "0.02", "size": "155.89"}, {"price": "0.03", "size": "30.74"}, {"price": "0.08", "size": "1140.11"}, {"price": "0.09", "size": "890.11"}], "asks": [{"price": "0.99", "size": "11398.58"}, {"price": "0.98", "size": "160.48"}, {"price": "0.97", "size": "85.65"}, {"price": "0.96", "size": "55.42"}], "event_type": "book", "last_trade_price": ""}, {"market": "0xc59e05f66a6acaaeddf42ecc60109a5b29a7bebb68ae9d40312ec25ea8000287", "asset_id": "89135499517478225626457875899535430584955245079575176312396543173022239218395", "timestamp": "1769383986450", "hash": "d8224556b83e19fcda5369d7ea37a1a7fc83bd95", "bids": [{"price": "0.01", "size": "7194.15"}, {"price": "0.02", "size": "4607.32"}, {"price": "0.04", "size": "21.23"}, {"price": "0.24", "size": "300"}, {"price": "0.27", "size": "1090.11"}, {"price": "0.28", "size": "890.11"}, {"price": "0.29", "size": "125"}, {"price": "0.3", "size": "62"}, {"price": "0.31", "size": "75"}, {"price": "0.5", "size": "10"}, {"price": "0.51", "size": "89"}], "asks": [{"price": "0.99", "size": "6784.64"}, {"price": "0.98", "size": "10313.16"}, {"price": "0.97", "size": "4407.32"}, {"price": "0.96", "size": "20.24"}, {"price": "0.88", "size": "300"}, {"price": "0.87", "size": "1090.11"}, {"price": "0.86", "size": "1015.11"}, {"price": "0.85", "size": "75"}, {"price": "0.84", "size": "49"}, {"price": "0.78", "size": "127.93"}], "event_type": "book", "last_trade_price": "0.660"}, {"market": "0x947eda69992ec87be0835dd381d44e014b118a726913d9de83f4af6ca0b5efcf", "asset_id": "43177391289123384037057302476684267359530765543005564267433747882504076922907", "timestamp": "1769383886055", "hash": "25801a380ac4b9fe44324181bf70f620749b3afe", "bids": [{"price": "0.01", "size": "302.04"}, {"price": "0.02", "size": "275.48"}, {"price": "0.03", "size": "18.99"}, {"price": "0.04", "size": "29.99"}], "asks": [{"price": "0.99", "size": "293.28"}, {"price": "0.98", "size": "255.94"}, {"price": "0.97", "size": "9.8"}, {"price": "0.94", "size": "12.04"}], "event_type": "book", "last_trade_price": ""}, {"market": "0x23b9f464813a604d156b9c39ff5c37853019ede568d57becdf5c439b45628dc4", "asset_id": "85837250814074077539211908285417961683753530308174982617161094927667394156047", "timestamp": "1769383980496", "hash": "aff2ec88f687adb2afe76c8b23ee14d8bc1ae5a5", "bids": [{"price": "0.01", "size": "11339.38"}, {"price": "0.02", "size": "15.37"}, {"price": "0.03", "size": "1199.11"}, {"price": "0.04", "size": "890.11"}, {"price": "0.05", "size": "5.88"}, {"price": "0.07", "size": "10.94"}], "asks": [{"price": "0.99", "size": "11345.35"}, {"price": "0.98", "size": "25.56"}, {"price": "0.96", "size": "1140.11"}, {"price": "0.95", "size": "896.12"}], "event_type": "book", "last_trade_price": ""}, {"market": "0x23b9f464813a604d156b9c39ff5c37853019ede568d57becdf5c439b45628dc4", "asset_id": "30536826496310177750894097825596262849854437565863241298303820464255967660406", "timestamp": "1769383980496", "hash": "e194f4be48d02d1d4dfb91980a5b95bc212fb2cb", "bids": [{"price": "0.01", "size": "11345.35"}, {"price": "0.02", "size": "25.56"}, {"price": "0.04", "size": "1140.11"}, {"price": "0.05", "size": "896.12"}], "asks": [{"price": "0.99", "size": "11339.38"}, {"price": "0.98", "size": "15.37"}, {"price": "0.97", "size": "1199.11"}, {"price": "0.96", "size": "890.11"}, {"price": "0.95", "size": "5.88"}, {"price": "0.93", "size": "10.94"}], "event_type": "book", "last_trade_price": ""}, {"market": "0xc59e05f66a6acaaeddf42ecc60109a5b29a7bebb68ae9d40312ec25ea8000287", "asset_id": "65249763713921911106800536792587915720039618349865339649776218927242924336631", "timestamp": "1769383986450", "hash": "bcdc864a1e4da3035585a96b7d45f8d38f3cfae5", "bids": [{"price": "0.01", "size": "6784.64"}, {"price": "0.02", "size": "10313.16"}, {"price": "0.03", "size": "4407.32"}, {"price": "0.04", "size": "20.24"}, {"price": "0.12", "size": "300"}, {"price": "0.13", "size": "1090.11"}, {"price": "0.14", "size": "1015.11"}, {"price": "0.15", "size": "75"}, {"price": "0.16", "size": "49"}, {"price": "0.22", "size": "127.93"}], "asks": [{"price": "0.99", "size": "7194.15"}, {"price": "0.98", "size": "4607.32"}, {"price": "0.96", "size": "21.23"}, {"price": "0.76", "size": "300"}, {"price": "0.73", "size": "1090.11"}, {"price": "0.72", "size": "890.11"}, {"price": "0.71", "size": "125"}, {"price": "0.7", "size": "62"}, {"price": "0.69", "size": "75"}, {"price": "0.5", "size": "10"}, {"price": "0.49", "size": "89"}], "event_type": "book", "last_trade_price": "0.660"}, {"market": "0x19a5f4d90e22cb992635ef15a19f8d5ffc64f556a48662afdca827775aa16c08", "asset_id": "55438407177979400780919220955635844711805507488335377116492952956510297705010", "timestamp": "1769383980526", "hash": "e538b63a2877d4c0cc607af28cc99388a043801d", "bids": [{"price": "0.01", "size": "11388.93"}, {"price": "0.02", "size": "155.89"}, {"price": "0.03", "size": "30.74"}, {"price": "0.08", "size": "1140.11"}, {"price": "0.09", "size": "890.11"}], "asks": [{"price": "0.99", "size": "11398.58"}, {"price": "0.98", "size": "160.48"}, {"price": "0.97", "size": "85.65"}, {"price": "0.96", "size": "39.24"}], "event_type": "book", "last_trade_price": ""}, {"market": "0x2401a3354060ac23b5062944956a3ea95a21ad155ee141dca22b77b5069cead5", "asset_id": "92426077490069247283959754958996210946507815057942602898525691466790118944540", "timestamp": "1769383980529", "hash": "8ba82c75dde6b360424d91dc34d26020cb44efef", "bids": [{"price": "0.01", "size": "11431.62"}, {"price": "0.02", "size": "47.46"}, {"price": "0.06", "size": "5.47"}, {"price": "0.07", "size": "5.47"}, {"price": "0.14", "size": "250"}], "asks": [{"price": "0.99", "size": "11449.21"}, {"price": "0.98", "size": "18.72"}, {"price": "0.97", "size": "1140.11"}, {"price": "0.96", "size": "930.07"}], "event_type": "book", "last_trade_price": ""}, {"market": "0x2bb9c2b1fadb0293a93d55eb67044f7face9cfa07470f4a89a27c017b0335e8c", "asset_id": "48837421887473558774565641243168624425487739904275781922315636382382879623206", "timestamp": "1769383980494", "hash": "e00f056fe94347d1821cdc64e9fc73760192504b", "bids": [{"price": "0.01", "size": "11398.58"}, {"price": "0.02", "size": "160.48"}, {"price": "0.03", "size": "85.65"}, {"price": "0.04", "size": "55.42"}], "asks": [{"price": "0.99", "size": "11388.93"}, {"price": "0.98", "size": "155.89"}, {"price": "0.97", "size": "30.74"}, {"price": "0.92", "size": "1140.11"}, {"price": "0.91", "size": "890.11"}], "event_type": "book", "last_trade_price": ""}, {"market": "0x0727f9f4666484828ee1cc5d250be92a5290ce5a69a20467d77931aed5a95d00", "asset_id": "35910343730033898022117182434342860526965277191087661958434554396227107909146", "timestamp": "1769383979201", "hash": "c5996e5f9800347632b46cf4be3cb93b5f633864", "bids": [{"price": "0.01", "size": "302.04"}, {"price": "0.02", "size": "257.48"}, {"price": "0.03", "size": "18.99"}, {"price": "0.04", "size": "5.47"}], "asks": [{"price": "0.99", "size": "302.04"}, {"price": "0.98", "size": "275.48"}, {"price": "0.97", "size": "18.99"}, {"price": "0.96", "size": "40.39"}], "event_type": "book", "last_trade_price": ""}]}
{"_local_timestamp": "2026-01-25T23:34:33.078905+00:00", "data": {"market": "0x96933d51a0f93177040c7572e5b4ae6ca5495cd93a08418af55ade18a8848270", "price_changes": [{"asset_id": "85780962061969591778896600914417302208590704743957949859712992465360382739692", "price": "0.28", "size": "0", "side": "BUY", "hash": "ad5c70d32a2641cdaea50145bee21992a933ba2a", "best_bid": "0.07", "best_ask": "0.93"}, {"asset_id": "62678107738722867666510553584045721012525979989359682908746275707554312623850", "price": "0.72", "size": "0", "side": "SELL", "hash": "3b72353540a18724b7b9045072bd72ec723d6793", "best_bid": "0.07", "best_ask": "0.93"}], "timestamp": "1769384073001", "event_type": "price_change"}}
{"_local_timestamp": "2026-01-25T23:34:35.758755+00:00", "data": {"market": "0x0727f9f4666484828ee1cc5d250be92a5290ce5a69a20467d77931aed5a95d00", "price_changes": [{"asset_id": "35910343730033898022117182434342860526965277191087661958434554396227107909146", "price": "0.05", "size": "23.99", "side": "BUY", "hash": "1a1370a6c581f323f08c7ae2c6dc76a4c2a1e7bf", "best_bid": "0.05", "best_ask": "0.96"}, {"asset_id": "89219807408614080357426386263610125885671883975534230969322133238697084556538", "price": "0.95", "size": "23.99", "side": "SELL", "hash": "e76afcb4794541bb37edc10a5d407e5fecd5b8d1", "best_bid": "0.04", "best_ask": "0.95"}], "timestamp": "1769384075688", "event_type": "price_change"}}
{"_local_timestamp": "2026-01-25T23:34:39.007905+00:00", "data": {"market": "0x0727f9f4666484828ee1cc5d250be92a5290ce5a69a20467d77931aed5a95d00", "price_changes": [{"asset_id": "35910343730033898022117182434342860526965277191087661958434554396227107909146", "price": "0.04", "size": "0", "side": "BUY", "hash": "c3fbf700aa13ec21fae9f90234f507ebefbe0956", "best_bid": "0.05", "best_ask": "0.96"}, {"asset_id": "89219807408614080357426386263610125885671883975534230969322133238697084556538", "price": "0.96", "size": "0", "side": "SELL", "hash": "efc7b16043ce0c964a9a8bf88d23067cd4fe7d4b", "best_bid": "0.04", "best_ask": "0.95"}], "timestamp": "1769384078927", "event_type": "price_change"}}
{"_local_timestamp": "2026-01-25T23:34:39.380739+00:00", "data": {"market": "0x0727f9f4666484828ee1cc5d250be92a5290ce5a69a20467d77931aed5a95d00", "price_changes": [{"asset_id": "35910343730033898022117182434342860526965277191087661958434554396227107909146", "price": "0.06", "size": "5.47", "side": "BUY", "hash": "1aeeb5619841c2ad3aa35cbf788a6bca79b6a587", "best_bid": "0.06", "best_ask": "0.96"}, {"asset_id": "89219807408614080357426386263610125885671883975534230969322133238697084556538", "price": "0.94", "size": "5.47", "side": "SELL", "hash": "7e554541bb363e31bda76045dbd197854a32e071", "best_bid": "0.04", "best_ask": "0.94"}], "timestamp": "1769384079248", "event_type": "price_change"}}
