{"_local_timestamp": "2026-01-25T23:41:19.314876+00:00", "data": [{"market": "0x77468c50a9ce714aa9eb16e2bb90b98d16a4a585547ed4fdbae452db5f9d386f", "asset_id": "42952029575471329717653204447729463818558544752972282503128626702262120630797", "timestamp": "1769384202894", "hash": "02a814dcebfd6a79f66a3298232f4137285b2d2a", "bids": [{"price": "0.01", "size": "301.38"}, {"price": "0.02", "size": "217.17"}, {"price": "0.03", "size": "52.57"}], "asks": [{"price": "0.99", "size": "292.66"}, {"price": "0.98", "size": "247.06"}, {"price": "0.97", "size": "25.73"}, {"price": "0.96", "size": "5.47"}], "event_type": "book", "last_trade_price": ""}, {"market": "0xe5ece8cdf384a1db07d1a3e1c0e7b574b6410f2522ef99016e19bf8769af824c", "asset_id": "64272227068724518405946811343122194564242666319916909822004255327797089282976", "timestamp": "1769383985196", "hash": "bc55c5cb65698126016654a4e0536c69295f42be", "bids": [{"price": "0.01", "size": "10551.22"}, {"price": "0.02", "size": "42.6"}, {"price": "0.06", "size": "1140.11"}, {"price": "0.07", "size": "895.58"}], "asks": [{"price": "0.99", "size": "10551.22"}, {"price": "0.98", "size": "26.15"}, {"price": "0.95", "size": "1140.11"}, {"price": "0.94", "size": "895.59"}], "event_type": "book", "last_trade_price": ""}, {"market": "0x6234e81fcc1c02ed2274c46d0c1e08d9b100a2983ee9523c8df247005c207abf", "asset_id": "108013987182781883088946717206137049888071411836265215911261197121341773479762", "timestamp": "1769383983502", "hash": "48ac74aee0f6b0492d226ade1f128210fc449674", "bids": [{"price": "0.01", "size": "10449.88"}, {"price": "0.02", "size": "43.27"}, {"price": "0.07", "size": "1145.58"}, {"price": "0.08", "size": "890.11"}], "asks": [{"price": "0.99", "size": "10455.24"}, {"price": "0.98", "size": "25.56"}, {"price": "0.97", "size": "4157.32"}, {"price": "0.96", "size": "1140.11"}, {"price": "0.95", "size": "896.12"}], "event_type": "book", "last_trade_price": ""}, {"market": "0x77468c50a9ce714aa9eb16e2bb90b98d16a4a585547ed4fdbae452db5f9d386f", "asset_id": "89110110129769653741673413416736327449432662042064593140215415289169242252459", "timestamp": "1769384202894", "hash": "4ca9c6560e1700066ef5eade6ba7c37713c2adb7", "bids": [{"price": "0.01", "size": "292.66"}, {"price": "0.02", "size": "247.06"}, {"price": "0.03", "size": "25.73"}, {"price": "0.04", "size": "5.47"}], "asks": [{"price": "0.99", "size": "301.38"}, {"price": "0.98", "size": "217.17"}, {"price": "0.97", "size": "52.57"}], "event_type": "book", "last_trade_price": ""}, {"market": "0xc488136c1309fdf01ad2dc551cfbdd1a4ecb469bfa99ff730b3703f6fe781616", "asset_id": "63157710513631305089919593879923965576929104877174495560209977486926340524838", "timestamp": "1769383981040", "hash": "9b4fef1d14352293a94bfae12a7c48fdc478d232", "bids": [{"price": "0.01", "size": "10547.95"}, {"price": "0.02", "size": "49.7"}, {"price": "0.09", "size": "1140.11"}, {"price": "0.1", "size": "890.11"}], "asks": [{"price": "0.99", "size": "10549.88"}, {"price": "0.98", "size": "43.27"}, {"price": "0.93", "size": "1140.11"}, {"price": "0.92", "size": "890.11"}], "event_type": "book", "last_trade_price": ""}, {"market": "0xc488136c1309fdf01ad2dc551cfbdd1a4ecb469bfa99ff730b3703f6fe781616", "asset_id": "61761622373753806235956235367461347695411667590201283078962630474317269596032", "timestamp": "1769383981040", "hash": "ea92d71bc3925d164d2cf3e46ca6c8d134ce81e4", "bids": [{"price": "0.01", "size": "10549.88"}, {"price": "0.02", "size": "43.27"}, {"price": "0.07", "size": "1140.11"}, {"price": "0.08", "size": "890.11"}], "asks": [{"price": "0.99", "size": "10547.95"}, {"price": "0.98", "size": "49.7"}, {"price": "0.91", "size": "1140.11"}, {"price": "0.9", "size": "890.11"}], "event_type": "book", "last_trade_price": ""}, {"market": "0xe5ece8cdf384a1db07d1a3e1c0e7b574b6410f2522ef99016e19bf8769af824c", "asset_id": "6078890170058263187036305734955758347732322755019603620472935769879736864916", "timestamp": "1769383985196", "hash": "4a79c952a144bfaeda94d1848273e2579c247843", "bids": [{"price": "0.01", "size": "10551.22"}, {"price": "0.02", "size": "26.15"}, {"price": "0.05", "size": "1140.11"}, {"price": "0.06", "size": "895.59"}], "asks": [{"price": "0.99", "size": "10551.22"}, {"price": "0.98", "size": "42.6"}, {"price": "0.94", "size": "1140.11"}, {"price": "0.93", "size": "895.58"}], "event_type": "book", "last_trade_price": ""}, {"market": "0x032f55fac09d8473633328659c36e68dd83394c969d7a058d3aba42db976eabe", "asset_id": "66991556103391952411457479917288428466035703391132788603226101064477717734512", "timestamp": "1769384201474", "hash": "9ef8589ce7e7c09ab71a52236110c9639a40ec7b", "bids": [{"price": "0.01", "size": "10502.22"}, {"price": "0.02", "size": "163.73"}, {"price": "0.04", "size": "6.21"}, {"price": "0.05", "size": "1140.11"}, {"price": "0.06", "size": "901.06"}], "asks": [{"price": "0.99", "size": "10498.23"}, {"price": "0.98", "size": "155.14"}, {"price": "0.97", "size": "26.3"}, {"price": "0.9", "size": "1150.11"}, {"price": "0.89", "size": "890.11"}], "event_type": "book", "last_trade_price": ""}, {"market": "0x0c7559bafb01fb817d9ba0d52f89e98a966f0860051f5890dc3cb9a641e44d23", "asset_id": "42287222517090165150415081891120612726666008470495474912977896615749748505495", "timestamp": "1769384206213", "hash": "1d74dc094b8e62c25684e5793caa0c524865d76d", "bids": [{"price": "0.01", "size": "301.38"}, {"price": "0.02", "size": "217.17"}, {"price": "0.03", "size": "52.57"}], "asks": [{"price": "0.99", "size": "292.71"}, {"price": "0.98", "size": "247.13"}, {"price": "0.97", "size": "25.67"}, {"price": "0.96", "size": "5.47"}], "event_type": "book", "last_trade_price": ""}, {"market": "0x2f4b0113990e401417cb51a9c1af07e5d3ff0eb903796da0dde73e08b4682754", "asset_id": "105355403808706837932524308070165900151422956701523638055502682446324798876509", "timestamp": "1769383974746", "hash": "fa985fb09f27d4d98acc0fe0f58ca5eadf00af16", "bids": [{"price": "0.01", "size": "11396.35"}, {"price": "0.02", "size": "158.94"}, {"price": "0.03", "size": "11.07"}, {"price": "0.04", "size": "250"}, {"price": "0.05", "size": "6.01"}], "asks": [{"price": "0.99", "size": "11399.58"}, {"price": "0.98", "size": "160.48"}, {"price": "0.97", "size": "93.65"}, {"price": "0.96", "size": "44.71"}], "event_type": "book", "last_trade_price": ""}, {"market": "0x032f55fac09d8473633328659c36e68dd83394c969d7a058d3aba42db976eabe", "asset_id": "3599412144360911471033434445431387136341134279131242863585779959428118992221", "timestamp": "1769384201474", "hash": "a6e9ef3a2c5bf7db749bc4111d6b12878d022770", "bids": [{"price": "0.01", "size": "10498.23"}, {"price": "0.02", "size": "155.14"}, {"price": "0.03", "size": "26.3"}, {"price": "0.1", "size": "1150.11"}, {"price": "0.11", "size": "890.11"}], "asks": [{"price": "0.99", "size": "10502.22"}, {"price": "0.98", "size": "163.73"}, {"price": "0.96", "size": "6.21"}, {"price": "0.95", "size": "1140.11"}, {"price": "0.94", "size": "901.06"}], "event_type": "book", "last_trade_price": ""}, {"market": "0x0c7559bafb01fb817d9ba0d52f89e98a966f0860051f5890dc3cb9a641e44d23", "asset_id": "65965274837578386729789100600150477596210754897074823053053556377091296253517", "timestamp": "1769384206213", "hash": "d1dc045a95152b111d821b34cb6ca881936cfcd1", "bids": [{"price": "0.01", "size": "292.71"}, {"price": "0.02", "size": "247.13"}, {"price": "0.03", "size": "25.67"}, {"price": "0.04", "size": "5.47"}], "asks": [{"price": "0.99", "size": "301.38"}, {"price": "0.98", "size": "217.17"}, {"price": "0.97", "size": "52.57"}], "event_type": "book", "last_trade_price": ""}, {"market": "0x3421d76e255190064bff57e8d27d3a3fedc0d4a620c7055958f206f428ee0be1", "asset_id": "103315802636477709585051407132235873504885885159504812994283629225150005412508", "timestamp": "1769384465356", "hash": "6ba43a14f2cd89baa10150f4503005b0d32f953f", "bids": [{"price": "0.01", "size": "6679.11"}, {"price": "0.02", "size": "4313.44"}, {"price": "0.04", "size": "21.93"}, {"price": "0.11", "size": "300"}, {"price": "0.12", "size": "200"}, {"price": "0.13", "size": "125"}, {"price": "0.14", "size": "1265.11"}, {"price": "0.15", "size": "890.11"}, {"price": "0.29", "size": "10"}, {"price": "0.3", "size": "102"}], "asks": [{"price": "0.99", "size": "8889.12"}, {"price": "0.98", "size": "2250"}, {"price": "0.97", "size": "7"}, {"price": "0.93", "size": "1700"}, {"price": "0.92", "size": "4157.32"}, {"price": "0.9", "size": "300"}, {"price": "0.89", "size": "6.27"}, {"price": "0.86", "size": "300"}, {"price": "0.84", "size": "300"}, {"price": "0.81", "size": "200"}, {"price": "0.8", "size": "525"}, {"price": "0.78", "size": "75"}, {"price": "0.5", "size": "5890.11"}, {"price": "0.49", "size": "890.11"}, {"price": "0.42", "size": "10"}, {"price": "0.41", "size": "50"}], "event_type": "book", "last_trade_price": "0.320"}, {"market": "0x3421d76e255190064bff57e8d27d3a3fedc0d4a620c7055958f206f428ee0be1", "asset_id": "81852449125816458832954503084733816912857404751370673968752277659227044513814", "timestamp": "1769384465356", "hash": "398e7920d0b143e53f7adc18db263c3690e606cb", "bids": [{"price": "0.01", "size": "8889.12"}, {"price": "0.02", "size": "2250"}, {"price": "0.03", "size": "7"}, {"price": "0.07", "size": "1700"}, {"price": "0.08", "size": "4157.32"}, {"price": "0.1", "size": "300"}, {"price": "0.11", "size": "6.27"}, {"price": "0.14", "size": "300"}, {"price": "0.16", "size": "300"}, {"price": "0.19", "size": "200"}, {"price": "0.2", "size": "525"}, {"price": "0.22", "size": "75"}, {"price": "0.5", "size": "5890.11"}, {"price": "0.51", "size": "890.11"}, {"price": "0.58", "size": "10"}, {"price": "0.59", "size": "50"}], "asks": [{"price": "0.99", "size": "6679.11"}, {"price": "0.98", "size": "4313.44"}, {"price": "0.96", "size": "21.93"}, {"price": "0.89", "size": "300"}, {"price": "0.88", "size": "200"}, {"price": "0.87", "size": "125"}, {"price": "0.86", "size": "1265.11"}, {"price": "0.85", "size": "890.11"}, {"price": "0.71", "size": "10"}, {"price": "0.7", "size": "102"}], "event_type": "book", "last_trade_price": "0.320"}, {"market": "0x6234e81fcc1c02ed2274c46d0c1e08d9b100a2983ee9523c8df247005c207abf", "asset_id": "23734412859247630560399625842733291562114760515167747251292013565862273813395", "timestamp": "1769383983502", "hash": "320617076a64a9e381b861240e324572bdc559da", "bids": [{"price": "0.01", "size": "10455.24"}, {"price": "0.02", "size": "25.56"}, {"price": "0.03", "size": "4157.32"}, {"price": "0.04", "size": "1140.11"}, {"price": "0.05", "size": "896.12"}], "asks": [{"price": "0.99", "size": "10449.88"}, {"price": "0.98", "size": "43.27"}, {"price": "0.93", "size": "1145.58"}, {"price": "0.92", "size": "890.11"}], "event_type": "book", "last_trade_price": ""}, {"market": "0x2f4b0113990e401417cb51a9c1af07e5d3ff0eb903796da0dde73e08b4682754", "asset_id": "110118670759224168129011353197635088241412053465564626113293944214285771990476", "timestamp": "1769383974746", "hash": "c38aa69d264c64c0d9ecc3d2a86bb31e646ec700", "bids": [{"price": "0.01", "size": "11399.58"}, {"price": "0.02", "size": "160.48"}, {"price": "0.03", "size": "93.65"}, {"price": "0.04", "size": "44.71"}], "asks": [{"price": "0.99", "size": "11396.35"}, {"price": "0.98", "size": "158.94"}, {"price": "0.97", "size": "11.07"}, {"price": "0.96", "size": "250"}, {"price": "0.95", "size": "6.01"}], "event_type": "book", "last_trade_price": ""}]}
{"_local_timestamp": "2026-01-25T23:41:27.925932+00:00", "data": {"market": "0x3421d76e255190064bff57e8d27d3a3fedc0d4a620c7055958f206f428ee0be1", "price_changes": [{"asset_id": "81852449125816458832954503084733816912857404751370673968752277659227044513814", "price": "0.1", "size": "300", "side": "BUY", "hash": "604423b9b284d36709518630d9ec3d4aae839310", "best_bid": "0.59", "best_ask": "0.7"}, {"asset_id": "103315802636477709585051407132235873504885885159504812994283629225150005412508", "price": "0.9", "size": "300", "side": "SELL", "hash": "778fdd549a971bb99d295424f0303f968584cf7d", "best_bid": "0.3", "best_ask": "0.41"}], "timestamp": "1769384487844", "event_type": "price_change"}}
{"_local_timestamp": "2026-01-25T23:41:28.147402+00:00", "data": {"market": "0x3421d76e255190064bff57e8d27d3a3fedc0d4a620c7055958f206f428ee0be1", "price_changes": [{"asset_id": "81852449125816458832954503084733816912857404751370673968752277659227044513814", "price": "0.6", "size": "17", "side": "BUY", "hash": "7647d78b8cf40f826d8ac79b1eaee2327821ea23", "best_bid": "0.6", "best_ask": "0.7"}, {"asset_id": "103315802636477709585051407132235873504885885159504812994283629225150005412508", "price": "0.4", "size": "17", "side": "SELL", "hash": "b90f5c7d1029e97ee17ce715da32084344716d83", "best_bid": "0.3", "best_ask": "0.4"}], "timestamp": "1769384488077", "event_type": "price_change"}}
{"_local_timestamp": "2026-01-25T23:41:28.213830+00:00", "data": {"market": "0x3421d76e255190064bff57e8d27d3a3fedc0d4a620c7055958f206f428ee0be1", "price_changes": [{"asset_id": "81852449125816458832954503084733816912857404751370673968752277659227044513814", "price": "0.08", "size": "4557.32", "side": "BUY", "hash": "d389f5ce6b3913e8481aa1390a973c112195f4ad", "best_bid": "0.6", "best_ask": "0.7"}, {"asset_id": "103315802636477709585051407132235873504885885159504812994283629225150005412508", "price": "0.92", "size": "4557.32", "side": "SELL", "hash": "aadee4981a234ffdc780700f13dbad060262f25e", "best_bid": "0.3", "best_ask": "0.4"}], "timestamp": "1769384488133", "event_type": "price_change"}}
{"_local_timestamp": "2026-01-25T23:41:33.534375+00:00", "data": {"market": "0x3421d76e255190064bff57e8d27d3a3fedc0d4a620c7055958f206f428ee0be1", "price_changes": [{"asset_id": "81852449125816458832954503084733816912857404751370673968752277659227044513814", "price": "0.14", "size": "200", "side": "BUY", "hash": "2eefb873e1d7151d44e101b3ccdfceba97d9ce4b", "best_bid": "0.6", "best_ask": "0.7"}, {"asset_id": "103315802636477709585051407132235873504885885159504812994283629225150005412508", "price": "0.86", "size": "200", "side": "SELL", "hash": "66826904e72b05f8e5d646f011923bb7e57015e8", "best_bid": "0.3", "best_ask": "0.4"}], "timestamp": "1769384493442", "event_type": "price_change"}}
{"_local_timestamp": "2026-01-25T23:41:33.799941+00:00", "data": {"market": "0x3421d76e255190064bff57e8d27d3a3fedc0d4a620c7055958f206f428ee0be1", "price_changes": [{"asset_id": "81852449125816458832954503084733816912857404751370673968752277659227044513814", "price": "0.08", "size": "4657.32", "side": "BUY", "hash": "d47d2a7c914301c7c764d9d6e8f0e3fa487a526d", "best_bid": "0.6", "best_ask": "0.7"}, {"asset_id": "103315802636477709585051407132235873504885885159504812994283629225150005412508", "price": "0.92", "size": "4657.32", "side": "SELL", "hash": "82441800f47de59ab773ef3fa35b5247b6d94ec9", "best_bid": "0.3", "best_ask": "0.4"}], "timestamp": "1769384493718", "event_type": "price_change"}}
{"_local_timestamp": "2026-01-25T23:41:42.455251+00:00", "data": {"market": "0x3421d76e255190064bff57e8d27d3a3fedc0d4a620c7055958f206f428ee0be1", "price_changes": [{"asset_id": "81852449125816458832954503084733816912857404751370673968752277659227044513814", "price": "0.14", "size": "100", "side": "BUY", "hash": "8d69f3c5ee8b607c59f0496f65bbec5ff57cbfb8", "best_bid": "0.6", "best_ask": "0.7"}, {"asset_id": "103315802636477709585051407132235873504885885159504812994283629225150005412508", "price": "0.86", "size": "100", "side": "SELL", "hash": "a3a609966a93c2d3e965b71cf3d66e8cde6b7c1e", "best_bid": "0.3", "best_ask": "0.4"}], "timestamp": "1769384502378", "event_type": "price_change"}}
{"_local_timestamp": "2026-01-25T23:41:42.734144+00:00", "data": {"market": "0x3421d76e255190064bff57e8d27d3a3fedc0d4a620c7055958f206f428ee0be1", "price_changes": [{"asset_id": "81852449125816458832954503084733816912857404751370673968752277659227044513814", "price": "0.08", "size": "4757.32", "side": "BUY", "hash": "6729a409a3557f55a5e930e183c605caf4e3d640", "best_bid": "0.6", "best_ask": "0.7"}, {"asset_id": "103315802636477709585051407132235873504885885159504812994283629225150005412508", "price": "0.92", "size": "4757.32", "side": "SELL", "hash": "6e8aa554f52879b72f4429423fe4d1c6266d7f49", "best_bid": "0.3", "best_ask": "0.4"}], "timestamp": "1769384502662", "event_type": "price_change"}}
{"_local_timestamp": "2026-01-25T23:41:42.841667+00:00", "data": {"market": "0x3421d76e255190064bff57e8d27d3a3fedc0d4a620c7055958f206f428ee0be1", "price_changes": [{"asset_id": "81852449125816458832954503084733816912857404751370673968752277659227044513814", "price": "0.09", "size": "1997.11", "side": "BUY", "hash": "c2300fe3cb4f86bc12702309b5bbae5009371208", "best_bid": "0.6", "best_ask": "0.7"}, {"asset_id": "103315802636477709585051407132235873504885885159504812994283629225150005412508", "price": "0.91", "size": "1997.11", "side": "SELL", "hash": "f7c7cd03e1e97cff23cc8d985f558e27ef8ed5eb", "best_bid": "0.3", "best_ask": "0.4"}], "timestamp": "1769384502773", "event_type": "price_change"}}
{"_local_timestamp": "2026-01-25T23:41:42.856489+00:00", "data": {"market": "0x3421d76e255190064bff57e8d27d3a3fedc0d4a620c7055958f206f428ee0be1", "price_changes": [{"asset_id": "81852449125816458832954503084733816912857404751370673968752277659227044513814", "price": "0.09", "size": "2887.22", "side": "BUY", "hash": "52f46c4f9c8e7a95975958a63cf6210f22621989", "best_bid": "0.6", "best_ask": "0.7"}, {"asset_id": "103315802636477709585051407132235873504885885159504812994283629225150005412508", "price": "0.91", "size": "2887.22", "side": "SELL", "hash": "22df7d427349f9b7b966e3a11bd54af39fdc7524", "best_bid": "0.3", "best_ask": "0.4"}], "timestamp": "1769384502774", "event_type": "price_change"}}
{"_local_timestamp": "2026-01-25T23:41:42.857543+00:00", "data": {"market": "0x3421d76e255190064bff57e8d27d3a3fedc0d4a620c7055958f206f428ee0be1", "price_changes": [{"asset_id": "81852449125816458832954503084733816912857404751370673968752277659227044513814", "price": "0.09", "size": "4157.32", "side": "BUY", "hash": "065ab0900c898c965b72054cbb0d13d3f128a631", "best_bid": "0.6", "best_ask": "0.7"}, {"asset_id": "103315802636477709585051407132235873504885885159504812994283629225150005412508", "price": "0.91", "size": "4157.32", "side": "SELL", "hash": "fb2782699d2a1521e7a10343e2ad8a723638a60e", "best_bid": "0.3", "best_ask": "0.4"}], "timestamp": "1769384502775", "event_type": "price_change"}}
{"_local_timestamp": "2026-01-25T23:41:44.481485+00:00", "data": {"market": "0x3421d76e255190064bff57e8d27d3a3fedc0d4a620c7055958f206f428ee0be1", "price_changes": [{"asset_id": "81852449125816458832954503084733816912857404751370673968752277659227044513814", "price": "0.14", "size": "0", "side": "BUY", "hash": "82eebbf1f8965fc118b4ea51ba69d27b3a904368", "best_bid": "0.6", "best_ask": "0.7"}, {"asset_id": "103315802636477709585051407132235873504885885159504812994283629225150005412508", "price": "0.86", "size": "0", "side": "SELL", "hash": "9fa1c8c2d7acd5699c48c883f4d96a26ce39310c", "best_bid": "0.3", "best_ask": "0.4"}], "timestamp": "1769384504405", "event_type": "price_change"}}
{"_local_timestamp": "2026-01-25T23:41:44.762975+00:00", "data": {"market": "0x3421d76e255190064bff57e8d27d3a3fedc0d4a620c7055958f206f428ee0be1", "price_changes": [{"asset_id": "81852449125816458832954503084733816912857404751370673968752277659227044513814", "price": "0.08", "size": "4857.32", "side": "BUY", "hash": "d13b9cd241fbceb95f1986ef5c96d9bc284cb6a3", "best_bid": "0.6", "best_ask": "0.7"}, {"asset_id": "103315802636477709585051407132235873504885885159504812994283629225150005412508", "price": "0.92", "size": "4857.32", "side": "SELL", "hash": "6ce77ee8b312137a6d02956064d9e5feb438c0e2", "best_bid": "0.3", "best_ask": "0.4"}], "timestamp": "1769384504682", "event_type": "price_change"}}
{"_local_timestamp": "2026-01-25T23:42:12.687979+00:00", "data": {"market": "0x3421d76e255190064bff57e8d27d3a3fedc0d4a620c7055958f206f428ee0be1", "price_changes": [{"asset_id": "81852449125816458832954503084733816912857404751370673968752277659227044513814", "price": "0.08", "size": "4457.32", "side": "BUY", "hash": "9170346a09403c2adb0d0dc7f48f1fe973334787", "best_bid": "0.6", "best_ask": "0.7"}, {"asset_id": "103315802636477709585051407132235873504885885159504812994283629225150005412508", "price": "0.92", "size": "4457.32", "side": "SELL", "hash": "76027c5b8c183e08dab777f6a9fff18fd2f2ef95", "best_bid": "0.3", "best_ask": "0.4"}], "timestamp": "1769384532601", "event_type": "price_change"}}
{"_local_timestamp": "2026-01-25T23:42:12.900113+00:00", "data": {"market": "0x3421d76e255190064bff57e8d27d3a3fedc0d4a620c7055958f206f428ee0be1", "price_changes": [{"asset_id": "81852449125816458832954503084733816912857404751370673968752277659227044513814", "price": "0.6", "size": "0", "side": "BUY", "hash": "3f92848f6089eabda7d564def9af70c9237f75b7", "best_bid": "0.59", "best_ask": "0.7"}, {"asset_id": "103315802636477709585051407132235873504885885159504812994283629225150005412508", "price": "0.4", "size": "0", "side": "SELL", "hash": "e8f0598cfeb95b365624a9831256394e1ec3ce6b", "best_bid": "0.3", "best_ask": "0.41"}], "timestamp": "1769384532822", "event_type": "price_change"}}
{"_local_timestamp": "2026-01-25T23:42:12.975303+00:00", "data": {"market": "0x3421d76e255190064bff57e8d27d3a3fedc0d4a620c7055958f206f428ee0be1", "price_changes": [{"asset_id": "81852449125816458832954503084733816912857404751370673968752277659227044513814", "price": "0.09", "size": "4557.32", "side": "BUY", "hash": "7da88bac2475666f48c9b9a826876031d20c6e40", "best_bid": "0.59", "best_ask": "0.7"}, {"asset_id": "103315802636477709585051407132235873504885885159504812994283629225150005412508", "price": "0.91", "size": "4557.32", "side": "SELL", "hash": "5c6e95a492d852ff4809740a48d763f2cc743d04", "best_bid": "0.3", "best_ask": "0.41"}], "timestamp": "1769384532896", "event_type": "price_change"}}
{"_local_timestamp": "2026-01-25T23:42:13.035536+00:00", "data": {"market": "0x3421d76e255190064bff57e8d27d3a3fedc0d4a620c7055958f206f428ee0be1", "price_changes": [{"asset_id": "81852449125816458832954503084733816912857404751370673968752277659227044513814", "price": "0.6", "size": "17", "side": "BUY", "hash": "4ff166f8b884dbbc8d0d1dba218504605857210c", "best_bid": "0.6", "best_ask": "0.7"}, {"asset_id": "103315802636477709585051407132235873504885885159504812994283629225150005412508", "price": "0.4", "size": "17", "side": "SELL", "hash": "a6990da38580a54270fa1209ab3e8359c73b57ed", "best_bid": "0.3", "best_ask": "0.4"}], "timestamp": "1769384532960", "event_type": "price_change"}}
{"_local_timestamp": "2026-01-25T23:42:20.131186+00:00", "data": {"market": "0x2f4b0113990e401417cb51a9c1af07e5d3ff0eb903796da0dde73e08b4682754", "price_changes": [{"asset_id": "105355403808706837932524308070165900151422956701523638055502682446324798876509", "price": "0.02", "size": "8.94", "side": "BUY", "hash": "a0838896db0d7b89e3330d6827a32594004b8863", "best_bid": "0.05", "best_ask": "0.96"}, {"asset_id": "110118670759224168129011353197635088241412053465564626113293944214285771990476", "price": "0.98", "size": "8.94", "side": "SELL", "hash": "6359867c13c39405dd75a795a011c33fc87c872b", "best_bid": "0.04", "best_ask": "0.95"}], "timestamp": "1769384540001", "event_type": "price_change"}}
{"_local_timestamp": "2026-01-25T23:42:20.171901+00:00", "data": {"market": "0x2f4b0113990e401417cb51a9c1af07e5d3ff0eb903796da0dde73e08b4682754", "price_changes": [{"asset_id": "105355403808706837932524308070165900151422956701523638055502682446324798876509", "price": "0.01", "size": "10506.24", "side": "BUY", "hash": "ec1ed47a0dee237629cdb5e6c7a927b478075b16", "best_bid": "0.05", "best_ask": "0.96"}, {"asset_id": "110118670759224168129011353197635088241412053465564626113293944214285771990476", "price": "0.99", "size": "10506.24", "side": "SELL", "hash": "a233d6ab86cf57013c449a51e8cae2d74f743356", "best_bid": "0.04", "best_ask": "0.95"}], "timestamp": "1769384540050", "event_type": "price_change"}}
{"_local_timestamp": "2026-01-25T23:42:20.256530+00:00", "data": {"market": "0x2f4b0113990e401417cb51a9c1af07e5d3ff0eb903796da0dde73e08b4682754", "price_changes": [{"asset_id": "105355403808706837932524308070165900151422956701523638055502682446324798876509", "price": "0.04", "size": "1140.11", "side": "BUY", "hash": "b43594e18968df9c5a899f3b3a5d8b9753018126", "best_bid": "0.05", "best_ask": "0.96"}, {"asset_id": "110118670759224168129011353197635088241412053465564626113293944214285771990476", "price": "0.96", "size": "1140.11", "side": "SELL", "hash": "b3e91b8b4806b79341924284448fea96c0949931", "best_bid": "0.04", "best_ask": "0.95"}], "timestamp": "1769384540127", "event_type": "price_change"}}
{"_local_timestamp": "2026-01-25T23:42:20.257595+00:00", "data": {"market": "0x2f4b0113990e401417cb51a9c1af07e5d3ff0eb903796da0dde73e08b4682754", "price_changes": [{"asset_id": "105355403808706837932524308070165900151422956701523638055502682446324798876509", "price": "0.05", "size": "896.12", "side": "BUY", "hash": "2301f3572987f3ad961322d945bdf5e1ab659a69", "best_bid": "0.05", "best_ask": "0.96"}, {"asset_id": "110118670759224168129011353197635088241412053465564626113293944214285771990476", "price": "0.95", "size": "896.12", "side": "SELL", "hash": "1a5cfac56e401db24adba6d5979fd6dde784042e", "best_bid": "0.04", "best_ask": "0.95"}], "timestamp": "1769384540127", "event_type": "price_change"}}
{"_local_timestamp": "2026-01-25T23:42:20.258548+00:00", "data": {"market": "0x2f4b0113990e401417cb51a9c1af07e5d3ff0eb903796da0dde73e08b4682754", "price_changes": [{"asset_id": "110118670759224168129011353197635088241412053465564626113293944214285771990476", "price": "0.02", "size": "1050.59", "side": "BUY", "hash": "7fd1991ed64318ace8f8e3837ea8b5c5fc0f5548", "best_bid": "0.04", "best_ask": "0.95"}, {"asset_id": "105355403808706837932524308070165900151422956701523638055502682446324798876509", "price": "0.98", "size": "1050.59", "side": "SELL", "hash": "b5559b51948e06c67a9e1a660fd5152ef3e3733d", "best_bid": "0.05", "best_ask": "0.96"}], "timestamp": "1769384540128", "event_type": "price_change"}}
{"_local_timestamp": "2026-01-25T23:42:21.351776+00:00", "data": {"market": "0x3421d76e255190064bff57e8d27d3a3fedc0d4a620c7055958f206f428ee0be1", "price_changes": [{"asset_id": "81852449125816458832954503084733816912857404751370673968752277659227044513814", "price": "0.11", "size": "0", "side": "BUY", "hash": "563bab8e3a667cddd046d335814a28a8dcfb9b9f", "best_bid": "0.6", "best_ask": "0.7"}, {"asset_id": "103315802636477709585051407132235873504885885159504812994283629225150005412508", "price": "0.89", "size": "0", "side": "SELL", "hash": "52c67bc7380b76edf3e53c9be06ba8ad438aafba", "best_bid": "0.3", "best_ask": "0.4"}], "timestamp": "1769384541228", "event_type": "price_change"}}
{"_local_timestamp": "2026-01-25T23:42:21.352871+00:00", "data": {"market": "0x3421d76e255190064bff57e8d27d3a3fedc0d4a620c7055958f206f428ee0be1", "price_changes": [{"asset_id": "103315802636477709585051407132235873504885885159504812994283629225150005412508", "price": "0.02", "size": "4307.32", "side": "BUY", "hash": "bc7e3d9104f50618ccc7500eb8ab944c0d7dfcbf", "best_bid": "0.3", "best_ask": "0.4"}, {"asset_id": "81852449125816458832954503084733816912857404751370673968752277659227044513814", "price": "0.98", "size": "4307.32", "side": "SELL", "hash": "a77ff670ba66c2a444eb8bc5ae95aeb5bd9a9bdf", "best_bid": "0.6", "best_ask": "0.7"}], "timestamp": "1769384541229", "event_type": "price_change"}}
{"_local_timestamp": "2026-01-25T23:42:21.357556+00:00", "data": {"market": "0x3421d76e255190064bff57e8d27d3a3fedc0d4a620c7055958f206f428ee0be1", "price_changes": [{"asset_id": "103315802636477709585051407132235873504885885159504812994283629225150005412508", "price": "0.04", "size": "0", "side": "BUY", "hash": "bc7e3d9104f50618ccc7500eb8ab944c0d7dfcbf", "best_bid": "0.3", "best_ask": "0.4"}, {"asset_id": "81852449125816458832954503084733816912857404751370673968752277659227044513814", "price": "0.96", "size": "0", "side": "SELL", "hash": "a77ff670ba66c2a444eb8bc5ae95aeb5bd9a9bdf", "best_bid": "0.6", "best_ask": "0.7"}], "timestamp": "1769384541229", "event_type": "price_change"}}
{"_local_timestamp": "2026-01-25T23:42:21.406357+00:00", "data": {"market": "0x3421d76e255190064bff57e8d27d3a3fedc0d4a620c7055958f206f428ee0be1", "price_changes": [{"asset_id": "81852449125816458832954503084733816912857404751370673968752277659227044513814", "price": "0.09", "size": "400", "side": "BUY", "hash": "26d91dea448f26e2412d362e7d296f922bb08f76", "best_bid": "0.6", "best_ask": "0.7"}, {"asset_id": "103315802636477709585051407132235873504885885159504812994283629225150005412508", "price": "0.91", "size": "400", "side": "SELL", "hash": "12634b1ebc065c83d5c8cd50c8fd6a3ebee23782", "best_bid": "0.3", "best_ask": "0.4"}], "timestamp": "1769384541281", "event_type": "price_change"}}
{"_local_timestamp": "2026-01-25T23:42:21.579841+00:00", "data": {"market": "0x3421d76e255190064bff57e8d27d3a3fedc0d4a620c7055958f206f428ee0be1", "price_changes": [{"asset_id": "81852449125816458832954503084733816912857404751370673968752277659227044513814", "price": "0.11", "size": "6.27", "side": "BUY", "hash": "5783615f0243dfe5c002e34bfaf04cc75763d3e3", "best_bid": "0.6", "best_ask": "0.7"}, {"asset_id": "103315802636477709585051407132235873504885885159504812994283629225150005412508", "price": "0.89", "size": "6.27", "side": "SELL", "hash": "93f858ce531120b81318df884899bb5ef15e2cc5", "best_bid": "0.3", "best_ask": "0.4"}], "timestamp": "1769384541456", "event_type": "price_change"}}
{"_local_timestamp": "2026-01-25T23:42:21.580856+00:00", "data": {"market": "0x3421d76e255190064bff57e8d27d3a3fedc0d4a620c7055958f206f428ee0be1", "price_changes": [{"asset_id": "103315802636477709585051407132235873504885885159504812994283629225150005412508", "price": "0.03", "size": "30.03", "side": "BUY", "hash": "780ef7e59da3338fb2ea74f7b9ed82c80e1df377", "best_bid": "0.3", "best_ask": "0.4"}, {"asset_id": "81852449125816458832954503084733816912857404751370673968752277659227044513814", "price": "0.97", "size": "30.03", "side": "SELL", "hash": "68b703b6a7a5ae88109be68c7a9fe59c2069ebdf", "best_bid": "0.6", "best_ask": "0.7"}], "timestamp": "1769384541457", "event_type": "price_change"}}
{"_local_timestamp": "2026-01-25T23:42:21.581768+00:00", "data": {"market": "0x3421d76e255190064bff57e8d27d3a3fedc0d4a620c7055958f206f428ee0be1", "price_changes": [{"asset_id": "103315802636477709585051407132235873504885885159504812994283629225150005412508", "price": "0.01", "size": "6689.01", "side": "BUY", "hash": "958d5b44e63a88a61252ef4ab015ff0bcf3fff2b", "best_bid": "0.3", "best_ask": "0.4"}, {"asset_id": "81852449125816458832954503084733816912857404751370673968752277659227044513814", "price": "0.99", "size": "6689.01", "side": "SELL", "hash": "ea01988a83b959bf41605a89822bf59dbaf319c9", "best_bid": "0.6", "best_ask": "0.7"}], "timestamp": "1769384541458", "event_type": "price_change"}}
{"_local_timestamp": "2026-01-25T23:42:23.874213+00:00", "data": {"market": "0x77468c50a9ce714aa9eb16e2bb90b98d16a4a585547ed4fdbae452db5f9d386f", "price_changes": [{"asset_id": "89110110129769653741673413416736327449432662042064593140215415289169242252459", "price": "0.03", "size": "8.96", "side": "BUY", "hash": "0ea75c7dc6930d432fe650e12bd235bea5d46f1d", "best_bid": "0.04", "best_ask": "0.97"}, {"asset_id": "42952029575471329717653204447729463818558544752972282503128626702262120630797", "price": "0.97", "size": "8.96", "side": "SELL", "hash": "b88b2b5dc6daf2bac215a98a9f0bf749b4012de6", "best_bid": "0.03", "best_ask": "0.96"}], "timestamp": "1769384543734", "event_type": "price_change"}}
{"_local_timestamp": "2026-01-25T23:42:23.875317+00:00", "data": {"market": "0x032f55fac09d8473633328659c36e68dd83394c969d7a058d3aba42db976eabe", "price_changes": [{"asset_id": "66991556103391952411457479917288428466035703391132788603226101064477717734512", "price": "0.02", "size": "156.7", "side": "BUY", "hash": "a9ac7d7c12b2f17bd9f24a2e225a50425111c7de", "best_bid": "0.06", "best_ask": "0.89"}, {"asset_id": "3599412144360911471033434445431387136341134279131242863585779959428118992221", "price": "0.98", "size": "156.7", "side": "SELL", "hash": "10e8f25041cbc4b5a9e7dcaf2fea6c49bfa479ee", "best_bid": "0.11", "best_ask": "0.94"}], "timestamp": "1769384543734", "event_type": "price_change"}}
{"_local_timestamp": "2026-01-25T23:42:23.876550+00:00", "data": {"market": "0x032f55fac09d8473633328659c36e68dd83394c969d7a058d3aba42db976eabe", "price_changes": [{"asset_id": "66991556103391952411457479917288428466035703391132788603226101064477717734512", "price": "0.04", "size": "0", "side": "BUY", "hash": "a9ac7d7c12b2f17bd9f24a2e225a50425111c7de", "best_bid": "0.06", "best_ask": "0.89"}, {"asset_id": "3599412144360911471033434445431387136341134279131242863585779959428118992221", "price": "0.96", "size": "0", "side": "SELL", "hash": "10e8f25041cbc4b5a9e7dcaf2fea6c49bfa479ee", "best_bid": "0.11", "best_ask": "0.94"}], "timestamp": "1769384543734", "event_type": "price_change"}}
{"_local_timestamp": "2026-01-25T23:42:24.194706+00:00", "data": {"market": "0x77468c50a9ce714aa9eb16e2bb90b98d16a4a585547ed4fdbae452db5f9d386f", "price_changes": [{"asset_id": "89110110129769653741673413416736327449432662042064593140215415289169242252459", "price": "0.03", "size": "18.99", "side": "BUY", "hash": "cbf6cf5ae53d76f7e22c0355f474ab4eac8f6520", "best_bid": "0.04", "best_ask": "0.97"}, {"asset_id": "42952029575471329717653204447729463818558544752972282503128626702262120630797", "price": "0.97", "size": "18.99", "side": "SELL", "hash": "32c914149c9609cd889180f224b0d7be2a6173a3", "best_bid": "0.03", "best_ask": "0.96"}], "timestamp": "1769384544028", "event_type": "price_change"}}
{"_local_timestamp": "2026-01-25T23:42:24.195733+00:00", "data": {"market": "0x032f55fac09d8473633328659c36e68dd83394c969d7a058d3aba42db976eabe", "price_changes": [{"asset_id": "66991556103391952411457479917288428466035703391132788603226101064477717734512", "price": "0.03", "size": "12.97", "side": "BUY", "hash": "b961c64c13eb02f3fdf39edf8ce638e9c4e8f97b", "best_bid": "0.06", "best_ask": "0.89"}, {"asset_id": "3599412144360911471033434445431387136341134279131242863585779959428118992221", "price": "0.97", "size": "12.97", "side": "SELL", "hash": "dc750ea1adc36aea04ea76e07dca9f13ad3d5cd0", "best_bid": "0.11", "best_ask": "0.94"}], "timestamp": "1769384544028", "event_type": "price_change"}}
{"_local_timestamp": "2026-01-25T23:42:24.196614+00:00", "data": {"market": "0x77468c50a9ce714aa9eb16e2bb90b98d16a4a585547ed4fdbae452db5f9d386f", "price_changes": [{"asset_id": "89110110129769653741673413416736327449432662042064593140215415289169242252459", "price": "0.01", "size": "302.04", "side": "BUY", "hash": "f5f5e980472ba23c32a9738492dd07153ad1c14e", "best_bid": "0.04", "best_ask": "0.97"}, {"asset_id": "42952029575471329717653204447729463818558544752972282503128626702262120630797", "price": "0.99", "size": "302.04", "side": "SELL", "hash": "cd9ed9ccc594e1246ea67e852e032231d4dc84de", "best_bid": "0.03", "best_ask": "0.96"}], "timestamp": "1769384544029", "event_type": "price_change"}}
{"_local_timestamp": "2026-01-25T23:42:24.197518+00:00", "data": {"market": "0x77468c50a9ce714aa9eb16e2bb90b98d16a4a585547ed4fdbae452db5f9d386f", "price_changes": [{"asset_id": "89110110129769653741673413416736327449432662042064593140215415289169242252459", "price": "0.02", "size": "252.48", "side": "BUY", "hash": "0c2ccf1db3ac9740597e41fb7df3c4f832599581", "best_bid": "0.04", "best_ask": "0.97"}, {"asset_id": "42952029575471329717653204447729463818558544752972282503128626702262120630797", "price": "0.98", "size": "252.48", "side": "SELL", "hash": "46b4f8e0fc39e2dffbb66434776263edaf5139d1", "best_bid": "0.03", "best_ask": "0.96"}], "timestamp": "1769384544030", "event_type": "price_change"}}
{"_local_timestamp": "2026-01-25T23:42:24.716738+00:00", "data": {"market": "0x2f4b0113990e401417cb51a9c1af07e5d3ff0eb903796da0dde73e08b4682754", "price_changes": [{"asset_id": "105355403808706837932524308070165900151422956701523638055502682446324798876509", "price": "0.03", "size": "0", "side": "BUY", "hash": "fd8436f01131bd326fb96678087eca960b09f200", "best_bid": "0.05", "best_ask": "0.96"}, {"asset_id": "110118670759224168129011353197635088241412053465564626113293944214285771990476", "price": "0.97", "size": "0", "side": "SELL", "hash": "a89ad35e92adc152ef62e2d3d2c0113c80f9183c", "best_bid": "0.04", "best_ask": "0.95"}], "timestamp": "1769384544487", "event_type": "price_change"}}
{"_local_timestamp": "2026-01-25T23:42:25.279654+00:00", "data": {"market": "0x2f4b0113990e401417cb51a9c1af07e5d3ff0eb903796da0dde73e08b4682754", "price_changes": [{"asset_id": "105355403808706837932524308070165900151422956701523638055502682446324798876509", "price": "0.02", "size": "25.57", "side": "BUY", "hash": "991b799e0a581454ad7c00cdd18d51069d2c82a5", "best_bid": "0.05", "best_ask": "0.96"}, {"asset_id": "110118670759224168129011353197635088241412053465564626113293944214285771990476", "price": "0.98", "size": "25.57", "side": "SELL", "hash": "2be730b464551f07d60393a301d5300abab52f3d", "best_bid": "0.04", "best_ask": "0.95"}], "timestamp": "1769384545138", "event_type": "price_change"}}
{"_local_timestamp": "2026-01-25T23:42:25.659704+00:00", "data": {"market": "0x0c7559bafb01fb817d9ba0d52f89e98a966f0860051f5890dc3cb9a641e44d23", "price_changes": [{"asset_id": "65965274837578386729789100600150477596210754897074823053053556377091296253517", "price": "0.03", "size": "9.19", "side": "BUY", "hash": "93ddd8ccb7d4389b932bec52fb159aeb09b0eafe", "best_bid": "0.04", "best_ask": "0.97"}, {"asset_id": "42287222517090165150415081891120612726666008470495474912977896615749748505495", "price": "0.97", "size": "9.19", "side": "SELL", "hash": "ddf589dbffcc93b3d6cfe27ebd1b562d9e2c84b4", "best_bid": "0.03", "best_ask": "0.96"}], "timestamp": "1769384545517", "event_type": "price_change"}}
{"_local_timestamp": "2026-01-25T23:42:26.019774+00:00", "data": {"market": "0x0c7559bafb01fb817d9ba0d52f89e98a966f0860051f5890dc3cb9a641e44d23", "price_changes": [{"asset_id": "65965274837578386729789100600150477596210754897074823053053556377091296253517", "price": "0.02", "size": "252.48", "side": "BUY", "hash": "6fb934e7b6f280536c3fa03faf1b0847fa93d133", "best_bid": "0.04", "best_ask": "0.97"}, {"asset_id": "42287222517090165150415081891120612726666008470495474912977896615749748505495", "price": "0.98", "size": "252.48", "side": "SELL", "hash": "93898a25eb81e7f851b99e00bd8fe13e22361b11", "best_bid": "0.03", "best_ask": "0.96"}], "timestamp": "1769384545882", "event_type": "price_change"}}
{"_local_timestamp": "2026-01-25T23:42:26.020942+00:00", "data": {"market": "0x0c7559bafb01fb817d9ba0d52f89e98a966f0860051f5890dc3cb9a641e44d23", "price_changes": [{"asset_id": "65965274837578386729789100600150477596210754897074823053053556377091296253517", "price": "0.01", "size": "302.04", "side": "BUY", "hash": "9e646516485b572221063a0ffd4b7126cc569775", "best_bid": "0.04", "best_ask": "0.97"}, {"asset_id": "42287222517090165150415081891120612726666008470495474912977896615749748505495", "price": "0.99", "size": "302.04", "side": "SELL", "hash": "fd6a9300a4d41989f03b940f4bb9dad2fe0832b7", "best_bid": "0.03", "best_ask": "0.96"}], "timestamp": "1769384545883", "event_type": "price_change"}}
{"_local_timestamp": "2026-01-25T23:42:26.030090+00:00", "data": {"market": "0x0c7559bafb01fb817d9ba0d52f89e98a966f0860051f5890dc3cb9a641e44d23", "price_changes": [{"asset_id": "65965274837578386729789100600150477596210754897074823053053556377091296253517", "price": "0.03", "size": "18.99", "side": "BUY", "hash": "59f1ed36a6d7d70ad9b84f7496c232644837338a", "best_bid": "0.04", "best_ask": "0.97"}, {"asset_id": "42287222517090165150415081891120612726666008470495474912977896615749748505495", "price": "0.97", "size": "18.99", "side": "SELL", "hash": "e1e47806fc52761a81d1efac9d7ba8ff6dc459f5", "best_bid": "0.03", "best_ask": "0.96"}], "timestamp": "1769384545884", "event_type": "price_change"}}
{"_local_timestamp": "2026-01-25T23:42:26.052550+00:00", "data": {"market": "0x2f4b0113990e401417cb51a9c1af07e5d3ff0eb903796da0dde73e08b4682754", "price_changes": [{"asset_id": "105355403808706837932524308070165900151422956701523638055502682446324798876509", "price": "0.02", "size": "175.57", "side": "BUY", "hash": "4c220bfe2e6bdaf435eefed203aab960119376d5", "best_bid": "0.05", "best_ask": "0.96"}, {"asset_id": "110118670759224168129011353197635088241412053465564626113293944214285771990476", "price": "0.98", "size": "175.57", "side": "SELL", "hash": "26527f900dcdf6d1c7a5d3583555d3e1d287b9ef", "best_bid": "0.04", "best_ask": "0.95"}], "timestamp": "1769384545913", "event_type": "price_change"}}
{"_local_timestamp": "2026-01-25T23:42:42.898943+00:00", "data": {"market": "0x3421d76e255190064bff57e8d27d3a3fedc0d4a620c7055958f206f428ee0be1", "price_changes": [{"asset_id": "81852449125816458832954503084733816912857404751370673968752277659227044513814", "price": "0.08", "size": "4357.32", "side": "BUY", "hash": "d1d2fbe2c5f1aa6d15d7262f8e8a5e990e66d101", "best_bid": "0.6", "best_ask": "0.7"}, {"asset_id": "103315802636477709585051407132235873504885885159504812994283629225150005412508", "price": "0.92", "size": "4357.32", "side": "SELL", "hash": "eb8a241d734c73d8da4b14d6e25b23ba430890b6", "best_bid": "0.3", "best_ask": "0.4"}], "timestamp": "1769384562756", "event_type": "price_change"}}
{"_local_timestamp": "2026-01-25T23:42:43.179104+00:00", "data": {"market": "0x3421d76e255190064bff57e8d27d3a3fedc0d4a620c7055958f206f428ee0be1", "price_changes": [{"asset_id": "81852449125816458832954503084733816912857404751370673968752277659227044513814", "price": "0.09", "size": "500", "side": "BUY", "hash": "9f5f0abc5a196294beafd56b2feb397d78869aaa", "best_bid": "0.6", "best_ask": "0.7"}, {"asset_id": "103315802636477709585051407132235873504885885159504812994283629225150005412508", "price": "0.91", "size": "500", "side": "SELL", "hash": "001016b9288e14d0e96a8482982e0eecd140b32c", "best_bid": "0.3", "best_ask": "0.4"}], "timestamp": "1769384563019", "event_type": "price_change"}}
{"_local_timestamp": "2026-01-25T23:42:43.338310+00:00", "data": {"market": "0x3421d76e255190064bff57e8d27d3a3fedc0d4a620c7055958f206f428ee0be1", "price_changes": [{"asset_id": "81852449125816458832954503084733816912857404751370673968752277659227044513814", "price": "0.6", "size": "0", "side": "BUY", "hash": "0289f4db84dfe86449c9c309eb5c3c440caee7ec", "best_bid": "0.59", "best_ask": "0.7"}, {"asset_id": "103315802636477709585051407132235873504885885159504812994283629225150005412508", "price": "0.4", "size": "0", "side": "SELL", "hash": "368dccb8acc593904d582ebc557735e8c0389093", "best_bid": "0.3", "best_ask": "0.41"}], "timestamp": "1769384563158", "event_type": "price_change"}}
{"_local_timestamp": "2026-01-25T23:42:43.481056+00:00", "data": {"market": "0x3421d76e255190064bff57e8d27d3a3fedc0d4a620c7055958f206f428ee0be1", "price_changes": [{"asset_id": "81852449125816458832954503084733816912857404751370673968752277659227044513814", "price": "0.6", "size": "17", "side": "BUY", "hash": "a3b5c94d6a5ea83670914c5cffbc28a614960e46", "best_bid": "0.6", "best_ask": "0.7"}, {"asset_id": "103315802636477709585051407132235873504885885159504812994283629225150005412508", "price": "0.4", "size": "17", "side": "SELL", "hash": "79626a4f7b62451ec3c62580c2f8e5c43bc02583", "best_bid": "0.3", "best_ask": "0.4"}], "timestamp": "1769384563336", "event_type": "price_change"}}
{"_local_timestamp": "2026-01-25T23:42:55.198367+00:00", "data": {"market": "0x3421d76e255190064bff57e8d27d3a3fedc0d4a620c7055958f206f428ee0be1", "price_changes": [{"asset_id": "81852449125816458832954503084733816912857404751370673968752277659227044513814", "price": "0.09", "size": "100", "side": "BUY", "hash": "1f3c47c7dce0a0b6d8e5714bc18599a00d7e9b45", "best_bid": "0.6", "best_ask": "0.7"}, {"asset_id": "103315802636477709585051407132235873504885885159504812994283629225150005412508", "price": "0.91", "size": "100", "side": "SELL", "hash": "a7d2984eede51aac701434dd4c838bbf7f6c3b1b", "best_bid": "0.3", "best_ask": "0.4"}], "timestamp": "1769384575059", "event_type": "price_change"}}
{"_local_timestamp": "2026-01-25T23:42:55.468577+00:00", "data": {"market": "0x3421d76e255190064bff57e8d27d3a3fedc0d4a620c7055958f206f428ee0be1", "price_changes": [{"asset_id": "81852449125816458832954503084733816912857404751370673968752277659227044513814", "price": "0.08", "size": "4757.32", "side": "BUY", "hash": "4734a8b86052cdf06d94e47c07c8726c4c7947a1", "best_bid": "0.6", "best_ask": "0.7"}, {"asset_id": "103315802636477709585051407132235873504885885159504812994283629225150005412508", "price": "0.92", "size": "4757.32", "side": "SELL", "hash": "120675b22a57f0b96956e33837c109a4285d2919", "best_bid": "0.3", "best_ask": "0.4"}], "timestamp": "1769384575331", "event_type": "price_change"}}
{"_local_timestamp": "2026-01-25T23:42:55.526257+00:00", "data": {"market": "0x3421d76e255190064bff57e8d27d3a3fedc0d4a620c7055958f206f428ee0be1", "price_changes": [{"asset_id": "81852449125816458832954503084733816912857404751370673968752277659227044513814", "price": "0.09", "size": "990.11", "side": "BUY", "hash": "9535bb51252b00e45171f29f334402d1a0a50b5f", "best_bid": "0.6", "best_ask": "0.7"}, {"asset_id": "103315802636477709585051407132235873504885885159504812994283629225150005412508", "price": "0.91", "size": "990.11", "side": "SELL", "hash": "392767308db9b3931aa7f120371595907aeb22b7", "best_bid": "0.3", "best_ask": "0.4"}], "timestamp": "1769384575379", "event_type": "price_change"}}
{"_local_timestamp": "2026-01-25T23:42:55.527398+00:00", "data": {"market": "0x3421d76e255190064bff57e8d27d3a3fedc0d4a620c7055958f206f428ee0be1", "price_changes": [{"asset_id": "81852449125816458832954503084733816912857404751370673968752277659227044513814", "price": "0.09", "size": "2260.21", "side": "BUY", "hash": "1fc03e9075d4ae059aef9b352ed332c868b87559", "best_bid": "0.6", "best_ask": "0.7"}, {"asset_id": "103315802636477709585051407132235873504885885159504812994283629225150005412508", "price": "0.91", "size": "2260.21", "side": "SELL", "hash": "119279af0b5e0d446c5ebc5ab5e01609b5682a11", "best_bid": "0.3", "best_ask": "0.4"}], "timestamp": "1769384575379", "event_type": "price_change"}}
{"_local_timestamp": "2026-01-25T23:42:55.530275+00:00", "data": {"market": "0x3421d76e255190064bff57e8d27d3a3fedc0d4a620c7055958f206f428ee0be1", "price_changes": [{"asset_id": "81852449125816458832954503084733816912857404751370673968752277659227044513814", "price": "0.09", "size": "4257.32", "side": "BUY", "hash": "76358ed06953096f3b4a12a273ff65c69acf63a7", "best_bid": "0.6", "best_ask": "0.7"}, {"asset_id": "103315802636477709585051407132235873504885885159504812994283629225150005412508", "price": "0.91", "size": "4257.32", "side": "SELL", "hash": "5c1e763c1add48855eb54775448f7077dad2ab7e", "best_bid": "0.3", "best_ask": "0.4"}], "timestamp": "1769384575380", "event_type": "price_change"}}
{"_local_timestamp": "2026-01-25T23:43:15.565084+00:00", "data": {"market": "0x3421d76e255190064bff57e8d27d3a3fedc0d4a620c7055958f206f428ee0be1", "price_changes": [{"asset_id": "81852449125816458832954503084733816912857404751370673968752277659227044513814", "price": "0.08", "size": "4357.32", "side": "BUY", "hash": "4301f5221bf232cdd84ffb83e098d3c1d8504f81", "best_bid": "0.6", "best_ask": "0.7"}, {"asset_id": "103315802636477709585051407132235873504885885159504812994283629225150005412508", "price": "0.92", "size": "4357.32", "side": "SELL", "hash": "3c9edcf3e36ac45e1f64bfbd0fc927188603df21", "best_bid": "0.3", "best_ask": "0.4"}], "timestamp": "1769384595447", "event_type": "price_change"}}
{"_local_timestamp": "2026-01-25T23:43:15.652848+00:00", "data": {"market": "0x3421d76e255190064bff57e8d27d3a3fedc0d4a620c7055958f206f428ee0be1", "price_changes": [{"asset_id": "81852449125816458832954503084733816912857404751370673968752277659227044513814", "price": "0.09", "size": "100", "side": "BUY", "hash": "78309553bbfda359fae2b2b2812ce96549869c54", "best_bid": "0.6", "best_ask": "0.7"}, {"asset_id": "103315802636477709585051407132235873504885885159504812994283629225150005412508", "price": "0.91", "size": "100", "side": "SELL", "hash": "25f6c60a2583f76566dd41e3053ea5f3ab0b86dd", "best_bid": "0.3", "best_ask": "0.4"}], "timestamp": "1769384595534", "event_type": "price_change"}}
{"_local_timestamp": "2026-01-25T23:43:15.692815+00:00", "data": {"market": "0x3421d76e255190064bff57e8d27d3a3fedc0d4a620c7055958f206f428ee0be1", "price_changes": [{"asset_id": "81852449125816458832954503084733816912857404751370673968752277659227044513814", "price": "0.6", "size": "0", "side": "BUY", "hash": "1ba598b8b5e69d4a905af954b11b9a7c559e0e22", "best_bid": "0.59", "best_ask": "0.7"}, {"asset_id": "103315802636477709585051407132235873504885885159504812994283629225150005412508", "price": "0.4", "size": "0", "side": "SELL", "hash": "fb9336b01ea860be1f4fd51b304802a766a21039", "best_bid": "0.3", "best_ask": "0.41"}], "timestamp": "1769384595582", "event_type": "price_change"}}
{"_local_timestamp": "2026-01-25T23:43:15.843215+00:00", "data": {"market": "0x3421d76e255190064bff57e8d27d3a3fedc0d4a620c7055958f206f428ee0be1", "price_changes": [{"asset_id": "81852449125816458832954503084733816912857404751370673968752277659227044513814", "price": "0.09", "size": "500", "side": "BUY", "hash": "e23f94e3c55b1058d3f6acd396b40084999d7dab", "best_bid": "0.59", "best_ask": "0.7"}, {"asset_id": "103315802636477709585051407132235873504885885159504812994283629225150005412508", "price": "0.91", "size": "500", "side": "SELL", "hash": "467967fd190531719e733da36621e088973ea9f0", "best_bid": "0.3", "best_ask": "0.41"}], "timestamp": "1769384595724", "event_type": "price_change"}}
{"_local_timestamp": "2026-01-25T23:43:15.903170+00:00", "data": {"market": "0x3421d76e255190064bff57e8d27d3a3fedc0d4a620c7055958f206f428ee0be1", "price_changes": [{"asset_id": "81852449125816458832954503084733816912857404751370673968752277659227044513814", "price": "0.6", "size": "17", "side": "BUY", "hash": "c44b88cc1c5dd229e7334728876f5c0a88a29a79", "best_bid": "0.6", "best_ask": "0.7"}, {"asset_id": "103315802636477709585051407132235873504885885159504812994283629225150005412508", "price": "0.4", "size": "17", "side": "SELL", "hash": "5e10853f6b2c164abe360d283a1bebc27b1ff83c", "best_bid": "0.3", "best_ask": "0.4"}], "timestamp": "1769384595777", "event_type": "price_change"}}
{"_local_timestamp": "2026-01-25T23:43:16.141920+00:00", "data": {"market": "0x3421d76e255190064bff57e8d27d3a3fedc0d4a620c7055958f206f428ee0be1", "price_changes": [{"asset_id": "81852449125816458832954503084733816912857404751370673968752277659227044513814", "price": "0.09", "size": "400", "side": "BUY", "hash": "d8ddce3e438d9aa6189c9a415462f425d8d04cf0", "best_bid": "0.6", "best_ask": "0.7"}, {"asset_id": "103315802636477709585051407132235873504885885159504812994283629225150005412508", "price": "0.91", "size": "400", "side": "SELL", "hash": "b63dd4db2eb652e8dd505c2da478e8c0e726ba35", "best_bid": "0.3", "best_ask": "0.4"}], "timestamp": "1769384596004", "event_type": "price_change"}}
{"_local_timestamp": "2026-01-25T23:43:16.411604+00:00", "data": {"market": "0x3421d76e255190064bff57e8d27d3a3fedc0d4a620c7055958f206f428ee0be1", "price_changes": [{"asset_id": "81852449125816458832954503084733816912857404751370673968752277659227044513814", "price": "0.08", "size": "4457.32", "side": "BUY", "hash": "ac0b37f7b14093c4c045a06040735a863e04abe6", "best_bid": "0.6", "best_ask": "0.7"}, {"asset_id": "103315802636477709585051407132235873504885885159504812994283629225150005412508", "price": "0.92", "size": "4457.32", "side": "SELL", "hash": "2075ff57bd184d8211e52058093c142c03e89d69", "best_bid": "0.3", "best_ask": "0.4"}], "timestamp": "1769384596286", "event_type": "price_change"}}
{"_local_timestamp": "2026-01-25T23:43:18.566467+00:00", "data": {"market": "0x3421d76e255190064bff57e8d27d3a3fedc0d4a620c7055958f206f428ee0be1", "price_changes": [{"asset_id": "81852449125816458832954503084733816912857404751370673968752277659227044513814", "price": "0.08", "size": "4357.32", "side": "BUY", "hash": "089cb25020326cc1ed55d62421a1a563b0c31eac", "best_bid": "0.6", "best_ask": "0.7"}, {"asset_id": "103315802636477709585051407132235873504885885159504812994283629225150005412508", "price": "0.92", "size": "4357.32", "side": "SELL", "hash": "9c320dc2f856dcb98798c734fe0dd7aa337a44fe", "best_bid": "0.3", "best_ask": "0.4"}], "timestamp": "1769384598437", "event_type": "price_change"}}
{"_local_timestamp": "2026-01-25T23:43:18.894076+00:00", "data": {"market": "0x3421d76e255190064bff57e8d27d3a3fedc0d4a620c7055958f206f428ee0be1", "price_changes": [{"asset_id": "81852449125816458832954503084733816912857404751370673968752277659227044513814", "price": "0.09", "size": "500", "side": "BUY", "hash": "4888d725a3d5c284d7ab7b739f0835c3f4397a4a", "best_bid": "0.6", "best_ask": "0.7"}, {"asset_id": "103315802636477709585051407132235873504885885159504812994283629225150005412508", "price": "0.91", "size": "500", "side": "SELL", "hash": "bc0ccff1db940511e4a09693466841ccfdb13df2", "best_bid": "0.3", "best_ask": "0.4"}], "timestamp": "1769384598783", "event_type": "price_change"}}
{"_local_timestamp": "2026-01-25T23:43:38.170139+00:00", "data": {"market": "0x3421d76e255190064bff57e8d27d3a3fedc0d4a620c7055958f206f428ee0be1", "price_changes": [{"asset_id": "81852449125816458832954503084733816912857404751370673968752277659227044513814", "price": "0.09", "size": "100", "side": "BUY", "hash": "426be12cd70fa7fcf246edb5b8708e7f827e3a8d", "best_bid": "0.6", "best_ask": "0.7"}, {"asset_id": "103315802636477709585051407132235873504885885159504812994283629225150005412508", "price": "0.91", "size": "100", "side": "SELL", "hash": "0e3b6ab8a89c9a9e24278fcff2bb9809f4b34e2b", "best_bid": "0.3", "best_ask": "0.4"}], "timestamp": "1769384618099", "event_type": "price_change"}}
{"_local_timestamp": "2026-01-25T23:43:38.445459+00:00", "data": {"market": "0x3421d76e255190064bff57e8d27d3a3fedc0d4a620c7055958f206f428ee0be1", "price_changes": [{"asset_id": "81852449125816458832954503084733816912857404751370673968752277659227044513814", "price": "0.08", "size": "4757.32", "side": "BUY", "hash": "5ed37c19d0239aabcd4b6facd15f89c4e5d66e86", "best_bid": "0.6", "best_ask": "0.7"}, {"asset_id": "103315802636477709585051407132235873504885885159504812994283629225150005412508", "price": "0.92", "size": "4757.32", "side": "SELL", "hash": "291ccf87b12a98d59cde040c4d9f0457a9d71c1a", "best_bid": "0.3", "best_ask": "0.4"}], "timestamp": "1769384618377", "event_type": "price_change"}}
{"_local_timestamp": "2026-01-25T23:43:38.515775+00:00", "data": {"market": "0x3421d76e255190064bff57e8d27d3a3fedc0d4a620c7055958f206f428ee0be1", "price_changes": [{"asset_id": "81852449125816458832954503084733816912857404751370673968752277659227044513814", "price": "0.09", "size": "2097.11", "side": "BUY", "hash": "01f94dc79eaf72e6b1f3b0015163e1f4bc7bae90", "best_bid": "0.6", "best_ask": "0.7"}, {"asset_id": "103315802636477709585051407132235873504885885159504812994283629225150005412508", "price": "0.91", "size": "2097.11", "side": "SELL", "hash": "4f428a2fb09de90512c93ca2ba8e3f0f30fa96b5", "best_bid": "0.3", "best_ask": "0.4"}], "timestamp": "1769384618445", "event_type": "price_change"}}
{"_local_timestamp": "2026-01-25T23:43:38.531448+00:00", "data": {"market": "0x3421d76e255190064bff57e8d27d3a3fedc0d4a620c7055958f206f428ee0be1", "price_changes": [{"asset_id": "81852449125816458832954503084733816912857404751370673968752277659227044513814", "price": "0.09", "size": "2987.22", "side": "BUY", "hash": "b64eec8c0b1b159aa93eecc23d4480574efb9948", "best_bid": "0.6", "best_ask": "0.7"}, {"asset_id": "103315802636477709585051407132235873504885885159504812994283629225150005412508", "price": "0.91", "size": "2987.22", "side": "SELL", "hash": "3b17503081ae651130e24f57b252018cb6f41600", "best_bid": "0.3", "best_ask": "0.4"}], "timestamp": "1769384618446", "event_type": "price_change"}}
{"_local_timestamp": "2026-01-25T23:43:38.532566+00:00", "data": {"market": "0x3421d76e255190064bff57e8d27d3a3fedc0d4a620c7055958f206f428ee0be1", "price_changes": [{"asset_id": "81852449125816458832954503084733816912857404751370673968752277659227044513814", "price": "0.09", "size": "4257.32", "side": "BUY", "hash": "fde37a2207972e9f602dcd8f0b84a380d76c20bb", "best_bid": "0.6", "best_ask": "0.7"}, {"asset_id": "103315802636477709585051407132235873504885885159504812994283629225150005412508", "price": "0.91", "size": "4257.32", "side": "SELL", "hash": "9b04f550a732b47fc4cd7e3213cb1b43ca6ec0f3", "best_bid": "0.3", "best_ask": "0.4"}], "timestamp": "1769384618447", "event_type": "price_change"}}
{"_local_timestamp": "2026-01-25T23:43:44.789153+00:00", "data": {"market": "0x3421d76e255190064bff57e8d27d3a3fedc0d4a620c7055958f206f428ee0be1", "price_changes": [{"asset_id": "81852449125816458832954503084733816912857404751370673968752277659227044513814", "price": "0.09", "size": "4157.32", "side": "BUY", "hash": "0b463c233828d218e34648f8b37e795c22e22b4c", "best_bid": "0.6", "best_ask": "0.7"}, {"asset_id": "103315802636477709585051407132235873504885885159504812994283629225150005412508", "price": "0.91", "size": "4157.32", "side": "SELL", "hash": "548bb93924aafc78aa858d928c3100a4e3788bf6", "best_bid": "0.3", "best_ask": "0.4"}], "timestamp": "1769384624684", "event_type": "price_change"}}
{"_local_timestamp": "2026-01-25T23:43:44.916058+00:00", "data": {"market": "0x3421d76e255190064bff57e8d27d3a3fedc0d4a620c7055958f206f428ee0be1", "price_changes": [{"asset_id": "81852449125816458832954503084733816912857404751370673968752277659227044513814", "price": "0.08", "size": "600", "side": "BUY", "hash": "62b2ee9674dee3d62ac6fb2f5cd1823ed36d6502", "best_bid": "0.6", "best_ask": "0.7"}, {"asset_id": "103315802636477709585051407132235873504885885159504812994283629225150005412508", "price": "0.92", "size": "600", "side": "SELL", "hash": "55a7c0fe787b19b90934e92d66bd782eac48616c", "best_bid": "0.3", "best_ask": "0.4"}], "timestamp": "1769384624832", "event_type": "price_change"}}
{"_local_timestamp": "2026-01-25T23:43:45.036518+00:00", "data": {"market": "0x3421d76e255190064bff57e8d27d3a3fedc0d4a620c7055958f206f428ee0be1", "price_changes": [{"asset_id": "81852449125816458832954503084733816912857404751370673968752277659227044513814", "price": "0.08", "size": "700", "side": "BUY", "hash": "2d10ab72bd1c5570f6d0c93e44ded21bff67ff47", "best_bid": "0.6", "best_ask": "0.7"}, {"asset_id": "103315802636477709585051407132235873504885885159504812994283629225150005412508", "price": "0.92", "size": "700", "side": "SELL", "hash": "c42f4d521eeb5ad332dc7c04ddb49f3edb75c880", "best_bid": "0.3", "best_ask": "0.4"}], "timestamp": "1769384624965", "event_type": "price_change"}}
{"_local_timestamp": "2026-01-25T23:44:01.556590+00:00", "data": {"market": "0x3421d76e255190064bff57e8d27d3a3fedc0d4a620c7055958f206f428ee0be1", "price_changes": [{"asset_id": "81852449125816458832954503084733816912857404751370673968752277659227044513814", "price": "0.08", "size": "300", "side": "BUY", "hash": "9e400d062dcd4d158c1c3f9fa62a3077952507e1", "best_bid": "0.6", "best_ask": "0.7"}, {"asset_id": "103315802636477709585051407132235873504885885159504812994283629225150005412508", "price": "0.92", "size": "300", "side": "SELL", "hash": "cc9fb0d37bdd1a5969664286250a5c035499181e", "best_bid": "0.3", "best_ask": "0.4"}], "timestamp": "1769384641426", "event_type": "price_change"}}
{"_local_timestamp": "2026-01-25T23:44:01.592119+00:00", "data": {"market": "0x3421d76e255190064bff57e8d27d3a3fedc0d4a620c7055958f206f428ee0be1", "price_changes": [{"asset_id": "81852449125816458832954503084733816912857404751370673968752277659227044513814", "price": "0.08", "size": "1190.11", "side": "BUY", "hash": "346a008060ce8faec5083489372f957c230c140e", "best_bid": "0.6", "best_ask": "0.7"}, {"asset_id": "103315802636477709585051407132235873504885885159504812994283629225150005412508", "price": "0.92", "size": "1190.11", "side": "SELL", "hash": "5c7a1048803152cc63cfd66699fe5041458ac1e0", "best_bid": "0.3", "best_ask": "0.4"}], "timestamp": "1769384641460", "event_type": "price_change"}}
{"_local_timestamp": "2026-01-25T23:44:01.632059+00:00", "data": {"market": "0x3421d76e255190064bff57e8d27d3a3fedc0d4a620c7055958f206f428ee0be1", "price_changes": [{"asset_id": "81852449125816458832954503084733816912857404751370673968752277659227044513814", "price": "0.08", "size": "3187.22", "side": "BUY", "hash": "f1eee41b792e40513e45307f8cabbdcddef76336", "best_bid": "0.6", "best_ask": "0.7"}, {"asset_id": "103315802636477709585051407132235873504885885159504812994283629225150005412508", "price": "0.92", "size": "3187.22", "side": "SELL", "hash": "69c9bea0aacd9c7128434ea45d36943825168055", "best_bid": "0.3", "best_ask": "0.4"}], "timestamp": "1769384641504", "event_type": "price_change"}}
{"_local_timestamp": "2026-01-25T23:44:01.633105+00:00", "data": {"market": "0x3421d76e255190064bff57e8d27d3a3fedc0d4a620c7055958f206f428ee0be1", "price_changes": [{"asset_id": "81852449125816458832954503084733816912857404751370673968752277659227044513814", "price": "0.08", "size": "4457.32", "side": "BUY", "hash": "08b41ad0d1b2ebf70d327c4d3bdaf8539d818267", "best_bid": "0.6", "best_ask": "0.7"}, {"asset_id": "103315802636477709585051407132235873504885885159504812994283629225150005412508", "price": "0.92", "size": "4457.32", "side": "SELL", "hash": "550ef1b1a1612a83c72b5ad7ff4bbd215fd9a2f1", "best_bid": "0.3", "best_ask": "0.4"}], "timestamp": "1769384641504", "event_type": "price_change"}}
{"_local_timestamp": "2026-01-25T23:44:01.657448+00:00", "data": {"market": "0x3421d76e255190064bff57e8d27d3a3fedc0d4a620c7055958f206f428ee0be1", "price_changes": [{"asset_id": "81852449125816458832954503084733816912857404751370673968752277659227044513814", "price": "0.6", "size": "0", "side": "BUY", "hash": "cbcd270e8d580a501920794d10d7d4840448d53c", "best_bid": "0.59", "best_ask": "0.7"}, {"asset_id": "103315802636477709585051407132235873504885885159504812994283629225150005412508", "price": "0.4", "size": "0", "side": "SELL", "hash": "c66e42d012ef309828ed1a2b5f3e8938c578bf4a", "best_bid": "0.3", "best_ask": "0.41"}], "timestamp": "1769384641532", "event_type": "price_change"}}
{"_local_timestamp": "2026-01-25T23:44:01.784141+00:00", "data": {"market": "0x3421d76e255190064bff57e8d27d3a3fedc0d4a620c7055958f206f428ee0be1", "price_changes": [{"asset_id": "81852449125816458832954503084733816912857404751370673968752277659227044513814", "price": "0.6", "size": "17", "side": "BUY", "hash": "577946305dc49a107ffe23e4515ebde1a01ae11c", "best_bid": "0.6", "best_ask": "0.7"}, {"asset_id": "103315802636477709585051407132235873504885885159504812994283629225150005412508", "price": "0.4", "size": "17", "side": "SELL", "hash": "ea9be4cb7de914b64422c8b249b3ffa6bd989163", "best_bid": "0.3", "best_ask": "0.4"}], "timestamp": "1769384641645", "event_type": "price_change"}}
{"_local_timestamp": "2026-01-25T23:44:01.858950+00:00", "data": {"market": "0x3421d76e255190064bff57e8d27d3a3fedc0d4a620c7055958f206f428ee0be1", "price_changes": [{"asset_id": "81852449125816458832954503084733816912857404751370673968752277659227044513814", "price": "0.09", "size": "4557.32", "side": "BUY", "hash": "877d879c786285e8992ffaa1c3a91427cb7331cb", "best_bid": "0.6", "best_ask": "0.7"}, {"asset_id": "103315802636477709585051407132235873504885885159504812994283629225150005412508", "price": "0.91", "size": "4557.32", "side": "SELL", "hash": "f61e62fb805a8c5c43adad5a9934570b1d019dc9", "best_bid": "0.3", "best_ask": "0.4"}], "timestamp": "1769384641725", "event_type": "price_change"}}
{"_local_timestamp": "2026-01-25T23:44:01.900611+00:00", "data": {"market": "0x3421d76e255190064bff57e8d27d3a3fedc0d4a620c7055958f206f428ee0be1", "price_changes": [{"asset_id": "81852449125816458832954503084733816912857404751370673968752277659227044513814", "price": "0.09", "size": "10556.43", "side": "BUY", "hash": "acbb8557c9984eaa1bccd928fa3493a56cebbb1a", "best_bid": "0.6", "best_ask": "0.7"}, {"asset_id": "103315802636477709585051407132235873504885885159504812994283629225150005412508", "price": "0.91", "size": "10556.43", "side": "SELL", "hash": "f601790d62045993e6fec403f3ef4ec986f80c7b", "best_bid": "0.3", "best_ask": "0.4"}], "timestamp": "1769384641769", "event_type": "price_change"}}
{"_local_timestamp": "2026-01-25T23:44:06.349992+00:00", "data": {"market": "0x3421d76e255190064bff57e8d27d3a3fedc0d4a620c7055958f206f428ee0be1", "price_changes": [{"asset_id": "81852449125816458832954503084733816912857404751370673968752277659227044513814", "price": "0.08", "size": "4357.32", "side": "BUY", "hash": "312dcb1aaf93c2ef26d4696fc196425b2bceabfa", "best_bid": "0.6", "best_ask": "0.7"}, {"asset_id": "103315802636477709585051407132235873504885885159504812994283629225150005412508", "price": "0.92", "size": "4357.32", "side": "SELL", "hash": "827d2aa10ca6aa26fe180351b50bc76a8e59f3b7", "best_bid": "0.3", "best_ask": "0.4"}], "timestamp": "1769384646218", "event_type": "price_change"}}
{"_local_timestamp": "2026-01-25T23:44:06.462257+00:00", "data": {"market": "0x3421d76e255190064bff57e8d27d3a3fedc0d4a620c7055958f206f428ee0be1", "price_changes": [{"asset_id": "81852449125816458832954503084733816912857404751370673968752277659227044513814", "price": "0.09", "size": "400", "side": "BUY", "hash": "0ba54b23231dda9a0df3135e7b06349efd46c11c", "best_bid": "0.6", "best_ask": "0.7"}, {"asset_id": "103315802636477709585051407132235873504885885159504812994283629225150005412508", "price": "0.91", "size": "400", "side": "SELL", "hash": "4ff6f4afd0fc79f749ae7402b0b3e0204bf58465", "best_bid": "0.3", "best_ask": "0.4"}], "timestamp": "1769384646331", "event_type": "price_change"}}
{"_local_timestamp": "2026-01-25T23:44:06.622757+00:00", "data": {"market": "0x3421d76e255190064bff57e8d27d3a3fedc0d4a620c7055958f206f428ee0be1", "price_changes": [{"asset_id": "81852449125816458832954503084733816912857404751370673968752277659227044513814", "price": "0.09", "size": "500", "side": "BUY", "hash": "88618b590d014b1abb2db375afca0c293cdec552", "best_bid": "0.6", "best_ask": "0.7"}, {"asset_id": "103315802636477709585051407132235873504885885159504812994283629225150005412508", "price": "0.91", "size": "500", "side": "SELL", "hash": "7a912becc347002406544848c2b2659f673c243e", "best_bid": "0.3", "best_ask": "0.4"}], "timestamp": "1769384646491", "event_type": "price_change"}}
{"_local_timestamp": "2026-01-25T23:44:18.095521+00:00", "data": {"market": "0x3421d76e255190064bff57e8d27d3a3fedc0d4a620c7055958f206f428ee0be1", "price_changes": [{"asset_id": "81852449125816458832954503084733816912857404751370673968752277659227044513814", "price": "0.08", "size": "4257.32", "side": "BUY", "hash": "292bee9302de2bdb492e3e05b66a535540982dba", "best_bid": "0.6", "best_ask": "0.7"}, {"asset_id": "103315802636477709585051407132235873504885885159504812994283629225150005412508", "price": "0.92", "size": "4257.32", "side": "SELL", "hash": "8316b985c9e2a1531698df3e009982e6778da028", "best_bid": "0.3", "best_ask": "0.4"}], "timestamp": "1769384658004", "event_type": "price_change"}}
{"_local_timestamp": "2026-01-25T23:44:18.386227+00:00", "data": {"market": "0x3421d76e255190064bff57e8d27d3a3fedc0d4a620c7055958f206f428ee0be1", "price_changes": [{"asset_id": "81852449125816458832954503084733816912857404751370673968752277659227044513814", "price": "0.09", "size": "600", "side": "BUY", "hash": "16fc4e85f84e93c7f86cc649038c2e0d35c1e1f2", "best_bid": "0.6", "best_ask": "0.7"}, {"asset_id": "103315802636477709585051407132235873504885885159504812994283629225150005412508", "price": "0.91", "size": "600", "side": "SELL", "hash": "dbcd421f44cccc5dd6b4028e54196ac6980401af", "best_bid": "0.3", "best_ask": "0.4"}], "timestamp": "1769384658315", "event_type": "price_change"}}
{"_local_timestamp": "2026-01-25T23:44:18.444436+00:00", "data": {"market": "0x3421d76e255190064bff57e8d27d3a3fedc0d4a620c7055958f206f428ee0be1", "price_changes": [{"asset_id": "81852449125816458832954503084733816912857404751370673968752277659227044513814", "price": "0.1", "size": "1570.1", "side": "BUY", "hash": "4c5182a7db5cf7eed575e4a53918e1c93910b2bf", "best_bid": "0.6", "best_ask": "0.7"}, {"asset_id": "103315802636477709585051407132235873504885885159504812994283629225150005412508", "price": "0.9", "size": "1570.1", "side": "SELL", "hash": "8c387b42c81d2154f5425807446893c9f52c44d2", "best_bid": "0.3", "best_ask": "0.4"}], "timestamp": "1769384658369", "event_type": "price_change"}}
{"_local_timestamp": "2026-01-25T23:44:18.681907+00:00", "data": {"market": "0x3421d76e255190064bff57e8d27d3a3fedc0d4a620c7055958f206f428ee0be1", "price_changes": [{"asset_id": "81852449125816458832954503084733816912857404751370673968752277659227044513814", "price": "0.1", "size": "2460.21", "side": "BUY", "hash": "5ab1c2ea81d2e602961686202e997114d349ec7a", "best_bid": "0.6", "best_ask": "0.7"}, {"asset_id": "103315802636477709585051407132235873504885885159504812994283629225150005412508", "price": "0.9", "size": "2460.21", "side": "SELL", "hash": "5de6b73e387adca8b31b071ab1550af134059089", "best_bid": "0.3", "best_ask": "0.4"}], "timestamp": "1769384658609", "event_type": "price_change"}}
{"_local_timestamp": "2026-01-25T23:44:18.682971+00:00", "data": {"market": "0x3421d76e255190064bff57e8d27d3a3fedc0d4a620c7055958f206f428ee0be1", "price_changes": [{"asset_id": "81852449125816458832954503084733816912857404751370673968752277659227044513814", "price": "0.1", "size": "4457.32", "side": "BUY", "hash": "85d59a0b05ee3406f8427363a418bb0fac6cb27d", "best_bid": "0.6", "best_ask": "0.7"}, {"asset_id": "103315802636477709585051407132235873504885885159504812994283629225150005412508", "price": "0.9", "size": "4457.32", "side": "SELL", "hash": "02fb9e4fba6e9af4d9e5aa87e8e506ec30b97238", "best_bid": "0.3", "best_ask": "0.4"}], "timestamp": "1769384658611", "event_type": "price_change"}}
{"_local_timestamp": "2026-01-25T23:44:23.125276+00:00", "data": {"market": "0x3421d76e255190064bff57e8d27d3a3fedc0d4a620c7055958f206f428ee0be1", "price_changes": [{"asset_id": "81852449125816458832954503084733816912857404751370673968752277659227044513814", "price": "0.09", "size": "200", "side": "BUY", "hash": "8b39bcb52a2a69d6e6a1ac8cb16e087928f7178c", "best_bid": "0.6", "best_ask": "0.7"}, {"asset_id": "103315802636477709585051407132235873504885885159504812994283629225150005412508", "price": "0.91", "size": "200", "side": "SELL", "hash": "ae2ba2d2ca92b7e127ee7d5a59c00920f53b9779", "best_bid": "0.3", "best_ask": "0.4"}], "timestamp": "1769384662999", "event_type": "price_change"}}
{"_local_timestamp": "2026-01-25T23:44:23.360525+00:00", "data": {"market": "0x3421d76e255190064bff57e8d27d3a3fedc0d4a620c7055958f206f428ee0be1", "price_changes": [{"asset_id": "81852449125816458832954503084733816912857404751370673968752277659227044513814", "price": "0.08", "size": "4657.32", "side": "BUY", "hash": "f35383a168d94116792c1c2d62ea43be420205f8", "best_bid": "0.6", "best_ask": "0.7"}, {"asset_id": "103315802636477709585051407132235873504885885159504812994283629225150005412508", "price": "0.92", "size": "4657.32", "side": "SELL", "hash": "a429e16dabc1685cf60df3b86eeabe7fb1d76d15", "best_bid": "0.3", "best_ask": "0.4"}], "timestamp": "1769384663281", "event_type": "price_change"}}
{"_local_timestamp": "2026-01-25T23:44:23.461232+00:00", "data": {"market": "0x3421d76e255190064bff57e8d27d3a3fedc0d4a620c7055958f206f428ee0be1", "price_changes": [{"asset_id": "81852449125816458832954503084733816912857404751370673968752277659227044513814", "price": "0.08", "size": "4557.32", "side": "BUY", "hash": "7c02ed6e92c0b37ca2c51ebc3e815c20554a0cbb", "best_bid": "0.6", "best_ask": "0.7"}, {"asset_id": "103315802636477709585051407132235873504885885159504812994283629225150005412508", "price": "0.92", "size": "4557.32", "side": "SELL", "hash": "f46092efc93afe1a41570610530ecb101cd909df", "best_bid": "0.3", "best_ask": "0.4"}], "timestamp": "1769384663386", "event_type": "price_change"}}
{"_local_timestamp": "2026-01-25T23:44:23.726338+00:00", "data": {"market": "0x3421d76e255190064bff57e8d27d3a3fedc0d4a620c7055958f206f428ee0be1", "price_changes": [{"asset_id": "81852449125816458832954503084733816912857404751370673968752277659227044513814", "price": "0.09", "size": "300", "side": "BUY", "hash": "845d2dc38a608b287b7a44ecc3bd0f3aa6ebf76f", "best_bid": "0.6", "best_ask": "0.7"}, {"asset_id": "103315802636477709585051407132235873504885885159504812994283629225150005412508", "price": "0.91", "size": "300", "side": "SELL", "hash": "eca526939d074300c639c55c5f2edf82dd50f505", "best_bid": "0.3", "best_ask": "0.4"}], "timestamp": "1769384663655", "event_type": "price_change"}}
{"_local_timestamp": "2026-01-25T23:44:27.067942+00:00", "data": {"market": "0x3421d76e255190064bff57e8d27d3a3fedc0d4a620c7055958f206f428ee0be1", "price_changes": [{"asset_id": "81852449125816458832954503084733816912857404751370673968752277659227044513814", "price": "0.09", "size": "200", "side": "BUY", "hash": "8d4855ea833495e0d1e416fcf5783816d100f444", "best_bid": "0.6", "best_ask": "0.7"}, {"asset_id": "103315802636477709585051407132235873504885885159504812994283629225150005412508", "price": "0.91", "size": "200", "side": "SELL", "hash": "b627ec50e1012fc2569e10e728f73da8d1bfc102", "best_bid": "0.3", "best_ask": "0.4"}], "timestamp": "1769384666979", "event_type": "price_change"}}
{"_local_timestamp": "2026-01-25T23:44:27.120305+00:00", "data": {"market": "0x3421d76e255190064bff57e8d27d3a3fedc0d4a620c7055958f206f428ee0be1", "price_changes": [{"asset_id": "81852449125816458832954503084733816912857404751370673968752277659227044513814", "price": "0.1", "size": "300", "side": "BUY", "hash": "ed96a283185914733ec20e77eca79de78f3f6cc7", "best_bid": "0.6", "best_ask": "0.7"}, {"asset_id": "103315802636477709585051407132235873504885885159504812994283629225150005412508", "price": "0.9", "size": "300", "side": "SELL", "hash": "aa65d7c7e148a6ba78c66563c6fc5d669efb86c0", "best_bid": "0.3", "best_ask": "0.4"}], "timestamp": "1769384667045", "event_type": "price_change"}}
{"_local_timestamp": "2026-01-25T23:44:27.590484+00:00", "data": {"market": "0x3421d76e255190064bff57e8d27d3a3fedc0d4a620c7055958f206f428ee0be1", "price_changes": [{"asset_id": "81852449125816458832954503084733816912857404751370673968752277659227044513814", "price": "0.08", "size": "4657.32", "side": "BUY", "hash": "05f21eeee83d1c49132216bc5a01e0367bd66bcc", "best_bid": "0.6", "best_ask": "0.7"}, {"asset_id": "103315802636477709585051407132235873504885885159504812994283629225150005412508", "price": "0.92", "size": "4657.32", "side": "SELL", "hash": "f4c4f672d24d39ddf583ec40054b413a24c7beac", "best_bid": "0.3", "best_ask": "0.4"}], "timestamp": "1769384667521", "event_type": "price_change"}}
{"_local_timestamp": "2026-01-25T23:44:52.440202+00:00", "data": {"market": "0x3421d76e255190064bff57e8d27d3a3fedc0d4a620c7055958f206f428ee0be1", "price_changes": [{"asset_id": "81852449125816458832954503084733816912857404751370673968752277659227044513814", "price": "0.09", "size": "100", "side": "BUY", "hash": "8ca1bb118bbf0aa815d597f6125413b932c2f9f9", "best_bid": "0.6", "best_ask": "0.7"}, {"asset_id": "103315802636477709585051407132235873504885885159504812994283629225150005412508", "price": "0.91", "size": "100", "side": "SELL", "hash": "1962e34308a415289531851caefd3804fdf901fa", "best_bid": "0.3", "best_ask": "0.4"}], "timestamp": "1769384692365", "event_type": "price_change"}}
{"_local_timestamp": "2026-01-25T23:44:52.516899+00:00", "data": {"market": "0x3421d76e255190064bff57e8d27d3a3fedc0d4a620c7055958f206f428ee0be1", "price_changes": [{"asset_id": "81852449125816458832954503084733816912857404751370673968752277659227044513814", "price": "0.09", "size": "0", "side": "BUY", "hash": "6898cb8e72083ab1dc3bd647361ca7b10e601456", "best_bid": "0.6", "best_ask": "0.7"}, {"asset_id": "103315802636477709585051407132235873504885885159504812994283629225150005412508", "price": "0.91", "size": "0", "side": "SELL", "hash": "5123ef4dba04d221b4b9d798a0099539ac735169", "best_bid": "0.3", "best_ask": "0.4"}], "timestamp": "1769384692446", "event_type": "price_change"}}
{"_local_timestamp": "2026-01-25T23:44:52.712406+00:00", "data": {"market": "0x3421d76e255190064bff57e8d27d3a3fedc0d4a620c7055958f206f428ee0be1", "price_changes": [{"asset_id": "81852449125816458832954503084733816912857404751370673968752277659227044513814", "price": "0.08", "size": "4757.32", "side": "BUY", "hash": "88fc0fc39ace473a69e968bf9f3c1657b156e86e", "best_bid": "0.6", "best_ask": "0.7"}, {"asset_id": "103315802636477709585051407132235873504885885159504812994283629225150005412508", "price": "0.92", "size": "4757.32", "side": "SELL", "hash": "cae23998633b20dca2ab020ed1d7f67e09055923", "best_bid": "0.3", "best_ask": "0.4"}], "timestamp": "1769384692640", "event_type": "price_change"}}
{"_local_timestamp": "2026-01-25T23:44:52.764798+00:00", "data": {"market": "0x3421d76e255190064bff57e8d27d3a3fedc0d4a620c7055958f206f428ee0be1", "price_changes": [{"asset_id": "81852449125816458832954503084733816912857404751370673968752277659227044513814", "price": "0.6", "size": "0", "side": "BUY", "hash": "ca32c0c9c3160faa3eb95c7430be5d31fa4bc304", "best_bid": "0.59", "best_ask": "0.7"}, {"asset_id": "103315802636477709585051407132235873504885885159504812994283629225150005412508", "price": "0.4", "size": "0", "side": "SELL", "hash": "4d983404a409737375805446ed9524de91abdd39", "best_bid": "0.3", "best_ask": "0.41"}], "timestamp": "1769384692694", "event_type": "price_change"}}
{"_local_timestamp": "2026-01-25T23:44:52.811165+00:00", "data": {"market": "0x3421d76e255190064bff57e8d27d3a3fedc0d4a620c7055958f206f428ee0be1", "price_changes": [{"asset_id": "81852449125816458832954503084733816912857404751370673968752277659227044513814", "price": "0.09", "size": "1270.1", "side": "BUY", "hash": "a8e106c5a9fde98eb7a275e7cafd2558f1fadcfb", "best_bid": "0.59", "best_ask": "0.7"}, {"asset_id": "103315802636477709585051407132235873504885885159504812994283629225150005412508", "price": "0.91", "size": "1270.1", "side": "SELL", "hash": "5422a09b847c0c1d9e07c289a49612a2e922f374", "best_bid": "0.3", "best_ask": "0.41"}], "timestamp": "1769384692739", "event_type": "price_change"}}
{"_local_timestamp": "2026-01-25T23:44:52.812559+00:00", "data": {"market": "0x3421d76e255190064bff57e8d27d3a3fedc0d4a620c7055958f206f428ee0be1", "price_changes": [{"asset_id": "81852449125816458832954503084733816912857404751370673968752277659227044513814", "price": "0.09", "size": "2160.21", "side": "BUY", "hash": "47a9b70864c61fc57b9a8e618efb58edc34d645a", "best_bid": "0.59", "best_ask": "0.7"}, {"asset_id": "103315802636477709585051407132235873504885885159504812994283629225150005412508", "price": "0.91", "size": "2160.21", "side": "SELL", "hash": "e40d5148ce4a4104c0c960bafaff479aa2da7afd", "best_bid": "0.3", "best_ask": "0.41"}], "timestamp": "1769384692740", "event_type": "price_change"}}
{"_local_timestamp": "2026-01-25T23:44:52.813561+00:00", "data": {"market": "0x3421d76e255190064bff57e8d27d3a3fedc0d4a620c7055958f206f428ee0be1", "price_changes": [{"asset_id": "81852449125816458832954503084733816912857404751370673968752277659227044513814", "price": "0.09", "size": "4157.32", "side": "BUY", "hash": "82f9d63ccdeab547a6ed6175723a96df970b4f32", "best_bid": "0.59", "best_ask": "0.7"}, {"asset_id": "103315802636477709585051407132235873504885885159504812994283629225150005412508", "price": "0.91", "size": "4157.32", "side": "SELL", "hash": "6322c8d1564014ab4667ff74dc4ec603d74686e0", "best_bid": "0.3", "best_ask": "0.41"}], "timestamp": "1769384692741", "event_type": "price_change"}}
{"_local_timestamp": "2026-01-25T23:44:52.888630+00:00", "data": {"market": "0x3421d76e255190064bff57e8d27d3a3fedc0d4a620c7055958f206f428ee0be1", "price_changes": [{"asset_id": "81852449125816458832954503084733816912857404751370673968752277659227044513814", "price": "0.08", "size": "4857.32", "side": "BUY", "hash": "2eae5af51bec4c5fd7ea0aebfae470617d5cf779", "best_bid": "0.59", "best_ask": "0.7"}, {"asset_id": "103315802636477709585051407132235873504885885159504812994283629225150005412508", "price": "0.92", "size": "4857.32", "side": "SELL", "hash": "95f625f2ea6159dedf73eb21e0b9927f410aea83", "best_bid": "0.3", "best_ask": "0.41"}], "timestamp": "1769384692819", "event_type": "price_change"}}
{"_local_timestamp": "2026-01-25T23:44:53.115777+00:00", "data": {"market": "0x3421d76e255190064bff57e8d27d3a3fedc0d4a620c7055958f206f428ee0be1", "price_changes": [{"asset_id": "81852449125816458832954503084733816912857404751370673968752277659227044513814", "price": "0.6", "size": "17", "side": "BUY", "hash": "663c652ffc6c755efeeab82375b6544d3b2a7701", "best_bid": "0.6", "best_ask": "0.7"}, {"asset_id": "103315802636477709585051407132235873504885885159504812994283629225150005412508", "price": "0.4", "size": "17", "side": "SELL", "hash": "5ab0bd5a0c392318e134c14c011e6287374b6c58", "best_bid": "0.3", "best_ask": "0.4"}], "timestamp": "1769384693015", "event_type": "price_change"}}
{"_local_timestamp": "2026-01-25T23:45:08.836073+00:00", "data": {"market": "0x3421d76e255190064bff57e8d27d3a3fedc0d4a620c7055958f206f428ee0be1", "price_changes": [{"asset_id": "81852449125816458832954503084733816912857404751370673968752277659227044513814", "price": "0.08", "size": "4457.32", "side": "BUY", "hash": "7e88d8f3c272914b6fdb8f185d96830055393a10", "best_bid": "0.6", "best_ask": "0.7"}, {"asset_id": "103315802636477709585051407132235873504885885159504812994283629225150005412508", "price": "0.92", "size": "4457.32", "side": "SELL", "hash": "278279f9631ee224fb2af21544019933a7930cf3", "best_bid": "0.3", "best_ask": "0.4"}], "timestamp": "1769384708765", "event_type": "price_change"}}
{"_local_timestamp": "2026-01-25T23:45:09.124207+00:00", "data": {"market": "0x3421d76e255190064bff57e8d27d3a3fedc0d4a620c7055958f206f428ee0be1", "price_changes": [{"asset_id": "81852449125816458832954503084733816912857404751370673968752277659227044513814", "price": "0.09", "size": "4557.32", "side": "BUY", "hash": "6c4cd6d176e58fe2c45701acd7cdcbab01571230", "best_bid": "0.6", "best_ask": "0.7"}, {"asset_id": "103315802636477709585051407132235873504885885159504812994283629225150005412508", "price": "0.91", "size": "4557.32", "side": "SELL", "hash": "dd9b56254d24f275119591ac62a37f0dc74036a8", "best_bid": "0.3", "best_ask": "0.4"}], "timestamp": "1769384709050", "event_type": "price_change"}}
{"_local_timestamp": "2026-01-25T23:45:10.727645+00:00", "data": {"market": "0x77468c50a9ce714aa9eb16e2bb90b98d16a4a585547ed4fdbae452db5f9d386f", "price_changes": [{"asset_id": "89110110129769653741673413416736327449432662042064593140215415289169242252459", "price": "0.05", "size": "23.99", "side": "BUY", "hash": "856e0a945b0280068d4c8a7c21e65e7b4a54bbbf", "best_bid": "0.05", "best_ask": "0.97"}, {"asset_id": "42952029575471329717653204447729463818558544752972282503128626702262120630797", "price": "0.95", "size": "23.99", "side": "SELL", "hash": "446f2279d084f3dce5007adf70cd9fe3501d041a", "best_bid": "0.03", "best_ask": "0.95"}], "timestamp": "1769384710650", "event_type": "price_change"}}
{"_local_timestamp": "2026-01-25T23:45:10.728827+00:00", "data": {"market": "0x0c7559bafb01fb817d9ba0d52f89e98a966f0860051f5890dc3cb9a641e44d23", "price_changes": [{"asset_id": "65965274837578386729789100600150477596210754897074823053053556377091296253517", "price": "0.05", "size": "23.99", "side": "BUY", "hash": "93fec156686e7edbef76769441d741c6de357cec", "best_bid": "0.05", "best_ask": "0.97"}, {"asset_id": "42287222517090165150415081891120612726666008470495474912977896615749748505495", "price": "0.95", "size": "23.99", "side": "SELL", "hash": "69c75e8123ac390ef443f93605510d3592df888c", "best_bid": "0.03", "best_ask": "0.95"}], "timestamp": "1769384710650", "event_type": "price_change"}}
{"_local_timestamp": "2026-01-25T23:45:11.855531+00:00", "data": {"market": "0x0c7559bafb01fb817d9ba0d52f89e98a966f0860051f5890dc3cb9a641e44d23", "price_changes": [{"asset_id": "65965274837578386729789100600150477596210754897074823053053556377091296253517", "price": "0.04", "size": "0", "side": "BUY", "hash": "4dcb609303c79dc7e346caf5f43c19a0349b4764", "best_bid": "0.05", "best_ask": "0.97"}, {"asset_id": "42287222517090165150415081891120612726666008470495474912977896615749748505495", "price": "0.96", "size": "0", "side": "SELL", "hash": "e15503495b9f115bf4fcd67cc73d3d6b6247cabc", "best_bid": "0.03", "best_ask": "0.95"}], "timestamp": "1769384711771", "event_type": "price_change"}}
{"_local_timestamp": "2026-01-25T23:45:11.865100+00:00", "data": {"market": "0x77468c50a9ce714aa9eb16e2bb90b98d16a4a585547ed4fdbae452db5f9d386f", "price_changes": [{"asset_id": "89110110129769653741673413416736327449432662042064593140215415289169242252459", "price": "0.04", "size": "0", "side": "BUY", "hash": "866020468b20f83da46524e142c3c088a0fc12f5", "best_bid": "0.05", "best_ask": "0.97"}, {"asset_id": "42952029575471329717653204447729463818558544752972282503128626702262120630797", "price": "0.96", "size": "0", "side": "SELL", "hash": "44991a1131066ba0c24fc5cedc71e3b9a6b6c2e7", "best_bid": "0.03", "best_ask": "0.95"}], "timestamp": "1769384711771", "event_type": "price_change"}}
{"_local_timestamp": "2026-01-25T23:45:12.115229+00:00", "data": {"market": "0x0c7559bafb01fb817d9ba0d52f89e98a966f0860051f5890dc3cb9a641e44d23", "price_changes": [{"asset_id": "65965274837578386729789100600150477596210754897074823053053556377091296253517", "price": "0.06", "size": "5.47", "side": "BUY", "hash": "f531ae35de3ec6d73c9c7f6c28441ef243dfb5f1", "best_bid": "0.06", "best_ask": "0.97"}, {"asset_id": "42287222517090165150415081891120612726666008470495474912977896615749748505495", "price": "0.94", "size": "5.47", "side": "SELL", "hash": "6bc431fb4c31249f8214c0016651c05c950c2828", "best_bid": "0.03", "best_ask": "0.94"}], "timestamp": "1769384712026", "event_type": "price_change"}}
{"_local_timestamp": "2026-01-25T23:45:12.146204+00:00", "data": {"market": "0x77468c50a9ce714aa9eb16e2bb90b98d16a4a585547ed4fdbae452db5f9d386f", "price_changes": [{"asset_id": "89110110129769653741673413416736327449432662042064593140215415289169242252459", "price": "0.06", "size": "5.47", "side": "BUY", "hash": "130b592f29eb53fa2ea86e1099d41d0bc1637173", "best_bid": "0.06", "best_ask": "0.97"}, {"asset_id": "42952029575471329717653204447729463818558544752972282503128626702262120630797", "price": "0.94", "size": "5.47", "side": "SELL", "hash": "c587db116955d27c2f90f61ae329104ac39ae5d2", "best_bid": "0.03", "best_ask": "0.94"}], "timestamp": "1769384712067", "event_type": "price_change"}}
{"_local_timestamp": "2026-01-25T23:45:35.455773+00:00", "data": {"market": "0x77468c50a9ce714aa9eb16e2bb90b98d16a4a585547ed4fdbae452db5f9d386f", "price_changes": [{"asset_id": "89110110129769653741673413416736327449432662042064593140215415289169242252459", "price": "0.01", "size": "292.66", "side": "BUY", "hash": "7c509bb6e71f2ce6373e954701e44b655f2a9e0c", "best_bid": "0.06", "best_ask": "0.97"}, {"asset_id": "42952029575471329717653204447729463818558544752972282503128626702262120630797", "price": "0.99", "size": "292.66", "side": "SELL", "hash": "27a0bd1e3f49a37b092ff42c579dfba202ae351a", "best_bid": "0.03", "best_ask": "0.94"}], "timestamp": "1769384735381", "event_type": "price_change"}}
{"_local_timestamp": "2026-01-25T23:45:35.457189+00:00", "data": {"market": "0x77468c50a9ce714aa9eb16e2bb90b98d16a4a585547ed4fdbae452db5f9d386f", "price_changes": [{"asset_id": "89110110129769653741673413416736327449432662042064593140215415289169242252459", "price": "0.02", "size": "247.06", "side": "BUY", "hash": "7c509bb6e71f2ce6373e954701e44b655f2a9e0c", "best_bid": "0.06", "best_ask": "0.97"}, {"asset_id": "42952029575471329717653204447729463818558544752972282503128626702262120630797", "price": "0.98", "size": "247.06", "side": "SELL", "hash": "27a0bd1e3f49a37b092ff42c579dfba202ae351a", "best_bid": "0.03", "best_ask": "0.94"}], "timestamp": "1769384735381", "event_type": "price_change"}}
{"_local_timestamp": "2026-01-25T23:45:35.458244+00:00", "data": {"market": "0x77468c50a9ce714aa9eb16e2bb90b98d16a4a585547ed4fdbae452db5f9d386f", "price_changes": [{"asset_id": "89110110129769653741673413416736327449432662042064593140215415289169242252459", "price": "0.03", "size": "8.96", "side": "BUY", "hash": "7c509bb6e71f2ce6373e954701e44b655f2a9e0c", "best_bid": "0.06", "best_ask": "0.97"}, {"asset_id": "42952029575471329717653204447729463818558544752972282503128626702262120630797", "price": "0.97", "size": "8.96", "side": "SELL", "hash": "27a0bd1e3f49a37b092ff42c579dfba202ae351a", "best_bid": "0.03", "best_ask": "0.94"}], "timestamp": "1769384735381", "event_type": "price_change"}}
{"_local_timestamp": "2026-01-25T23:45:35.459241+00:00", "data": {"market": "0x0c7559bafb01fb817d9ba0d52f89e98a966f0860051f5890dc3cb9a641e44d23", "price_changes": [{"asset_id": "65965274837578386729789100600150477596210754897074823053053556377091296253517", "price": "0.01", "size": "292.71", "side": "BUY", "hash": "87dd10edfd581c5358b1736eab52fa02553e5544", "best_bid": "0.06", "best_ask": "0.97"}, {"asset_id": "42287222517090165150415081891120612726666008470495474912977896615749748505495", "price": "0.99", "size": "292.71", "side": "SELL", "hash": "87f451b28efd28a9052f9c691d8ca958ba261d81", "best_bid": "0.03", "best_ask": "0.94"}], "timestamp": "1769384735381", "event_type": "price_change"}}
{"_local_timestamp": "2026-01-25T23:45:35.460226+00:00", "data": {"market": "0x0c7559bafb01fb817d9ba0d52f89e98a966f0860051f5890dc3cb9a641e44d23", "price_changes": [{"asset_id": "65965274837578386729789100600150477596210754897074823053053556377091296253517", "price": "0.02", "size": "247.13", "side": "BUY", "hash": "87dd10edfd581c5358b1736eab52fa02553e5544", "best_bid": "0.06", "best_ask": "0.97"}, {"asset_id": "42287222517090165150415081891120612726666008470495474912977896615749748505495", "price": "0.98", "size": "247.13", "side": "SELL", "hash": "87f451b28efd28a9052f9c691d8ca958ba261d81", "best_bid": "0.03", "best_ask": "0.94"}], "timestamp": "1769384735381", "event_type": "price_change"}}
{"_local_timestamp": "2026-01-25T23:45:35.461267+00:00", "data": {"market": "0x0c7559bafb01fb817d9ba0d52f89e98a966f0860051f5890dc3cb9a641e44d23", "price_changes": [{"asset_id": "65965274837578386729789100600150477596210754897074823053053556377091296253517", "price": "0.03", "size": "9.19", "side": "BUY", "hash": "87dd10edfd581c5358b1736eab52fa02553e5544", "best_bid": "0.06", "best_ask": "0.97"}, {"asset_id": "42287222517090165150415081891120612726666008470495474912977896615749748505495", "price": "0.97", "size": "9.19", "side": "SELL", "hash": "87f451b28efd28a9052f9c691d8ca958ba261d81", "best_bid": "0.03", "best_ask": "0.94"}], "timestamp": "1769384735381", "event_type": "price_change"}}
{"_local_timestamp": "2026-01-25T23:45:37.974742+00:00", "data": {"market": "0x77468c50a9ce714aa9eb16e2bb90b98d16a4a585547ed4fdbae452db5f9d386f", "price_changes": [{"asset_id": "89110110129769653741673413416736327449432662042064593140215415289169242252459", "price": "0.06", "size": "13.85", "side": "BUY", "hash": "ec727846c8ec53af6e4fc145ec1bb7bbc7108738", "best_bid": "0.06", "best_ask": "0.97"}, {"asset_id": "42952029575471329717653204447729463818558544752972282503128626702262120630797", "price": "0.94", "size": "13.85", "side": "SELL", "hash": "ec62b76c406f2bd444a8b06ca367ad27c77776d1", "best_bid": "0.03", "best_ask": "0.94"}], "timestamp": "1769384737908", "event_type": "price_change"}}
{"_local_timestamp": "2026-01-25T23:45:37.982895+00:00", "data": {"market": "0x0c7559bafb01fb817d9ba0d52f89e98a966f0860051f5890dc3cb9a641e44d23", "price_changes": [{"asset_id": "65965274837578386729789100600150477596210754897074823053053556377091296253517", "price": "0.06", "size": "13.71", "side": "BUY", "hash": "8a362eada45da949fc2a65b8fd8c9b7bea28cf11", "best_bid": "0.06", "best_ask": "0.97"}, {"asset_id": "42287222517090165150415081891120612726666008470495474912977896615749748505495", "price": "0.94", "size": "13.71", "side": "SELL", "hash": "e5830d5cf7cdf4b5374f855ba0eec5811e265fb6", "best_bid": "0.03", "best_ask": "0.94"}], "timestamp": "1769384737908", "event_type": "price_change"}}
{"_local_timestamp": "2026-01-25T23:45:38.127546+00:00", "data": {"market": "0x3421d76e255190064bff57e8d27d3a3fedc0d4a620c7055958f206f428ee0be1", "price_changes": [{"asset_id": "81852449125816458832954503084733816912857404751370673968752277659227044513814", "price": "0.11", "size": "0", "side": "BUY", "hash": "25637ac51bfbad7e7332d175226e5efe8b0d620e", "best_bid": "0.6", "best_ask": "0.7"}, {"asset_id": "103315802636477709585051407132235873504885885159504812994283629225150005412508", "price": "0.89", "size": "0", "side": "SELL", "hash": "73f2b95c2372fdb67e1614f3952804c93c35b1dd", "best_bid": "0.3", "best_ask": "0.4"}], "timestamp": "1769384738040", "event_type": "price_change"}}
{"_local_timestamp": "2026-01-25T23:45:38.176774+00:00", "data": {"market": "0x3421d76e255190064bff57e8d27d3a3fedc0d4a620c7055958f206f428ee0be1", "price_changes": [{"asset_id": "81852449125816458832954503084733816912857404751370673968752277659227044513814", "price": "0.09", "size": "400", "side": "BUY", "hash": "c0fcc99400c27a36b466e47189b011b6282a2c06", "best_bid": "0.6", "best_ask": "0.7"}, {"asset_id": "103315802636477709585051407132235873504885885159504812994283629225150005412508", "price": "0.91", "size": "400", "side": "SELL", "hash": "5fe691fac2e8147624d2ec65b21d663b2293166d", "best_bid": "0.3", "best_ask": "0.4"}], "timestamp": "1769384738110", "event_type": "price_change"}}
{"_local_timestamp": "2026-01-25T23:45:38.320988+00:00", "data": {"market": "0x3421d76e255190064bff57e8d27d3a3fedc0d4a620c7055958f206f428ee0be1", "price_changes": [{"asset_id": "81852449125816458832954503084733816912857404751370673968752277659227044513814", "price": "0.6", "size": "0", "side": "BUY", "hash": "08544adaa2bfa211abc4bdbc411b18ee21f76292", "best_bid": "0.59", "best_ask": "0.7"}, {"asset_id": "103315802636477709585051407132235873504885885159504812994283629225150005412508", "price": "0.4", "size": "0", "side": "SELL", "hash": "dfd83ae893744a3513a611d93d5cd4429223a09b", "best_bid": "0.3", "best_ask": "0.41"}], "timestamp": "1769384738250", "event_type": "price_change"}}
{"_local_timestamp": "2026-01-25T23:45:38.566077+00:00", "data": {"market": "0x2f4b0113990e401417cb51a9c1af07e5d3ff0eb903796da0dde73e08b4682754", "price_changes": [{"asset_id": "105355403808706837932524308070165900151422956701523638055502682446324798876509", "price": "0.02", "size": "158.94", "side": "BUY", "hash": "e1151b89f5f2316f0f3989ad6ab9810d47279d42", "best_bid": "0.05", "best_ask": "0.96"}, {"asset_id": "110118670759224168129011353197635088241412053465564626113293944214285771990476", "price": "0.98", "size": "158.94", "side": "SELL", "hash": "095f20bd079a38d3183628f392dc3614f9109440", "best_bid": "0.04", "best_ask": "0.95"}], "timestamp": "1769384738498", "event_type": "price_change"}}
{"_local_timestamp": "2026-01-25T23:45:38.655624+00:00", "data": {"market": "0x3421d76e255190064bff57e8d27d3a3fedc0d4a620c7055958f206f428ee0be1", "price_changes": [{"asset_id": "81852449125816458832954503084733816912857404751370673968752277659227044513814", "price": "0.6", "size": "17", "side": "BUY", "hash": "44d0217245acf912221a94112fcad9bad71472d4", "best_bid": "0.6", "best_ask": "0.7"}, {"asset_id": "103315802636477709585051407132235873504885885159504812994283629225150005412508", "price": "0.4", "size": "17", "side": "SELL", "hash": "e3c9c06991117843ccf24e6a68685421f32ecb16", "best_bid": "0.3", "best_ask": "0.4"}], "timestamp": "1769384738587", "event_type": "price_change"}}
{"_local_timestamp": "2026-01-25T23:45:39.417785+00:00", "data": {"market": "0x3421d76e255190064bff57e8d27d3a3fedc0d4a620c7055958f206f428ee0be1", "price_changes": [{"asset_id": "81852449125816458832954503084733816912857404751370673968752277659227044513814", "price": "0.11", "size": "6.27", "side": "BUY", "hash": "109780d906b45a1dc14380baf56c050ad35ada30", "best_bid": "0.6", "best_ask": "0.7"}, {"asset_id": "103315802636477709585051407132235873504885885159504812994283629225150005412508", "price": "0.89", "size": "6.27", "side": "SELL", "hash": "d7f702b6df31580cced37d05e941f5f09728974e", "best_bid": "0.3", "best_ask": "0.4"}], "timestamp": "1769384739352", "event_type": "price_change"}}
{"_local_timestamp": "2026-01-25T23:45:40.891439+00:00", "data": {"market": "0x2f4b0113990e401417cb51a9c1af07e5d3ff0eb903796da0dde73e08b4682754", "price_changes": [{"asset_id": "105355403808706837932524308070165900151422956701523638055502682446324798876509", "price": "0.03", "size": "11.08", "side": "BUY", "hash": "2ea0e566d325c60a4b39965a7cee938e804348d7", "best_bid": "0.05", "best_ask": "0.96"}, {"asset_id": "110118670759224168129011353197635088241412053465564626113293944214285771990476", "price": "0.97", "size": "11.08", "side": "SELL", "hash": "14c94ce868caca848770c2b9cd27e701fd0b6b55", "best_bid": "0.04", "best_ask": "0.95"}], "timestamp": "1769384740822", "event_type": "price_change"}}
{"_local_timestamp": "2026-01-25T23:45:41.013974+00:00", "data": {"market": "0x0c7559bafb01fb817d9ba0d52f89e98a966f0860051f5890dc3cb9a641e44d23", "price_changes": [{"asset_id": "65965274837578386729789100600150477596210754897074823053053556377091296253517", "price": "0.06", "size": "5.47", "side": "BUY", "hash": "79e34d5559dad1da65896dd98709c7b6df32de7d", "best_bid": "0.06", "best_ask": "0.97"}, {"asset_id": "42287222517090165150415081891120612726666008470495474912977896615749748505495", "price": "0.94", "size": "5.47", "side": "SELL", "hash": "57257663a30439efc350c6a3f3fb125110059555", "best_bid": "0.03", "best_ask": "0.94"}], "timestamp": "1769384740940", "event_type": "price_change"}}
{"_local_timestamp": "2026-01-25T23:45:42.449212+00:00", "data": {"market": "0x0c7559bafb01fb817d9ba0d52f89e98a966f0860051f5890dc3cb9a641e44d23", "price_changes": [{"asset_id": "65965274837578386729789100600150477596210754897074823053053556377091296253517", "price": "0.06", "size": "13.71", "side": "BUY", "hash": "3d7863260f0cb75ae94e02cf5f25902dbd5695c0", "best_bid": "0.06", "best_ask": "0.97"}, {"asset_id": "42287222517090165150415081891120612726666008470495474912977896615749748505495", "price": "0.94", "size": "13.71", "side": "SELL", "hash": "b1fad8ace014d085125fd522af027368b652929e", "best_bid": "0.03", "best_ask": "0.94"}], "timestamp": "1769384742383", "event_type": "price_change"}}
{"_local_timestamp": "2026-01-25T23:45:47.126488+00:00", "data": {"market": "0x3421d76e255190064bff57e8d27d3a3fedc0d4a620c7055958f206f428ee0be1", "price_changes": [{"asset_id": "81852449125816458832954503084733816912857404751370673968752277659227044513814", "price": "0.08", "size": "4357.32", "side": "BUY", "hash": "ee6ab2b8b8c8c303c213d1f6fe0a3ec113e6913f", "best_bid": "0.6", "best_ask": "0.7"}, {"asset_id": "103315802636477709585051407132235873504885885159504812994283629225150005412508", "price": "0.92", "size": "4357.32", "side": "SELL", "hash": "76990536e9ea8ebc1886a5c478b8a9ce49a36874", "best_bid": "0.3", "best_ask": "0.4"}], "timestamp": "1769384747057", "event_type": "price_change"}}
{"_local_timestamp": "2026-01-25T23:45:47.388929+00:00", "data": {"market": "0x3421d76e255190064bff57e8d27d3a3fedc0d4a620c7055958f206f428ee0be1", "price_changes": [{"asset_id": "81852449125816458832954503084733816912857404751370673968752277659227044513814", "price": "0.09", "size": "500", "side": "BUY", "hash": "f996b09b92824edc331f1dfba7d31fed0c0af1eb", "best_bid": "0.6", "best_ask": "0.7"}, {"asset_id": "103315802636477709585051407132235873504885885159504812994283629225150005412508", "price": "0.91", "size": "500", "side": "SELL", "hash": "bcce66fd582bacb9e6ed5f79c41f8843e5efd6fd", "best_bid": "0.3", "best_ask": "0.4"}], "timestamp": "1769384747322", "event_type": "price_change"}}
