{"_local_timestamp": "2026-01-25T23:33:59.909004+00:00", "data": [{"market": "0x0bd390a2c7c8fce851fcfe72c02f347686c0a362f5aaab331ffa9c54416c6aa2", "asset_id": "17398793204722166217660817067265905985425481568989568628103768246608609488761", "timestamp": "1769384039000", "hash": "dd77347d1cdf113179d2c519a75ffdad45bbc3da", "bids": [{"price": "0.01", "size": "9481.81"}, {"price": "0.02", "size": "1800"}, {"price": "0.03", "size": "9.08"}, {"price": "0.07", "size": "1500"}, {"price": "0.08", "size": "4357.32"}, {"price": "0.09", "size": "419"}, {"price": "0.1", "size": "106.3"}, {"price": "0.16", "size": "1090.11"}, {"price": "0.17", "size": "890.11"}, {"price": "0.5", "size": "20"}, {"price": "0.76", "size": "150"}, {"price": "0.77", "size": "50"}, {"price": "0.78", "size": "100"}, {"price": "0.79", "size": "69"}], "asks": [{"price": "0.99", "size": "5326.41"}, {"price": "0.98", "size": "3058.96"}, {"price": "0.96", "size": "895.56"}, {"price": "0.95", "size": "890.11"}, {"price": "0.93", "size": "76.7"}, {"price": "0.9", "size": "90"}, {"price": "0.88", "size": "110"}, {"price": "0.87", "size": "27"}, {"price": "0.86", "size": "737"}, {"price": "0.85", "size": "149"}, {"price": "0.84", "size": "715.86"}, {"price": "0.83", "size": "20994.01"}], "event_type": "book", "last_trade_price": "0.170"}, {"market": "0x0bd390a2c7c8fce851fcfe72c02f347686c0a362f5aaab331ffa9c54416c6aa2", "asset_id": "88768287981663040695907057042576315713786188072326767683529020944040826691423", "timestamp": "1769384039000", "hash": "f2fa26149a42bfbf5392ea1e6a5c04e28992202f", "bids": [{"price": "0.01", "size": "5326.41"}, {"price": "0.02", "size": "3058.96"}, {"price": "0.04", "size": "895.56"}, {"price": "0.05", "size": "890.11"}, {"price": "0.07", "size": "76.7"}, {"price": "0.1", "size": "90"}, {"price": "0.12", "size": "110"}, {"price": "0.13", "size": "27"}, {"price": "0.14", "size": "737"}, {"price": "0.15", "size": "149"}, {"price": "0.16", "size": "715.86"}, {"price": "0.17", "size": "20994.01"}], "asks": [{"price": "0.99", "size": "9481.81"}, {"price": "0.98", "size": "1800"}, {"price": "0.97", "size": "9.08"}, {"price": "0.93", "size": "1500"}, {"price": "0.92", "size": "4357.32"}, {"price": "0.91", "size": "419"}, {"price": "0.9", "size": "106.3"}, {"price": "0.84", "size": "1090.11"}, {"price": "0.83", "size": "890.11"}, {"price": "0.5", "size": "20"}, {"price": "0.24", "size": "150"}, {"price": "0.23", "size": "50"}, {"price": "0.22", "size": "100"}, {"price": "0.21", "size": "69"}], "event_type": "book", "last_trade_price": "0.170"}]}
{"_local_timestamp": "2026-01-25T23:34:03.733017+00:00", "data": {"market": "0x0bd390a2c7c8fce851fcfe72c02f347686c0a362f5aaab331ffa9c54416c6aa2", "price_changes": [{"asset_id": "17398793204722166217660817067265905985425481568989568628103768246608609488761", "price": "0.1", "size": "6.3", "side": "BUY", "hash": "e1c10bc2907124fc4ed62e1402dfec0ca59a5647", "best_bid": "0.79", "best_ask": "0.83"}, {"asset_id": "88768287981663040695907057042576315713786188072326767683529020944040826691423", "price": "0.9", "size": "6.3", "side": "SELL", "hash": "d281b1732f74d11c13df491103643b639c852bf4", "best_bid": "0.17", "best_ask": "0.21"}], "timestamp": "1769384043515", "event_type": "price_change"}}
{"_local_timestamp": "2026-01-25T23:34:04.025520+00:00", "data": {"market": "0x0bd390a2c7c8fce851fcfe72c02f347686c0a362f5aaab331ffa9c54416c6aa2", "price_changes": [{"asset_id": "17398793204722166217660817067265905985425481568989568628103768246608609488761", "price": "0.11", "size": "100", "side": "BUY", "hash": "3aea8df606d19d38b37f096edf611eac17013f01", "best_bid": "0.79", "best_ask": "0.83"}, {"asset_id": "88768287981663040695907057042576315713786188072326767683529020944040826691423", "price": "0.89", "size": "100", "side": "SELL", "hash": "9eec18ba568e114792c278468b962dea10716cd9", "best_bid": "0.17", "best_ask": "0.21"}], "timestamp": "1769384043807", "event_type": "price_change"}}
{"_local_timestamp": "2026-01-25T23:34:04.408928+00:00", "data": {"market": "0x0bd390a2c7c8fce851fcfe72c02f347686c0a362f5aaab331ffa9c54416c6aa2", "price_changes": [{"asset_id": "17398793204722166217660817067265905985425481568989568628103768246608609488761", "price": "0.08", "size": "4257.32", "side": "BUY", "hash": "b4334d44b4d36bd48aa09ab222aa785eeb1d06c7", "best_bid": "0.79", "best_ask": "0.83"}, {"asset_id": "88768287981663040695907057042576315713786188072326767683529020944040826691423", "price": "0.92", "size": "4257.32", "side": "SELL", "hash": "3f47def5c4eeef3e4c7a0ba53b14f2a400e0a820", "best_bid": "0.17", "best_ask": "0.21"}], "timestamp": "1769384044203", "event_type": "price_change"}}
{"_local_timestamp": "2026-01-25T23:34:04.685909+00:00", "data": {"market": "0x0bd390a2c7c8fce851fcfe72c02f347686c0a362f5aaab331ffa9c54416c6aa2", "price_changes": [{"asset_id": "17398793204722166217660817067265905985425481568989568628103768246608609488761", "price": "0.12", "size": "100", "side": "BUY", "hash": "f41cb468366296d2b6e319664034e9e5c9f13b7e", "best_bid": "0.79", "best_ask": "0.83"}, {"asset_id": "88768287981663040695907057042576315713786188072326767683529020944040826691423", "price": "0.88", "size": "100", "side": "SELL", "hash": "4d7292fb6471403904092c53589f9ce107719c97", "best_bid": "0.17", "best_ask": "0.21"}], "timestamp": "1769384044473", "event_type": "price_change"}}
{"_local_timestamp": "2026-01-25T23:34:07.010644+00:00", "data": {"market": "0x0bd390a2c7c8fce851fcfe72c02f347686c0a362f5aaab331ffa9c54416c6aa2", "price_changes": [{"asset_id": "17398793204722166217660817067265905985425481568989568628103768246608609488761", "price": "0.16", "size": "890.11", "side": "BUY", "hash": "c73710adee48de63df941f4475d282267097fbc7", "best_bid": "0.79", "best_ask": "0.83"}, {"asset_id": "88768287981663040695907057042576315713786188072326767683529020944040826691423", "price": "0.84", "size": "890.11", "side": "SELL", "hash": "01081cb68355f8ae37f507e24139f46369535479", "best_bid": "0.17", "best_ask": "0.21"}], "timestamp": "1769384046762", "event_type": "price_change"}}
{"_local_timestamp": "2026-01-25T23:34:07.014861+00:00", "data": {"market": "0x0bd390a2c7c8fce851fcfe72c02f347686c0a362f5aaab331ffa9c54416c6aa2", "price_changes": [{"asset_id": "17398793204722166217660817067265905985425481568989568628103768246608609488761", "price": "0.09", "size": "19", "side": "BUY", "hash": "c73710adee48de63df941f4475d282267097fbc7", "best_bid": "0.79", "best_ask": "0.83"}, {"asset_id": "88768287981663040695907057042576315713786188072326767683529020944040826691423", "price": "0.91", "size": "19", "side": "SELL", "hash": "01081cb68355f8ae37f507e24139f46369535479", "best_bid": "0.17", "best_ask": "0.21"}], "timestamp": "1769384046762", "event_type": "price_change"}}
{"_local_timestamp": "2026-01-25T23:34:07.080989+00:00", "data": {"market": "0x0bd390a2c7c8fce851fcfe72c02f347686c0a362f5aaab331ffa9c54416c6aa2", "price_changes": [{"asset_id": "17398793204722166217660817067265905985425481568989568628103768246608609488761", "price": "0.07", "size": "2390.11", "side": "BUY", "hash": "f9297b7404a85ca22f259e36a478d2f07bba18c1", "best_bid": "0.79", "best_ask": "0.83"}, {"asset_id": "88768287981663040695907057042576315713786188072326767683529020944040826691423", "price": "0.93", "size": "2390.11", "side": "SELL", "hash": "d00ced5a427ea6a0ec4e90e1aefb6c61399165f6", "best_bid": "0.17", "best_ask": "0.21"}], "timestamp": "1769384046836", "event_type": "price_change"}}
{"_local_timestamp": "2026-01-25T23:34:07.081422+00:00", "data": {"market": "0x0bd390a2c7c8fce851fcfe72c02f347686c0a362f5aaab331ffa9c54416c6aa2", "price_changes": [{"asset_id": "17398793204722166217660817067265905985425481568989568628103768246608609488761", "price": "0.08", "size": "5147.43", "side": "BUY", "hash": "a3f05abc91d71580ead504c340f8f319c7537ea6", "best_bid": "0.79", "best_ask": "0.83"}, {"asset_id": "88768287981663040695907057042576315713786188072326767683529020944040826691423", "price": "0.92", "size": "5147.43", "side": "SELL", "hash": "8d02b19e4e715e085cea3b84026372df5f7366c4", "best_bid": "0.17", "best_ask": "0.21"}], "timestamp": "1769384046836", "event_type": "price_change"}}
{"_local_timestamp": "2026-01-25T23:34:07.202607+00:00", "data": {"market": "0x0bd390a2c7c8fce851fcfe72c02f347686c0a362f5aaab331ffa9c54416c6aa2", "price_changes": [{"asset_id": "17398793204722166217660817067265905985425481568989568628103768246608609488761", "price": "0.09", "size": "909.11", "side": "BUY", "hash": "d5eadd00a500f59e0b947ae58489a9ce3b55d73e", "best_bid": "0.79", "best_ask": "0.83"}, {"asset_id": "88768287981663040695907057042576315713786188072326767683529020944040826691423", "price": "0.91", "size": "909.11", "side": "SELL", "hash": "9aee07fa2eb9395b739477a8e423fa41b81fc08b", "best_bid": "0.17", "best_ask": "0.21"}], "timestamp": "1769384046960", "event_type": "price_change"}}
{"_local_timestamp": "2026-01-25T23:34:07.203378+00:00", "data": {"market": "0x0bd390a2c7c8fce851fcfe72c02f347686c0a362f5aaab331ffa9c54416c6aa2", "price_changes": [{"asset_id": "17398793204722166217660817067265905985425481568989568628103768246608609488761", "price": "0.09", "size": "2179.21", "side": "BUY", "hash": "e233b380c957ccce8c83f03d1568a0c7f80389ed", "best_bid": "0.79", "best_ask": "0.83"}, {"asset_id": "88768287981663040695907057042576315713786188072326767683529020944040826691423", "price": "0.91", "size": "2179.21", "side": "SELL", "hash": "9c9bd9521b311b00745d37e0d5c9696c987dcb7e", "best_bid": "0.17", "best_ask": "0.21"}], "timestamp": "1769384046961", "event_type": "price_change"}}
{"_local_timestamp": "2026-01-25T23:34:07.203822+00:00", "data": {"market": "0x0bd390a2c7c8fce851fcfe72c02f347686c0a362f5aaab331ffa9c54416c6aa2", "price_changes": [{"asset_id": "17398793204722166217660817067265905985425481568989568628103768246608609488761", "price": "0.09", "size": "4176.32", "side": "BUY", "hash": "a6dcac2fc7e5aff7a9cc7470d36afb6fab9ecc96", "best_bid": "0.79", "best_ask": "0.83"}, {"asset_id": "88768287981663040695907057042576315713786188072326767683529020944040826691423", "price": "0.91", "size": "4176.32", "side": "SELL", "hash": "02eba6c908118b214d6663760a5b52c69bd75bc8", "best_bid": "0.17", "best_ask": "0.21"}], "timestamp": "1769384046962", "event_type": "price_change"}}
{"_local_timestamp": "2026-01-25T23:34:07.282416+00:00", "data": {"market": "0x0bd390a2c7c8fce851fcfe72c02f347686c0a362f5aaab331ffa9c54416c6aa2", "price_changes": [{"asset_id": "17398793204722166217660817067265905985425481568989568628103768246608609488761", "price": "0.18", "size": "200", "side": "BUY", "hash": "d869037e6dc9801e7789357fc1dd439e28017821", "best_bid": "0.79", "best_ask": "0.83"}, {"asset_id": "88768287981663040695907057042576315713786188072326767683529020944040826691423", "price": "0.82", "size": "200", "side": "SELL", "hash": "c1a8d19fbc8939c225d6412f3ac9e304bb33baa0", "best_bid": "0.17", "best_ask": "0.21"}], "timestamp": "1769384047053", "event_type": "price_change"}}
{"_local_timestamp": "2026-01-25T23:34:07.286722+00:00", "data": {"market": "0x0bd390a2c7c8fce851fcfe72c02f347686c0a362f5aaab331ffa9c54416c6aa2", "price_changes": [{"asset_id": "17398793204722166217660817067265905985425481568989568628103768246608609488761", "price": "0.08", "size": "5547.43", "side": "BUY", "hash": "33ac0cfd7d52e8f3a944f9bec6b3efe48993618a", "best_bid": "0.79", "best_ask": "0.83"}, {"asset_id": "88768287981663040695907057042576315713786188072326767683529020944040826691423", "price": "0.92", "size": "5547.43", "side": "SELL", "hash": "2b4274f4411143c67e7c0f226c510b6c98fd1337", "best_bid": "0.17", "best_ask": "0.21"}], "timestamp": "1769384047055", "event_type": "price_change"}}
{"_local_timestamp": "2026-01-25T23:34:14.478879+00:00", "data": {"market": "0x0bd390a2c7c8fce851fcfe72c02f347686c0a362f5aaab331ffa9c54416c6aa2", "price_changes": [{"asset_id": "88768287981663040695907057042576315713786188072326767683529020944040826691423", "price": "0.21", "size": "89.48", "side": "SELL", "hash": "0df24d2a57d211fde7f752137320195dde162859", "best_bid": "0.17", "best_ask": "0.21"}, {"asset_id": "17398793204722166217660817067265905985425481568989568628103768246608609488761", "price": "0.79", "size": "89.48", "side": "BUY", "hash": "55e6098ca736b47eef4f460a6d0901f52f9eca56", "best_bid": "0.79", "best_ask": "0.83"}], "timestamp": "1769384054229", "event_type": "price_change"}}
{"_local_timestamp": "2026-01-25T23:34:14.481749+00:00", "data": {"market": "0x0bd390a2c7c8fce851fcfe72c02f347686c0a362f5aaab331ffa9c54416c6aa2", "price_changes": [{"asset_id": "88768287981663040695907057042576315713786188072326767683529020944040826691423", "price": "0.21", "size": "109.96", "side": "SELL", "hash": "30e37fb81cf54f387e08d6603c0a1e2ed52a384f", "best_bid": "0.17", "best_ask": "0.21"}, {"asset_id": "17398793204722166217660817067265905985425481568989568628103768246608609488761", "price": "0.79", "size": "109.96", "side": "BUY", "hash": "416ac1b8c74ad3cca2ecd18ab7c0a35a64c2c046", "best_bid": "0.79", "best_ask": "0.83"}], "timestamp": "1769384054230", "event_type": "price_change"}}
{"_local_timestamp": "2026-01-25T23:34:14.485707+00:00", "data": {"market": "0x0bd390a2c7c8fce851fcfe72c02f347686c0a362f5aaab331ffa9c54416c6aa2", "price_changes": [{"asset_id": "88768287981663040695907057042576315713786188072326767683529020944040826691423", "price": "0.21", "size": "130.44", "side": "SELL", "hash": "b223f54d669eb8664856f570883f0763da29a702", "best_bid": "0.17", "best_ask": "0.21"}, {"asset_id": "17398793204722166217660817067265905985425481568989568628103768246608609488761", "price": "0.79", "size": "130.44", "side": "BUY", "hash": "e78390488f91733790ba5694ef32b3188d4bb54a", "best_bid": "0.79", "best_ask": "0.83"}], "timestamp": "1769384054230", "event_type": "price_change"}}
{"_local_timestamp": "2026-01-25T23:34:14.490261+00:00", "data": {"market": "0x0bd390a2c7c8fce851fcfe72c02f347686c0a362f5aaab331ffa9c54416c6aa2", "price_changes": [{"asset_id": "88768287981663040695907057042576315713786188072326767683529020944040826691423", "price": "0.21", "size": "150.92", "side": "SELL", "hash": "f161bb97750e1f53fa6616eba2106dcd0f251732", "best_bid": "0.17", "best_ask": "0.21"}, {"asset_id": "17398793204722166217660817067265905985425481568989568628103768246608609488761", "price": "0.79", "size": "150.92", "side": "BUY", "hash": "e14657ce4675e170f56a400686a411ff712d817c", "best_bid": "0.79", "best_ask": "0.83"}], "timestamp": "1769384054231", "event_type": "price_change"}}
{"_local_timestamp": "2026-01-25T23:34:14.514025+00:00", "data": {"market": "0x0bd390a2c7c8fce851fcfe72c02f347686c0a362f5aaab331ffa9c54416c6aa2", "price_changes": [{"asset_id": "17398793204722166217660817067265905985425481568989568628103768246608609488761", "price": "0.16", "size": "0", "side": "BUY", "hash": "1fde8ac4d9fec9e63df37dcf279c607ed02f3463", "best_bid": "0.79", "best_ask": "0.83"}, {"asset_id": "88768287981663040695907057042576315713786188072326767683529020944040826691423", "price": "0.84", "size": "0", "side": "SELL", "hash": "3815042cbb5aab1f6268b2c65482ce0c796305d2", "best_bid": "0.17", "best_ask": "0.21"}], "timestamp": "1769384054273", "event_type": "price_change"}}
{"_local_timestamp": "2026-01-25T23:34:14.514565+00:00", "data": {"market": "0x0bd390a2c7c8fce851fcfe72c02f347686c0a362f5aaab331ffa9c54416c6aa2", "price_changes": [{"asset_id": "17398793204722166217660817067265905985425481568989568628103768246608609488761", "price": "0.17", "size": "0", "side": "BUY", "hash": "1fde8ac4d9fec9e63df37dcf279c607ed02f3463", "best_bid": "0.79", "best_ask": "0.83"}, {"asset_id": "88768287981663040695907057042576315713786188072326767683529020944040826691423", "price": "0.83", "size": "0", "side": "SELL", "hash": "3815042cbb5aab1f6268b2c65482ce0c796305d2", "best_bid": "0.17", "best_ask": "0.21"}], "timestamp": "1769384054273", "event_type": "price_change"}}
{"_local_timestamp": "2026-01-25T23:34:14.515212+00:00", "data": {"market": "0x0bd390a2c7c8fce851fcfe72c02f347686c0a362f5aaab331ffa9c54416c6aa2", "price_changes": [{"asset_id": "17398793204722166217660817067265905985425481568989568628103768246608609488761", "price": "0.08", "size": "4657.32", "side": "BUY", "hash": "1fde8ac4d9fec9e63df37dcf279c607ed02f3463", "best_bid": "0.79", "best_ask": "0.83"}, {"asset_id": "88768287981663040695907057042576315713786188072326767683529020944040826691423", "price": "0.92", "size": "4657.32", "side": "SELL", "hash": "3815042cbb5aab1f6268b2c65482ce0c796305d2", "best_bid": "0.17", "best_ask": "0.21"}], "timestamp": "1769384054273", "event_type": "price_change"}}
{"_local_timestamp": "2026-01-25T23:34:14.516655+00:00", "data": {"market": "0x0bd390a2c7c8fce851fcfe72c02f347686c0a362f5aaab331ffa9c54416c6aa2", "price_changes": [{"asset_id": "17398793204722166217660817067265905985425481568989568628103768246608609488761", "price": "0.07", "size": "1500", "side": "BUY", "hash": "1fde8ac4d9fec9e63df37dcf279c607ed02f3463", "best_bid": "0.79", "best_ask": "0.83"}, {"asset_id": "88768287981663040695907057042576315713786188072326767683529020944040826691423", "price": "0.93", "size": "1500", "side": "SELL", "hash": "3815042cbb5aab1f6268b2c65482ce0c796305d2", "best_bid": "0.17", "best_ask": "0.21"}], "timestamp": "1769384054273", "event_type": "price_change"}}
{"_local_timestamp": "2026-01-25T23:34:14.517307+00:00", "data": {"market": "0x0bd390a2c7c8fce851fcfe72c02f347686c0a362f5aaab331ffa9c54416c6aa2", "price_changes": [{"asset_id": "17398793204722166217660817067265905985425481568989568628103768246608609488761", "price": "0.09", "size": "19", "side": "BUY", "hash": "1fde8ac4d9fec9e63df37dcf279c607ed02f3463", "best_bid": "0.79", "best_ask": "0.83"}, {"asset_id": "88768287981663040695907057042576315713786188072326767683529020944040826691423", "price": "0.91", "size": "19", "side": "SELL", "hash": "3815042cbb5aab1f6268b2c65482ce0c796305d2", "best_bid": "0.17", "best_ask": "0.21"}], "timestamp": "1769384054273", "event_type": "price_change"}}
{"_local_timestamp": "2026-01-25T23:34:14.648101+00:00", "data": {"market": "0x0bd390a2c7c8fce851fcfe72c02f347686c0a362f5aaab331ffa9c54416c6aa2", "price_changes": [{"asset_id": "17398793204722166217660817067265905985425481568989568628103768246608609488761", "price": "0.18", "size": "2197.11", "side": "BUY", "hash": "6ef18b57ba3761566d28e65e8bce00ec91ce7d2a", "best_bid": "0.79", "best_ask": "0.83"}, {"asset_id": "88768287981663040695907057042576315713786188072326767683529020944040826691423", "price": "0.82", "size": "2197.11", "side": "SELL", "hash": "646ec1ae0467494f36b0e21a9a73d9d540ce6a0a", "best_bid": "0.17", "best_ask": "0.21"}], "timestamp": "1769384054405", "event_type": "price_change"}}
{"_local_timestamp": "2026-01-25T23:34:14.774518+00:00", "data": {"market": "0x0bd390a2c7c8fce851fcfe72c02f347686c0a362f5aaab331ffa9c54416c6aa2", "price_changes": [{"asset_id": "17398793204722166217660817067265905985425481568989568628103768246608609488761", "price": "0.19", "size": "890.11", "side": "BUY", "hash": "3460fe85899f4cfbea70f1b428b255f0d35eee9b", "best_bid": "0.79", "best_ask": "0.83"}, {"asset_id": "88768287981663040695907057042576315713786188072326767683529020944040826691423", "price": "0.81", "size": "890.11", "side": "SELL", "hash": "5f3041c3fedf9bcd2ecdef87aff7f0471738c140", "best_bid": "0.17", "best_ask": "0.21"}], "timestamp": "1769384054406", "event_type": "price_change"}}
{"_local_timestamp": "2026-01-25T23:34:14.775037+00:00", "data": {"market": "0x0bd390a2c7c8fce851fcfe72c02f347686c0a362f5aaab331ffa9c54416c6aa2", "price_changes": [{"asset_id": "17398793204722166217660817067265905985425481568989568628103768246608609488761", "price": "0.18", "size": "3087.22", "side": "BUY", "hash": "163fe6b62dc09fb30ceae8206015cf3ac8f94fff", "best_bid": "0.79", "best_ask": "0.83"}, {"asset_id": "88768287981663040695907057042576315713786188072326767683529020944040826691423", "price": "0.82", "size": "3087.22", "side": "SELL", "hash": "fe25d0ed126bf9163ddcb0b8096b69699b53a49b", "best_bid": "0.17", "best_ask": "0.21"}], "timestamp": "1769384054406", "event_type": "price_change"}}
{"_local_timestamp": "2026-01-25T23:34:14.777181+00:00", "data": {"market": "0x0bd390a2c7c8fce851fcfe72c02f347686c0a362f5aaab331ffa9c54416c6aa2", "price_changes": [{"asset_id": "17398793204722166217660817067265905985425481568989568628103768246608609488761", "price": "0.18", "size": "3977.33", "side": "BUY", "hash": "5da6d8f1a6aa924df9754d9e564edcc59dcead17", "best_bid": "0.79", "best_ask": "0.83"}, {"asset_id": "88768287981663040695907057042576315713786188072326767683529020944040826691423", "price": "0.82", "size": "3977.33", "side": "SELL", "hash": "f9c071d2383e26772218da767cb32473dfe29a64", "best_bid": "0.17", "best_ask": "0.21"}], "timestamp": "1769384054407", "event_type": "price_change"}}
{"_local_timestamp": "2026-01-25T23:34:14.777673+00:00", "data": {"market": "0x0bd390a2c7c8fce851fcfe72c02f347686c0a362f5aaab331ffa9c54416c6aa2", "price_changes": [{"asset_id": "17398793204722166217660817067265905985425481568989568628103768246608609488761", "price": "0.18", "size": "5247.43", "side": "BUY", "hash": "3e0f0bcaa7eaaab6d9ba6a91ebbeda47d04eda7b", "best_bid": "0.79", "best_ask": "0.83"}, {"asset_id": "88768287981663040695907057042576315713786188072326767683529020944040826691423", "price": "0.82", "size": "5247.43", "side": "SELL", "hash": "44f407b967979919b402d36663ad9f66ebef061a", "best_bid": "0.17", "best_ask": "0.21"}], "timestamp": "1769384054408", "event_type": "price_change"}}
{"_local_timestamp": "2026-01-25T23:34:19.577918+00:00", "data": {"market": "0x0bd390a2c7c8fce851fcfe72c02f347686c0a362f5aaab331ffa9c54416c6aa2", "price_changes": [{"asset_id": "88768287981663040695907057042576315713786188072326767683529020944040826691423", "price": "0.02", "size": "1198.75", "side": "BUY", "hash": "808a67e1731d321e7ae356677a7faa7818606172", "best_bid": "0.17", "best_ask": "0.21"}, {"asset_id": "17398793204722166217660817067265905985425481568989568628103768246608609488761", "price": "0.98", "size": "1198.75", "side": "SELL", "hash": "46bdeb3c7534444f01f0f714f025666360893805", "best_bid": "0.79", "best_ask": "0.83"}], "timestamp": "1769384059365", "event_type": "price_change"}}
{"_local_timestamp": "2026-01-25T23:34:19.649907+00:00", "data": {"market": "0x0bd390a2c7c8fce851fcfe72c02f347686c0a362f5aaab331ffa9c54416c6aa2", "price_changes": [{"asset_id": "17398793204722166217660817067265905985425481568989568628103768246608609488761", "price": "0.18", "size": "1090.11", "side": "BUY", "hash": "a0b0d7774faf50ff5c03fee1ca19a78f9c5af17f", "best_bid": "0.79", "best_ask": "0.83"}, {"asset_id": "88768287981663040695907057042576315713786188072326767683529020944040826691423", "price": "0.82", "size": "1090.11", "side": "SELL", "hash": "9ac4eed8baaac1951c80c3192a79c1e1ae4d51c2", "best_bid": "0.17", "best_ask": "0.21"}], "timestamp": "1769384059441", "event_type": "price_change"}}
{"_local_timestamp": "2026-01-25T23:34:19.775241+00:00", "data": {"market": "0x0bd390a2c7c8fce851fcfe72c02f347686c0a362f5aaab331ffa9c54416c6aa2", "price_changes": [{"asset_id": "88768287981663040695907057042576315713786188072326767683529020944040826691423", "price": "0.03", "size": "890.11", "side": "BUY", "hash": "a7230f90d7bba372c8a9e1a79612ec8601246eff", "best_bid": "0.17", "best_ask": "0.21"}, {"asset_id": "17398793204722166217660817067265905985425481568989568628103768246608609488761", "price": "0.97", "size": "890.11", "side": "SELL", "hash": "e7a2c48fc27d5d2ab4cd9d5bf21a801be6991c58", "best_bid": "0.79", "best_ask": "0.83"}], "timestamp": "1769384059551", "event_type": "price_change"}}
{"_local_timestamp": "2026-01-25T23:34:29.479146+00:00", "data": {"market": "0x0bd390a2c7c8fce851fcfe72c02f347686c0a362f5aaab331ffa9c54416c6aa2", "price_changes": [{"asset_id": "17398793204722166217660817067265905985425481568989568628103768246608609488761", "price": "0.12", "size": "0", "side": "BUY", "hash": "e6efac128c58c2a791095fe44f5d8ef7fbc0c5b6", "best_bid": "0.79", "best_ask": "0.83"}, {"asset_id": "88768287981663040695907057042576315713786188072326767683529020944040826691423", "price": "0.88", "size": "0", "side": "SELL", "hash": "bcb7dbcf02d253056d8751d2761bd3c5da13ff55", "best_bid": "0.17", "best_ask": "0.21"}], "timestamp": "1769384069218", "event_type": "price_change"}}
{"_local_timestamp": "2026-01-25T23:34:29.538738+00:00", "data": {"market": "0x0bd390a2c7c8fce851fcfe72c02f347686c0a362f5aaab331ffa9c54416c6aa2", "price_changes": [{"asset_id": "88768287981663040695907057042576315713786188072326767683529020944040826691423", "price": "0.01", "size": "4436.3", "side": "BUY", "hash": "9bad376c73e23e619ae98d7fbcd79de7da245df4", "best_bid": "0.17", "best_ask": "0.21"}, {"asset_id": "17398793204722166217660817067265905985425481568989568628103768246608609488761", "price": "0.99", "size": "4436.3", "side": "SELL", "hash": "79a2c8803e42ede1bf4437734d4c8ffc94fd7575", "best_bid": "0.79", "best_ask": "0.83"}], "timestamp": "1769384069304", "event_type": "price_change"}}
{"_local_timestamp": "2026-01-25T23:34:29.703312+00:00", "data": {"market": "0x0bd390a2c7c8fce851fcfe72c02f347686c0a362f5aaab331ffa9c54416c6aa2", "price_changes": [{"asset_id": "17398793204722166217660817067265905985425481568989568628103768246608609488761", "price": "0.08", "size": "4757.32", "side": "BUY", "hash": "7818030f65c5eb9278b9c4c632ce3099a9dc9735", "best_bid": "0.79", "best_ask": "0.83"}, {"asset_id": "88768287981663040695907057042576315713786188072326767683529020944040826691423", "price": "0.92", "size": "4757.32", "side": "SELL", "hash": "cc60c2144ec187d993d0c7a67b02facd3cf3f01b", "best_bid": "0.17", "best_ask": "0.21"}], "timestamp": "1769384069485", "event_type": "price_change"}}
{"_local_timestamp": "2026-01-25T23:34:29.763213+00:00", "data": {"market": "0x0bd390a2c7c8fce851fcfe72c02f347686c0a362f5aaab331ffa9c54416c6aa2", "price_changes": [{"asset_id": "17398793204722166217660817067265905985425481568989568628103768246608609488761", "price": "0.09", "size": "1289.1", "side": "BUY", "hash": "79ee4de1b3f5912612ddd3dc219350b7cd618079", "best_bid": "0.79", "best_ask": "0.83"}, {"asset_id": "88768287981663040695907057042576315713786188072326767683529020944040826691423", "price": "0.91", "size": "1289.1", "side": "SELL", "hash": "24c7f17d185ab9370d8840ae2d78dafa6776a869", "best_bid": "0.17", "best_ask": "0.21"}], "timestamp": "1769384069545", "event_type": "price_change"}}
{"_local_timestamp": "2026-01-25T23:34:29.764792+00:00", "data": {"market": "0x0bd390a2c7c8fce851fcfe72c02f347686c0a362f5aaab331ffa9c54416c6aa2", "price_changes": [{"asset_id": "17398793204722166217660817067265905985425481568989568628103768246608609488761", "price": "0.09", "size": "3286.21", "side": "BUY", "hash": "a39dd5033bfbf0e5145a30210cda88c770d563c6", "best_bid": "0.79", "best_ask": "0.83"}, {"asset_id": "88768287981663040695907057042576315713786188072326767683529020944040826691423", "price": "0.91", "size": "3286.21", "side": "SELL", "hash": "7e49e99a17af2722fe5b19420788feb4c170057d", "best_bid": "0.17", "best_ask": "0.21"}], "timestamp": "1769384069546", "event_type": "price_change"}}
{"_local_timestamp": "2026-01-25T23:34:29.765263+00:00", "data": {"market": "0x0bd390a2c7c8fce851fcfe72c02f347686c0a362f5aaab331ffa9c54416c6aa2", "price_changes": [{"asset_id": "17398793204722166217660817067265905985425481568989568628103768246608609488761", "price": "0.09", "size": "4176.32", "side": "BUY", "hash": "c8cac481aea82110d9ab07507ecafeaf252e0aae", "best_bid": "0.79", "best_ask": "0.83"}, {"asset_id": "88768287981663040695907057042576315713786188072326767683529020944040826691423", "price": "0.91", "size": "4176.32", "side": "SELL", "hash": "b991ee066554b4f960c8780737251b34c1f20a2b", "best_bid": "0.17", "best_ask": "0.21"}], "timestamp": "1769384069547", "event_type": "price_change"}}
{"_local_timestamp": "2026-01-25T23:34:30.180706+00:00", "data": {"market": "0x0bd390a2c7c8fce851fcfe72c02f347686c0a362f5aaab331ffa9c54416c6aa2", "price_changes": [{"asset_id": "17398793204722166217660817067265905985425481568989568628103768246608609488761", "price": "0.18", "size": "890.11", "side": "BUY", "hash": "38d18a514078e2290bd685f71a4b742b281a323e", "best_bid": "0.79", "best_ask": "0.83"}, {"asset_id": "88768287981663040695907057042576315713786188072326767683529020944040826691423", "price": "0.82", "size": "890.11", "side": "SELL", "hash": "aa519fd80a174e607869ff558c9f1a2b4bdcd532", "best_bid": "0.17", "best_ask": "0.21"}], "timestamp": "1769384069837", "event_type": "price_change"}}
{"_local_timestamp": "2026-01-25T23:34:30.375704+00:00", "data": {"market": "0x0bd390a2c7c8fce851fcfe72c02f347686c0a362f5aaab331ffa9c54416c6aa2", "price_changes": [{"asset_id": "17398793204722166217660817067265905985425481568989568628103768246608609488761", "price": "0.09", "size": "5066.43", "side": "BUY", "hash": "8110c988087a3108d20ad3d0e07fe766ac95b758", "best_bid": "0.79", "best_ask": "0.83"}, {"asset_id": "88768287981663040695907057042576315713786188072326767683529020944040826691423", "price": "0.91", "size": "5066.43", "side": "SELL", "hash": "f51eefc77270f7fb9827e70d6876428fc6b67876", "best_bid": "0.17", "best_ask": "0.21"}], "timestamp": "1769384070051", "event_type": "price_change"}}
{"_local_timestamp": "2026-01-25T23:34:30.407578+00:00", "data": {"market": "0x0bd390a2c7c8fce851fcfe72c02f347686c0a362f5aaab331ffa9c54416c6aa2", "price_changes": [{"asset_id": "17398793204722166217660817067265905985425481568989568628103768246608609488761", "price": "0.08", "size": "5647.43", "side": "BUY", "hash": "59c0040752b1a044089b5d7a387779fd67d36bc7", "best_bid": "0.79", "best_ask": "0.83"}, {"asset_id": "88768287981663040695907057042576315713786188072326767683529020944040826691423", "price": "0.92", "size": "5647.43", "side": "SELL", "hash": "00a32104db214b1133f0bc307f991cd8b77423f4", "best_bid": "0.17", "best_ask": "0.21"}], "timestamp": "1769384070082", "event_type": "price_change"}}
{"_local_timestamp": "2026-01-25T23:34:30.442789+00:00", "data": {"market": "0x0bd390a2c7c8fce851fcfe72c02f347686c0a362f5aaab331ffa9c54416c6aa2", "price_changes": [{"asset_id": "17398793204722166217660817067265905985425481568989568628103768246608609488761", "price": "0.17", "size": "200", "side": "BUY", "hash": "755d97424f9d398a49ccd5a5a99d20419bb12d75", "best_bid": "0.79", "best_ask": "0.83"}, {"asset_id": "88768287981663040695907057042576315713786188072326767683529020944040826691423", "price": "0.83", "size": "200", "side": "SELL", "hash": "f4791f6fb917b5210e0a3bbc79576c07849f4698", "best_bid": "0.17", "best_ask": "0.21"}], "timestamp": "1769384070115", "event_type": "price_change"}}
{"_local_timestamp": "2026-01-25T23:34:31.103273+00:00", "data": {"market": "0x0bd390a2c7c8fce851fcfe72c02f347686c0a362f5aaab331ffa9c54416c6aa2", "price_changes": [{"asset_id": "88768287981663040695907057042576315713786188072326767683529020944040826691423", "price": "0.02", "size": "898.75", "side": "BUY", "hash": "65215b6ce63529e4eb84226bf9aded4d3ed11e45", "best_bid": "0.17", "best_ask": "0.21"}, {"asset_id": "17398793204722166217660817067265905985425481568989568628103768246608609488761", "price": "0.98", "size": "898.75", "side": "SELL", "hash": "2efe79af5d0710465dd5d1e150578594c3a4ae16", "best_bid": "0.79", "best_ask": "0.83"}], "timestamp": "1769384070882", "event_type": "price_change"}}
{"_local_timestamp": "2026-01-25T23:34:31.343368+00:00", "data": {"market": "0x0bd390a2c7c8fce851fcfe72c02f347686c0a362f5aaab331ffa9c54416c6aa2", "price_changes": [{"asset_id": "88768287981663040695907057042576315713786188072326767683529020944040826691423", "price": "0.03", "size": "1190.11", "side": "BUY", "hash": "76cb6c7ef85dabf9fc7d9acbf19931736efaa303", "best_bid": "0.17", "best_ask": "0.21"}, {"asset_id": "17398793204722166217660817067265905985425481568989568628103768246608609488761", "price": "0.97", "size": "1190.11", "side": "SELL", "hash": "d7b601aa89f90d7884ec795257e1162711c3b3c7", "best_bid": "0.79", "best_ask": "0.83"}], "timestamp": "1769384071112", "event_type": "price_change"}}
{"_local_timestamp": "2026-01-25T23:34:31.348025+00:00", "data": {"market": "0x0bd390a2c7c8fce851fcfe72c02f347686c0a362f5aaab331ffa9c54416c6aa2", "price_changes": [{"asset_id": "17398793204722166217660817067265905985425481568989568628103768246608609488761", "price": "0.08", "size": "5747.43", "side": "BUY", "hash": "874c34ab52d73935c0451fadb51b11f05bb3d3fc", "best_bid": "0.79", "best_ask": "0.83"}, {"asset_id": "88768287981663040695907057042576315713786188072326767683529020944040826691423", "price": "0.92", "size": "5747.43", "side": "SELL", "hash": "dcfac2f37434926a0e10d6db099c07c18fc4643c", "best_bid": "0.17", "best_ask": "0.21"}], "timestamp": "1769384071113", "event_type": "price_change"}}
{"_local_timestamp": "2026-01-25T23:34:32.044491+00:00", "data": {"market": "0x0bd390a2c7c8fce851fcfe72c02f347686c0a362f5aaab331ffa9c54416c6aa2", "price_changes": [{"asset_id": "17398793204722166217660817067265905985425481568989568628103768246608609488761", "price": "0.11", "size": "0", "side": "BUY", "hash": "9c5a71024f23e96fcd8bef1fdc8606e8069e07a5", "best_bid": "0.79", "best_ask": "0.83"}, {"asset_id": "88768287981663040695907057042576315713786188072326767683529020944040826691423", "price": "0.89", "size": "0", "side": "SELL", "hash": "cfbe2d2433fb7321ea39f125e50e933f23bac4f1", "best_bid": "0.17", "best_ask": "0.21"}], "timestamp": "1769384071826", "event_type": "price_change"}}
{"_local_timestamp": "2026-01-25T23:34:32.353836+00:00", "data": {"market": "0x0bd390a2c7c8fce851fcfe72c02f347686c0a362f5aaab331ffa9c54416c6aa2", "price_changes": [{"asset_id": "17398793204722166217660817067265905985425481568989568628103768246608609488761", "price": "0.08", "size": "5847.43", "side": "BUY", "hash": "5806f1a35a2c641b7d3e4f1d1b30f2974a3c4b1d", "best_bid": "0.79", "best_ask": "0.83"}, {"asset_id": "88768287981663040695907057042576315713786188072326767683529020944040826691423", "price": "0.92", "size": "5847.43", "side": "SELL", "hash": "29b95d00064c83256f5049827d96b980a35391b1", "best_bid": "0.17", "best_ask": "0.21"}], "timestamp": "1769384072094", "event_type": "price_change"}}
{"_local_timestamp": "2026-01-25T23:34:36.076555+00:00", "data": {"market": "0x0bd390a2c7c8fce851fcfe72c02f347686c0a362f5aaab331ffa9c54416c6aa2", "price_changes": [{"asset_id": "88768287981663040695907057042576315713786188072326767683529020944040826691423", "price": "0.21", "size": "69", "side": "SELL", "hash": "19ec947fb62dd0b052bc3291d021dbbdb637953c", "best_bid": "0.17", "best_ask": "0.21"}, {"asset_id": "17398793204722166217660817067265905985425481568989568628103768246608609488761", "price": "0.79", "size": "69", "side": "BUY", "hash": "95b9de7b9fbd229bd45efa95926d7f1be2329887", "best_bid": "0.79", "best_ask": "0.83"}], "timestamp": "1769384075853", "event_type": "price_change"}}
{"_local_timestamp": "2026-01-25T23:34:36.120410+00:00", "data": {"market": "0x0bd390a2c7c8fce851fcfe72c02f347686c0a362f5aaab331ffa9c54416c6aa2", "price_changes": [{"asset_id": "88768287981663040695907057042576315713786188072326767683529020944040826691423", "price": "0.02", "size": "8.64", "side": "BUY", "hash": "92f168270a5793b2466f85410e7c357459d7f86c", "best_bid": "0.17", "best_ask": "0.21"}, {"asset_id": "17398793204722166217660817067265905985425481568989568628103768246608609488761", "price": "0.98", "size": "8.64", "side": "SELL", "hash": "e67d5f25800f6beb678717c66a995d264905f509", "best_bid": "0.79", "best_ask": "0.83"}], "timestamp": "1769384075905", "event_type": "price_change"}}
{"_local_timestamp": "2026-01-25T23:34:36.122394+00:00", "data": {"market": "0x0bd390a2c7c8fce851fcfe72c02f347686c0a362f5aaab331ffa9c54416c6aa2", "price_changes": [{"asset_id": "17398793204722166217660817067265905985425481568989568628103768246608609488761", "price": "0.08", "size": "800", "side": "BUY", "hash": "181a9a59c7f8fecb549c7e6239d2ec54ad2a1c31", "best_bid": "0.79", "best_ask": "0.83"}, {"asset_id": "88768287981663040695907057042576315713786188072326767683529020944040826691423", "price": "0.92", "size": "800", "side": "SELL", "hash": "7d5d8458ae75000ea53676c7015a425dc05c8f1e", "best_bid": "0.17", "best_ask": "0.21"}], "timestamp": "1769384075905", "event_type": "price_change"}}
{"_local_timestamp": "2026-01-25T23:34:36.123725+00:00", "data": {"market": "0x0bd390a2c7c8fce851fcfe72c02f347686c0a362f5aaab331ffa9c54416c6aa2", "price_changes": [{"asset_id": "17398793204722166217660817067265905985425481568989568628103768246608609488761", "price": "0.19", "size": "0", "side": "BUY", "hash": "181a9a59c7f8fecb549c7e6239d2ec54ad2a1c31", "best_bid": "0.79", "best_ask": "0.83"}, {"asset_id": "88768287981663040695907057042576315713786188072326767683529020944040826691423", "price": "0.81", "size": "0", "side": "SELL", "hash": "7d5d8458ae75000ea53676c7015a425dc05c8f1e", "best_bid": "0.17", "best_ask": "0.21"}], "timestamp": "1769384075905", "event_type": "price_change"}}
{"_local_timestamp": "2026-01-25T23:34:36.124485+00:00", "data": {"market": "0x0bd390a2c7c8fce851fcfe72c02f347686c0a362f5aaab331ffa9c54416c6aa2", "price_changes": [{"asset_id": "17398793204722166217660817067265905985425481568989568628103768246608609488761", "price": "0.09", "size": "4176.32", "side": "BUY", "hash": "181a9a59c7f8fecb549c7e6239d2ec54ad2a1c31", "best_bid": "0.79", "best_ask": "0.83"}, {"asset_id": "88768287981663040695907057042576315713786188072326767683529020944040826691423", "price": "0.91", "size": "4176.32", "side": "SELL", "hash": "7d5d8458ae75000ea53676c7015a425dc05c8f1e", "best_bid": "0.17", "best_ask": "0.21"}], "timestamp": "1769384075905", "event_type": "price_change"}}
{"_local_timestamp": "2026-01-25T23:34:36.186772+00:00", "data": {"market": "0x0bd390a2c7c8fce851fcfe72c02f347686c0a362f5aaab331ffa9c54416c6aa2", "price_changes": [{"asset_id": "17398793204722166217660817067265905985425481568989568628103768246608609488761", "price": "0.17", "size": "1090.11", "side": "BUY", "hash": "0947360b6168487f3b39d4ad14ae3269f55087f0", "best_bid": "0.79", "best_ask": "0.83"}, {"asset_id": "88768287981663040695907057042576315713786188072326767683529020944040826691423", "price": "0.83", "size": "1090.11", "side": "SELL", "hash": "5653d54bd3f0ff4e7fd7f1d41993acb214f56a88", "best_bid": "0.17", "best_ask": "0.21"}], "timestamp": "1769384075968", "event_type": "price_change"}}
{"_local_timestamp": "2026-01-25T23:34:36.187354+00:00", "data": {"market": "0x0bd390a2c7c8fce851fcfe72c02f347686c0a362f5aaab331ffa9c54416c6aa2", "price_changes": [{"asset_id": "17398793204722166217660817067265905985425481568989568628103768246608609488761", "price": "0.1", "size": "1276.4", "side": "BUY", "hash": "051829cce2a164311e97c1922b0295a13ffd1fc4", "best_bid": "0.79", "best_ask": "0.83"}, {"asset_id": "88768287981663040695907057042576315713786188072326767683529020944040826691423", "price": "0.9", "size": "1276.4", "side": "SELL", "hash": "7415f6f1c7a7d43e75bd9386b09b01491d8edad0", "best_bid": "0.17", "best_ask": "0.21"}], "timestamp": "1769384075968", "event_type": "price_change"}}
{"_local_timestamp": "2026-01-25T23:34:36.187807+00:00", "data": {"market": "0x0bd390a2c7c8fce851fcfe72c02f347686c0a362f5aaab331ffa9c54416c6aa2", "price_changes": [{"asset_id": "17398793204722166217660817067265905985425481568989568628103768246608609488761", "price": "0.1", "size": "3273.51", "side": "BUY", "hash": "089d3ec3e3f5c53a807d7368625b0a15a76625ae", "best_bid": "0.79", "best_ask": "0.83"}, {"asset_id": "88768287981663040695907057042576315713786188072326767683529020944040826691423", "price": "0.9", "size": "3273.51", "side": "SELL", "hash": "e4d46dbab17bdffdf34485d987583b20a404d4f5", "best_bid": "0.17", "best_ask": "0.21"}], "timestamp": "1769384075969", "event_type": "price_change"}}
{"_local_timestamp": "2026-01-25T23:34:36.188506+00:00", "data": {"market": "0x0bd390a2c7c8fce851fcfe72c02f347686c0a362f5aaab331ffa9c54416c6aa2", "price_changes": [{"asset_id": "17398793204722166217660817067265905985425481568989568628103768246608609488761", "price": "0.1", "size": "4163.62", "side": "BUY", "hash": "21b5c592746a8b8f99544942d44f7b081e5fdabe", "best_bid": "0.79", "best_ask": "0.83"}, {"asset_id": "88768287981663040695907057042576315713786188072326767683529020944040826691423", "price": "0.9", "size": "4163.62", "side": "SELL", "hash": "533f1522de3158bee8203f574080de3c2fca86b2", "best_bid": "0.17", "best_ask": "0.21"}], "timestamp": "1769384075970", "event_type": "price_change"}}
{"_local_timestamp": "2026-01-25T23:34:36.188990+00:00", "data": {"market": "0x0bd390a2c7c8fce851fcfe72c02f347686c0a362f5aaab331ffa9c54416c6aa2", "price_changes": [{"asset_id": "88768287981663040695907057042576315713786188072326767683529020944040826691423", "price": "0.04", "size": "895.56", "side": "BUY", "hash": "a4410df818e5a2a68dcb2966494c9fa78d7dd527", "best_bid": "0.17", "best_ask": "0.21"}, {"asset_id": "17398793204722166217660817067265905985425481568989568628103768246608609488761", "price": "0.96", "size": "895.56", "side": "SELL", "hash": "d7573c4c513bdd3a473f3e7d8cb3ed44424247bf", "best_bid": "0.79", "best_ask": "0.83"}], "timestamp": "1769384075970", "event_type": "price_change"}}
{"_local_timestamp": "2026-01-25T23:34:42.912575+00:00", "data": {"market": "0x0bd390a2c7c8fce851fcfe72c02f347686c0a362f5aaab331ffa9c54416c6aa2", "price_changes": [{"asset_id": "17398793204722166217660817067265905985425481568989568628103768246608609488761", "price": "0.08", "size": "700", "side": "BUY", "hash": "a809c05c90043896497a2e73ff8c52cade03a99a", "best_bid": "0.79", "best_ask": "0.83"}, {"asset_id": "88768287981663040695907057042576315713786188072326767683529020944040826691423", "price": "0.92", "size": "700", "side": "SELL", "hash": "470ba7d46e2e0055b149428c9883d6af8ddb0d8b", "best_bid": "0.17", "best_ask": "0.21"}], "timestamp": "1769384082842", "event_type": "price_change"}}
{"_local_timestamp": "2026-01-25T23:34:42.969357+00:00", "data": {"market": "0x0bd390a2c7c8fce851fcfe72c02f347686c0a362f5aaab331ffa9c54416c6aa2", "price_changes": [{"asset_id": "17398793204722166217660817067265905985425481568989568628103768246608609488761", "price": "0.1", "size": "6.3", "side": "BUY", "hash": "b05c8fd2d1a0d27cf9048adcf3b744f8534964dd", "best_bid": "0.79", "best_ask": "0.83"}, {"asset_id": "88768287981663040695907057042576315713786188072326767683529020944040826691423", "price": "0.9", "size": "6.3", "side": "SELL", "hash": "ea028870a90328d6533e5ecd97f2d28d727e3784", "best_bid": "0.17", "best_ask": "0.21"}], "timestamp": "1769384082899", "event_type": "price_change"}}
{"_local_timestamp": "2026-01-25T23:34:48.853416+00:00", "data": {"market": "0x0bd390a2c7c8fce851fcfe72c02f347686c0a362f5aaab331ffa9c54416c6aa2", "price_changes": [{"asset_id": "88768287981663040695907057042576315713786188072326767683529020944040826691423", "price": "0.21", "size": "89.48", "side": "SELL", "hash": "8e569f965c89ba5d47f87e58a2e448d6a0912ce0", "best_bid": "0.17", "best_ask": "0.21"}, {"asset_id": "17398793204722166217660817067265905985425481568989568628103768246608609488761", "price": "0.79", "size": "89.48", "side": "BUY", "hash": "c501ac79602a6704bd401c2f416fd8245f51018d", "best_bid": "0.79", "best_ask": "0.83"}], "timestamp": "1769384088774", "event_type": "price_change"}}
{"_local_timestamp": "2026-01-25T23:34:48.853909+00:00", "data": {"market": "0x0bd390a2c7c8fce851fcfe72c02f347686c0a362f5aaab331ffa9c54416c6aa2", "price_changes": [{"asset_id": "88768287981663040695907057042576315713786188072326767683529020944040826691423", "price": "0.21", "size": "109.96", "side": "SELL", "hash": "c317eadb27c87cab36e887701bedb930bffb52b9", "best_bid": "0.17", "best_ask": "0.21"}, {"asset_id": "17398793204722166217660817067265905985425481568989568628103768246608609488761", "price": "0.79", "size": "109.96", "side": "BUY", "hash": "b8cdbe7ad811e67d039026d6020d58a8c8eff3d8", "best_bid": "0.79", "best_ask": "0.83"}], "timestamp": "1769384088775", "event_type": "price_change"}}
{"_local_timestamp": "2026-01-25T23:34:48.869617+00:00", "data": {"market": "0x0bd390a2c7c8fce851fcfe72c02f347686c0a362f5aaab331ffa9c54416c6aa2", "price_changes": [{"asset_id": "88768287981663040695907057042576315713786188072326767683529020944040826691423", "price": "0.21", "size": "130.44", "side": "SELL", "hash": "3ae0d3edf1ee8562e5be1d191feadcc09071411b", "best_bid": "0.17", "best_ask": "0.21"}, {"asset_id": "17398793204722166217660817067265905985425481568989568628103768246608609488761", "price": "0.79", "size": "130.44", "side": "BUY", "hash": "bdb7e8e251e57b85f964862d317b1c6b65db19db", "best_bid": "0.79", "best_ask": "0.83"}], "timestamp": "1769384088782", "event_type": "price_change"}}
{"_local_timestamp": "2026-01-25T23:34:48.875494+00:00", "data": {"market": "0x0bd390a2c7c8fce851fcfe72c02f347686c0a362f5aaab331ffa9c54416c6aa2", "price_changes": [{"asset_id": "88768287981663040695907057042576315713786188072326767683529020944040826691423", "price": "0.21", "size": "150.92", "side": "SELL", "hash": "70cc2d843746660760c4533f2f82c6eb1a9e2d15", "best_bid": "0.17", "best_ask": "0.21"}, {"asset_id": "17398793204722166217660817067265905985425481568989568628103768246608609488761", "price": "0.79", "size": "150.92", "side": "BUY", "hash": "5a9a07dfd7a83168ef98fd9b8e2f1cb79c64f5fc", "best_bid": "0.79", "best_ask": "0.83"}], "timestamp": "1769384088783", "event_type": "price_change"}}
{"_local_timestamp": "2026-01-25T23:34:50.798538+00:00", "data": {"market": "0x0bd390a2c7c8fce851fcfe72c02f347686c0a362f5aaab331ffa9c54416c6aa2", "price_changes": [{"asset_id": "17398793204722166217660817067265905985425481568989568628103768246608609488761", "price": "0.08", "size": "300", "side": "BUY", "hash": "5464fb8bcba1fd198effa4481b3d121ce380e1f1", "best_bid": "0.79", "best_ask": "0.83"}, {"asset_id": "88768287981663040695907057042576315713786188072326767683529020944040826691423", "price": "0.92", "size": "300", "side": "SELL", "hash": "91693ce551cd1ebe3cb7d993aacb0918e691ae12", "best_bid": "0.17", "best_ask": "0.21"}], "timestamp": "1769384090660", "event_type": "price_change"}}
{"_local_timestamp": "2026-01-25T23:34:50.799182+00:00", "data": {"market": "0x0bd390a2c7c8fce851fcfe72c02f347686c0a362f5aaab331ffa9c54416c6aa2", "price_changes": [{"asset_id": "17398793204722166217660817067265905985425481568989568628103768246608609488761", "price": "0.17", "size": "890.11", "side": "BUY", "hash": "5464fb8bcba1fd198effa4481b3d121ce380e1f1", "best_bid": "0.79", "best_ask": "0.83"}, {"asset_id": "88768287981663040695907057042576315713786188072326767683529020944040826691423", "price": "0.83", "size": "890.11", "side": "SELL", "hash": "91693ce551cd1ebe3cb7d993aacb0918e691ae12", "best_bid": "0.17", "best_ask": "0.21"}], "timestamp": "1769384090660", "event_type": "price_change"}}
{"_local_timestamp": "2026-01-25T23:34:50.904441+00:00", "data": {"market": "0x0bd390a2c7c8fce851fcfe72c02f347686c0a362f5aaab331ffa9c54416c6aa2", "price_changes": [{"asset_id": "17398793204722166217660817067265905985425481568989568628103768246608609488761", "price": "0.09", "size": "5066.43", "side": "BUY", "hash": "f7df258ec6e1f1319cd55cdb67e0ace61aaea661", "best_bid": "0.79", "best_ask": "0.83"}, {"asset_id": "88768287981663040695907057042576315713786188072326767683529020944040826691423", "price": "0.91", "size": "5066.43", "side": "SELL", "hash": "e7094dc423d491c3aad9da3bb6f7ea5d6e17a55a", "best_bid": "0.17", "best_ask": "0.21"}], "timestamp": "1769384090762", "event_type": "price_change"}}
{"_local_timestamp": "2026-01-25T23:34:50.908899+00:00", "data": {"market": "0x0bd390a2c7c8fce851fcfe72c02f347686c0a362f5aaab331ffa9c54416c6aa2", "price_changes": [{"asset_id": "17398793204722166217660817067265905985425481568989568628103768246608609488761", "price": "0.08", "size": "1570.1", "side": "BUY", "hash": "93eb709db62b659ba7cec694ade4680ca9f28407", "best_bid": "0.79", "best_ask": "0.83"}, {"asset_id": "88768287981663040695907057042576315713786188072326767683529020944040826691423", "price": "0.92", "size": "1570.1", "side": "SELL", "hash": "105c6ece51edcad5794ee3f88bfffdaaf6316dfa", "best_bid": "0.17", "best_ask": "0.21"}], "timestamp": "1769384090763", "event_type": "price_change"}}
{"_local_timestamp": "2026-01-25T23:34:50.909491+00:00", "data": {"market": "0x0bd390a2c7c8fce851fcfe72c02f347686c0a362f5aaab331ffa9c54416c6aa2", "price_changes": [{"asset_id": "17398793204722166217660817067265905985425481568989568628103768246608609488761", "price": "0.08", "size": "2460.21", "side": "BUY", "hash": "b173c3a26152f9fbbd57e7098a273f503f21e33c", "best_bid": "0.79", "best_ask": "0.83"}, {"asset_id": "88768287981663040695907057042576315713786188072326767683529020944040826691423", "price": "0.92", "size": "2460.21", "side": "SELL", "hash": "d95b934a5987d193f7fed24b87de65891082f40b", "best_bid": "0.17", "best_ask": "0.21"}], "timestamp": "1769384090764", "event_type": "price_change"}}
{"_local_timestamp": "2026-01-25T23:34:50.909936+00:00", "data": {"market": "0x0bd390a2c7c8fce851fcfe72c02f347686c0a362f5aaab331ffa9c54416c6aa2", "price_changes": [{"asset_id": "17398793204722166217660817067265905985425481568989568628103768246608609488761", "price": "0.08", "size": "3350.32", "side": "BUY", "hash": "7ce10d2690ef7417fcafefdc3be005f1b231abf5", "best_bid": "0.79", "best_ask": "0.83"}, {"asset_id": "88768287981663040695907057042576315713786188072326767683529020944040826691423", "price": "0.92", "size": "3350.32", "side": "SELL", "hash": "35ea21f6cec8271ecf2adfbc2232321017a6e306", "best_bid": "0.17", "best_ask": "0.21"}], "timestamp": "1769384090765", "event_type": "price_change"}}
{"_local_timestamp": "2026-01-25T23:34:50.932861+00:00", "data": {"market": "0x0bd390a2c7c8fce851fcfe72c02f347686c0a362f5aaab331ffa9c54416c6aa2", "price_changes": [{"asset_id": "17398793204722166217660817067265905985425481568989568628103768246608609488761", "price": "0.08", "size": "5347.43", "side": "BUY", "hash": "99b34c261df73e01aafa5e0552eca0d3689f5e2c", "best_bid": "0.79", "best_ask": "0.83"}, {"asset_id": "88768287981663040695907057042576315713786188072326767683529020944040826691423", "price": "0.92", "size": "5347.43", "side": "SELL", "hash": "b2d2c54fc3090798db812c7849851fb14477da4a", "best_bid": "0.17", "best_ask": "0.21"}], "timestamp": "1769384090792", "event_type": "price_change"}}
{"_local_timestamp": "2026-01-25T23:34:51.089728+00:00", "data": {"market": "0x0bd390a2c7c8fce851fcfe72c02f347686c0a362f5aaab331ffa9c54416c6aa2", "price_changes": [{"asset_id": "17398793204722166217660817067265905985425481568989568628103768246608609488761", "price": "0.09", "size": "5466.43", "side": "BUY", "hash": "e8f0bf94bf56f55104fbd09ebd156a339c34e517", "best_bid": "0.79", "best_ask": "0.83"}, {"asset_id": "88768287981663040695907057042576315713786188072326767683529020944040826691423", "price": "0.91", "size": "5466.43", "side": "SELL", "hash": "6f0cb33b740450385f44c9865e838aa98d2227cc", "best_bid": "0.17", "best_ask": "0.21"}], "timestamp": "1769384090940", "event_type": "price_change"}}
{"_local_timestamp": "2026-01-25T23:34:51.094813+00:00", "data": {"market": "0x0bd390a2c7c8fce851fcfe72c02f347686c0a362f5aaab331ffa9c54416c6aa2", "price_changes": [{"asset_id": "17398793204722166217660817067265905985425481568989568628103768246608609488761", "price": "0.18", "size": "1090.11", "side": "BUY", "hash": "33bdd7509a3efe28994b30a06f21ce2ff422bd8e", "best_bid": "0.79", "best_ask": "0.83"}, {"asset_id": "88768287981663040695907057042576315713786188072326767683529020944040826691423", "price": "0.82", "size": "1090.11", "side": "SELL", "hash": "5c51ba30bbdc22087ae64b82729ca4764f1515c3", "best_bid": "0.17", "best_ask": "0.21"}], "timestamp": "1769384090941", "event_type": "price_change"}}
{"_local_timestamp": "2026-01-25T23:34:54.721625+00:00", "data": {"market": "0x0bd390a2c7c8fce851fcfe72c02f347686c0a362f5aaab331ffa9c54416c6aa2", "price_changes": [{"asset_id": "88768287981663040695907057042576315713786188072326767683529020944040826691423", "price": "0.03", "size": "890.11", "side": "BUY", "hash": "8ac8456de75b8efd41a08694f7ae557b3cebf2cd", "best_bid": "0.17", "best_ask": "0.21"}, {"asset_id": "17398793204722166217660817067265905985425481568989568628103768246608609488761", "price": "0.97", "size": "890.11", "side": "SELL", "hash": "58f87e5f61acb77b7a13224ee34d6d12ce9d8d12", "best_bid": "0.79", "best_ask": "0.83"}], "timestamp": "1769384094628", "event_type": "price_change"}}
{"_local_timestamp": "2026-01-25T23:34:54.737473+00:00", "data": {"market": "0x0bd390a2c7c8fce851fcfe72c02f347686c0a362f5aaab331ffa9c54416c6aa2", "price_changes": [{"asset_id": "17398793204722166217660817067265905985425481568989568628103768246608609488761", "price": "0.09", "size": "419", "side": "BUY", "hash": "ad0cc6475c149a78217f3df518742a6fdfef4925", "best_bid": "0.79", "best_ask": "0.83"}, {"asset_id": "88768287981663040695907057042576315713786188072326767683529020944040826691423", "price": "0.91", "size": "419", "side": "SELL", "hash": "f7406793bf79ab022b810d0aa7fca689e9c61cdc", "best_bid": "0.17", "best_ask": "0.21"}], "timestamp": "1769384094671", "event_type": "price_change"}}
{"_local_timestamp": "2026-01-25T23:34:54.738017+00:00", "data": {"market": "0x0bd390a2c7c8fce851fcfe72c02f347686c0a362f5aaab331ffa9c54416c6aa2", "price_changes": [{"asset_id": "17398793204722166217660817067265905985425481568989568628103768246608609488761", "price": "0.17", "size": "0", "side": "BUY", "hash": "ad0cc6475c149a78217f3df518742a6fdfef4925", "best_bid": "0.79", "best_ask": "0.83"}, {"asset_id": "88768287981663040695907057042576315713786188072326767683529020944040826691423", "price": "0.83", "size": "0", "side": "SELL", "hash": "f7406793bf79ab022b810d0aa7fca689e9c61cdc", "best_bid": "0.17", "best_ask": "0.21"}], "timestamp": "1769384094671", "event_type": "price_change"}}
{"_local_timestamp": "2026-01-25T23:34:54.738479+00:00", "data": {"market": "0x0bd390a2c7c8fce851fcfe72c02f347686c0a362f5aaab331ffa9c54416c6aa2", "price_changes": [{"asset_id": "17398793204722166217660817067265905985425481568989568628103768246608609488761", "price": "0.08", "size": "4457.32", "side": "BUY", "hash": "ad0cc6475c149a78217f3df518742a6fdfef4925", "best_bid": "0.79", "best_ask": "0.83"}, {"asset_id": "88768287981663040695907057042576315713786188072326767683529020944040826691423", "price": "0.92", "size": "4457.32", "side": "SELL", "hash": "f7406793bf79ab022b810d0aa7fca689e9c61cdc", "best_bid": "0.17", "best_ask": "0.21"}], "timestamp": "1769384094671", "event_type": "price_change"}}
{"_local_timestamp": "2026-01-25T23:34:54.876842+00:00", "data": {"market": "0x0bd390a2c7c8fce851fcfe72c02f347686c0a362f5aaab331ffa9c54416c6aa2", "price_changes": [{"asset_id": "17398793204722166217660817067265905985425481568989568628103768246608609488761", "price": "0.19", "size": "890.11", "side": "BUY", "hash": "b63769bb91c658ad015381e876bdd09e276b09f9", "best_bid": "0.79", "best_ask": "0.83"}, {"asset_id": "88768287981663040695907057042576315713786188072326767683529020944040826691423", "price": "0.81", "size": "890.11", "side": "SELL", "hash": "34c7a13aedd82b6c1c67e5ac98dc120bf17b93ce", "best_bid": "0.17", "best_ask": "0.21"}], "timestamp": "1769384094803", "event_type": "price_change"}}
{"_local_timestamp": "2026-01-25T23:34:54.877403+00:00", "data": {"market": "0x0bd390a2c7c8fce851fcfe72c02f347686c0a362f5aaab331ffa9c54416c6aa2", "price_changes": [{"asset_id": "88768287981663040695907057042576315713786188072326767683529020944040826691423", "price": "0.01", "size": "5326.41", "side": "BUY", "hash": "646ad266404dee6c3593b5713f3c646efd52797a", "best_bid": "0.17", "best_ask": "0.21"}, {"asset_id": "17398793204722166217660817067265905985425481568989568628103768246608609488761", "price": "0.99", "size": "5326.41", "side": "SELL", "hash": "17d0d346ef41af357a79d6d201962446aad11f69", "best_bid": "0.79", "best_ask": "0.83"}], "timestamp": "1769384094803", "event_type": "price_change"}}
{"_local_timestamp": "2026-01-25T23:34:54.877877+00:00", "data": {"market": "0x0bd390a2c7c8fce851fcfe72c02f347686c0a362f5aaab331ffa9c54416c6aa2", "price_changes": [{"asset_id": "88768287981663040695907057042576315713786188072326767683529020944040826691423", "price": "0.02", "size": "898.75", "side": "BUY", "hash": "1490afb135c96c7e5a635fff8cefc5124d6c413c", "best_bid": "0.17", "best_ask": "0.21"}, {"asset_id": "17398793204722166217660817067265905985425481568989568628103768246608609488761", "price": "0.98", "size": "898.75", "side": "SELL", "hash": "116a1fd316c7a2b3ab78496776caf2d3860b6426", "best_bid": "0.79", "best_ask": "0.83"}], "timestamp": "1769384094804", "event_type": "price_change"}}
{"_local_timestamp": "2026-01-25T23:34:54.924252+00:00", "data": {"market": "0x0bd390a2c7c8fce851fcfe72c02f347686c0a362f5aaab331ffa9c54416c6aa2", "price_changes": [{"asset_id": "88768287981663040695907057042576315713786188072326767683529020944040826691423", "price": "0.04", "size": "1195.56", "side": "BUY", "hash": "19cedbedd59f915797233f65f1443a05541fb5b4", "best_bid": "0.17", "best_ask": "0.21"}, {"asset_id": "17398793204722166217660817067265905985425481568989568628103768246608609488761", "price": "0.96", "size": "1195.56", "side": "SELL", "hash": "3374a35c5d819cea42f9a51ab629a617632993ac", "best_bid": "0.79", "best_ask": "0.83"}], "timestamp": "1769384094849", "event_type": "price_change"}}
{"_local_timestamp": "2026-01-25T23:35:01.811196+00:00", "data": {"market": "0x0bd390a2c7c8fce851fcfe72c02f347686c0a362f5aaab331ffa9c54416c6aa2", "price_changes": [{"asset_id": "17398793204722166217660817067265905985425481568989568628103768246608609488761", "price": "0.08", "size": "4357.32", "side": "BUY", "hash": "43fed11a17854c316be8f8d2a44d567f34471cda", "best_bid": "0.79", "best_ask": "0.83"}, {"asset_id": "88768287981663040695907057042576315713786188072326767683529020944040826691423", "price": "0.92", "size": "4357.32", "side": "SELL", "hash": "caf0d90c44541f5bd1029a15dbaa4b7d618b738e", "best_bid": "0.17", "best_ask": "0.21"}], "timestamp": "1769384101738", "event_type": "price_change"}}
{"_local_timestamp": "2026-01-25T23:35:01.878569+00:00", "data": {"market": "0x0bd390a2c7c8fce851fcfe72c02f347686c0a362f5aaab331ffa9c54416c6aa2", "price_changes": [{"asset_id": "88768287981663040695907057042576315713786188072326767683529020944040826691423", "price": "0.05", "size": "890.11", "side": "BUY", "hash": "48664d5af54478604a21c1356192d4ee5ce21183", "best_bid": "0.17", "best_ask": "0.21"}, {"asset_id": "17398793204722166217660817067265905985425481568989568628103768246608609488761", "price": "0.95", "size": "890.11", "side": "SELL", "hash": "ba9df30744aecce85e0f4c17c76be1212d56bbe7", "best_bid": "0.79", "best_ask": "0.83"}], "timestamp": "1769384101810", "event_type": "price_change"}}
{"_local_timestamp": "2026-01-25T23:35:01.881039+00:00", "data": {"market": "0x0bd390a2c7c8fce851fcfe72c02f347686c0a362f5aaab331ffa9c54416c6aa2", "price_changes": [{"asset_id": "88768287981663040695907057042576315713786188072326767683529020944040826691423", "price": "0.03", "size": "0", "side": "BUY", "hash": "2df83ce1050187f6dbe8f69e34d2af4f9a765045", "best_bid": "0.17", "best_ask": "0.21"}, {"asset_id": "17398793204722166217660817067265905985425481568989568628103768246608609488761", "price": "0.97", "size": "0", "side": "SELL", "hash": "5cc1e5f80b33f0b392953fef529d8b0f023a9420", "best_bid": "0.79", "best_ask": "0.83"}], "timestamp": "1769384101815", "event_type": "price_change"}}
{"_local_timestamp": "2026-01-25T23:35:01.881563+00:00", "data": {"market": "0x0bd390a2c7c8fce851fcfe72c02f347686c0a362f5aaab331ffa9c54416c6aa2", "price_changes": [{"asset_id": "88768287981663040695907057042576315713786188072326767683529020944040826691423", "price": "0.02", "size": "8.64", "side": "BUY", "hash": "2df83ce1050187f6dbe8f69e34d2af4f9a765045", "best_bid": "0.17", "best_ask": "0.21"}, {"asset_id": "17398793204722166217660817067265905985425481568989568628103768246608609488761", "price": "0.98", "size": "8.64", "side": "SELL", "hash": "5cc1e5f80b33f0b392953fef529d8b0f023a9420", "best_bid": "0.79", "best_ask": "0.83"}], "timestamp": "1769384101815", "event_type": "price_change"}}
{"_local_timestamp": "2026-01-25T23:35:01.882038+00:00", "data": {"market": "0x0bd390a2c7c8fce851fcfe72c02f347686c0a362f5aaab331ffa9c54416c6aa2", "price_changes": [{"asset_id": "88768287981663040695907057042576315713786188072326767683529020944040826691423", "price": "0.01", "size": "4436.3", "side": "BUY", "hash": "2df83ce1050187f6dbe8f69e34d2af4f9a765045", "best_bid": "0.17", "best_ask": "0.21"}, {"asset_id": "17398793204722166217660817067265905985425481568989568628103768246608609488761", "price": "0.99", "size": "4436.3", "side": "SELL", "hash": "5cc1e5f80b33f0b392953fef529d8b0f023a9420", "best_bid": "0.79", "best_ask": "0.83"}], "timestamp": "1769384101815", "event_type": "price_change"}}
{"_local_timestamp": "2026-01-25T23:35:01.985801+00:00", "data": {"market": "0x0bd390a2c7c8fce851fcfe72c02f347686c0a362f5aaab331ffa9c54416c6aa2", "price_changes": [{"asset_id": "88768287981663040695907057042576315713786188072326767683529020944040826691423", "price": "0.03", "size": "1270.1", "side": "BUY", "hash": "00f6c9da9f1d1a7f49d9d5c2979d48beb32a4d34", "best_bid": "0.17", "best_ask": "0.21"}, {"asset_id": "17398793204722166217660817067265905985425481568989568628103768246608609488761", "price": "0.97", "size": "1270.1", "side": "SELL", "hash": "e5223f1418aa5c5ec0840880d641a52772d83595", "best_bid": "0.79", "best_ask": "0.83"}], "timestamp": "1769384101918", "event_type": "price_change"}}
{"_local_timestamp": "2026-01-25T23:35:01.986419+00:00", "data": {"market": "0x0bd390a2c7c8fce851fcfe72c02f347686c0a362f5aaab331ffa9c54416c6aa2", "price_changes": [{"asset_id": "88768287981663040695907057042576315713786188072326767683529020944040826691423", "price": "0.04", "size": "2085.67", "side": "BUY", "hash": "21de565f214d91bba158557e264e155e83c60ad3", "best_bid": "0.17", "best_ask": "0.21"}, {"asset_id": "17398793204722166217660817067265905985425481568989568628103768246608609488761", "price": "0.96", "size": "2085.67", "side": "SELL", "hash": "52654e777ff6fb1eb4a04a5a134742c3afd0c947", "best_bid": "0.79", "best_ask": "0.83"}], "timestamp": "1769384101918", "event_type": "price_change"}}
{"_local_timestamp": "2026-01-25T23:35:02.098064+00:00", "data": {"market": "0x0bd390a2c7c8fce851fcfe72c02f347686c0a362f5aaab331ffa9c54416c6aa2", "price_changes": [{"asset_id": "17398793204722166217660817067265905985425481568989568628103768246608609488761", "price": "0.09", "size": "519", "side": "BUY", "hash": "26e57217c6cab775327a5fac579b155ef625a388", "best_bid": "0.79", "best_ask": "0.83"}, {"asset_id": "88768287981663040695907057042576315713786188072326767683529020944040826691423", "price": "0.91", "size": "519", "side": "SELL", "hash": "6417287fbb8db64f5813f0a5948c7b81753a48b4", "best_bid": "0.17", "best_ask": "0.21"}], "timestamp": "1769384102002", "event_type": "price_change"}}
{"_local_timestamp": "2026-01-25T23:35:10.398739+00:00", "data": {"market": "0x0bd390a2c7c8fce851fcfe72c02f347686c0a362f5aaab331ffa9c54416c6aa2", "price_changes": [{"asset_id": "88768287981663040695907057042576315713786188072326767683529020944040826691423", "price": "0.21", "size": "69", "side": "SELL", "hash": "f319a1092152490b1b01f478ba4a630723340118", "best_bid": "0.17", "best_ask": "0.21"}, {"asset_id": "17398793204722166217660817067265905985425481568989568628103768246608609488761", "price": "0.79", "size": "69", "side": "BUY", "hash": "9cdb2a2456ae4a9556b82cf99c6eb29e4ff5d8c3", "best_bid": "0.79", "best_ask": "0.83"}], "timestamp": "1769384110330", "event_type": "price_change"}}
{"_local_timestamp": "2026-01-25T23:35:10.490923+00:00", "data": {"market": "0x0bd390a2c7c8fce851fcfe72c02f347686c0a362f5aaab331ffa9c54416c6aa2", "price_changes": [{"asset_id": "88768287981663040695907057042576315713786188072326767683529020944040826691423", "price": "0.03", "size": "0", "side": "BUY", "hash": "2e4d86a3f690ba25b5d765892e2e31108e40cf66", "best_bid": "0.17", "best_ask": "0.21"}, {"asset_id": "17398793204722166217660817067265905985425481568989568628103768246608609488761", "price": "0.97", "size": "0", "side": "SELL", "hash": "a642f52133ac97582c1e707d5813865f0ff4c16f", "best_bid": "0.79", "best_ask": "0.83"}], "timestamp": "1769384110420", "event_type": "price_change"}}
{"_local_timestamp": "2026-01-25T23:35:10.491571+00:00", "data": {"market": "0x0bd390a2c7c8fce851fcfe72c02f347686c0a362f5aaab331ffa9c54416c6aa2", "price_changes": [{"asset_id": "88768287981663040695907057042576315713786188072326767683529020944040826691423", "price": "0.04", "size": "1195.56", "side": "BUY", "hash": "2e4d86a3f690ba25b5d765892e2e31108e40cf66", "best_bid": "0.17", "best_ask": "0.21"}, {"asset_id": "17398793204722166217660817067265905985425481568989568628103768246608609488761", "price": "0.96", "size": "1195.56", "side": "SELL", "hash": "a642f52133ac97582c1e707d5813865f0ff4c16f", "best_bid": "0.79", "best_ask": "0.83"}], "timestamp": "1769384110420", "event_type": "price_change"}}
{"_local_timestamp": "2026-01-25T23:35:12.501982+00:00", "data": {"market": "0x0bd390a2c7c8fce851fcfe72c02f347686c0a362f5aaab331ffa9c54416c6aa2", "price_changes": [{"asset_id": "17398793204722166217660817067265905985425481568989568628103768246608609488761", "price": "0.09", "size": "119", "side": "BUY", "hash": "fb77cafce5a480b62cc675467fb9c89d16c42900", "best_bid": "0.79", "best_ask": "0.83"}, {"asset_id": "88768287981663040695907057042576315713786188072326767683529020944040826691423", "price": "0.91", "size": "119", "side": "SELL", "hash": "f18f10056a6aed6afc0b226d052b2419163fd3af", "best_bid": "0.17", "best_ask": "0.21"}], "timestamp": "1769384112423", "event_type": "price_change"}}
{"_local_timestamp": "2026-01-25T23:35:12.502645+00:00", "data": {"market": "0x0bd390a2c7c8fce851fcfe72c02f347686c0a362f5aaab331ffa9c54416c6aa2", "price_changes": [{"asset_id": "17398793204722166217660817067265905985425481568989568628103768246608609488761", "price": "0.18", "size": "890.11", "side": "BUY", "hash": "fb77cafce5a480b62cc675467fb9c89d16c42900", "best_bid": "0.79", "best_ask": "0.83"}, {"asset_id": "88768287981663040695907057042576315713786188072326767683529020944040826691423", "price": "0.82", "size": "890.11", "side": "SELL", "hash": "f18f10056a6aed6afc0b226d052b2419163fd3af", "best_bid": "0.17", "best_ask": "0.21"}], "timestamp": "1769384112423", "event_type": "price_change"}}
{"_local_timestamp": "2026-01-25T23:35:12.736084+00:00", "data": {"market": "0x0bd390a2c7c8fce851fcfe72c02f347686c0a362f5aaab331ffa9c54416c6aa2", "price_changes": [{"asset_id": "17398793204722166217660817067265905985425481568989568628103768246608609488761", "price": "0.08", "size": "5247.43", "side": "BUY", "hash": "598d5477edcbe806e92aebc20f27670f3e195975", "best_bid": "0.79", "best_ask": "0.83"}, {"asset_id": "88768287981663040695907057042576315713786188072326767683529020944040826691423", "price": "0.92", "size": "5247.43", "side": "SELL", "hash": "17c9b296e213dbcfa58adcebc7d14ed040f437e4", "best_bid": "0.17", "best_ask": "0.21"}], "timestamp": "1769384112667", "event_type": "price_change"}}
{"_local_timestamp": "2026-01-25T23:35:12.737362+00:00", "data": {"market": "0x0bd390a2c7c8fce851fcfe72c02f347686c0a362f5aaab331ffa9c54416c6aa2", "price_changes": [{"asset_id": "17398793204722166217660817067265905985425481568989568628103768246608609488761", "price": "0.09", "size": "1009.11", "side": "BUY", "hash": "36fc9f2cc70ea6434a043a9d1888db8fc919afb5", "best_bid": "0.79", "best_ask": "0.83"}, {"asset_id": "88768287981663040695907057042576315713786188072326767683529020944040826691423", "price": "0.91", "size": "1009.11", "side": "SELL", "hash": "30950396ade7b7eefb7ca5844670469945bb897f", "best_bid": "0.17", "best_ask": "0.21"}], "timestamp": "1769384112668", "event_type": "price_change"}}
{"_local_timestamp": "2026-01-25T23:35:12.782731+00:00", "data": {"market": "0x0bd390a2c7c8fce851fcfe72c02f347686c0a362f5aaab331ffa9c54416c6aa2", "price_changes": [{"asset_id": "17398793204722166217660817067265905985425481568989568628103768246608609488761", "price": "0.19", "size": "1090.11", "side": "BUY", "hash": "b4c4ce6682d2dc223911a551af2b57c4dea16fd8", "best_bid": "0.79", "best_ask": "0.83"}, {"asset_id": "88768287981663040695907057042576315713786188072326767683529020944040826691423", "price": "0.81", "size": "1090.11", "side": "SELL", "hash": "b4e61aa5390a9e578e5b05c396ac5fb73c0a902d", "best_bid": "0.17", "best_ask": "0.21"}], "timestamp": "1769384112707", "event_type": "price_change"}}
{"_local_timestamp": "2026-01-25T23:35:12.783366+00:00", "data": {"market": "0x0bd390a2c7c8fce851fcfe72c02f347686c0a362f5aaab331ffa9c54416c6aa2", "price_changes": [{"asset_id": "17398793204722166217660817067265905985425481568989568628103768246608609488761", "price": "0.08", "size": "5647.43", "side": "BUY", "hash": "5c9ed51b4761eec4e2167dce86cbbbb762966eee", "best_bid": "0.79", "best_ask": "0.83"}, {"asset_id": "88768287981663040695907057042576315713786188072326767683529020944040826691423", "price": "0.92", "size": "5647.43", "side": "SELL", "hash": "a3ed64ddfaa8ac4ec7a3063269bb310a02906d0c", "best_bid": "0.17", "best_ask": "0.21"}], "timestamp": "1769384112708", "event_type": "price_change"}}
{"_local_timestamp": "2026-01-25T23:35:13.432158+00:00", "data": {"market": "0x0bd390a2c7c8fce851fcfe72c02f347686c0a362f5aaab331ffa9c54416c6aa2", "price_changes": [{"asset_id": "17398793204722166217660817067265905985425481568989568628103768246608609488761", "price": "0.09", "size": "3006.22", "side": "BUY", "hash": "cecbb25e49eab59f55900d40255b0773a45c7fb7", "best_bid": "0.79", "best_ask": "0.83"}, {"asset_id": "88768287981663040695907057042576315713786188072326767683529020944040826691423", "price": "0.91", "size": "3006.22", "side": "SELL", "hash": "b03391569205d57694f4ee06fe415586d906f308", "best_bid": "0.17", "best_ask": "0.21"}], "timestamp": "1769384113255", "event_type": "price_change"}}
{"_local_timestamp": "2026-01-25T23:35:13.432850+00:00", "data": {"market": "0x0bd390a2c7c8fce851fcfe72c02f347686c0a362f5aaab331ffa9c54416c6aa2", "price_changes": [{"asset_id": "17398793204722166217660817067265905985425481568989568628103768246608609488761", "price": "0.09", "size": "3896.33", "side": "BUY", "hash": "1854f0005707e961fb2aaa671bc6448cf06bfbe3", "best_bid": "0.79", "best_ask": "0.83"}, {"asset_id": "88768287981663040695907057042576315713786188072326767683529020944040826691423", "price": "0.91", "size": "3896.33", "side": "SELL", "hash": "d47ead52dd0f14fd33750e7f42a05ad66f8c3c51", "best_bid": "0.17", "best_ask": "0.21"}], "timestamp": "1769384113258", "event_type": "price_change"}}
{"_local_timestamp": "2026-01-25T23:35:13.433374+00:00", "data": {"market": "0x0bd390a2c7c8fce851fcfe72c02f347686c0a362f5aaab331ffa9c54416c6aa2", "price_changes": [{"asset_id": "17398793204722166217660817067265905985425481568989568628103768246608609488761", "price": "0.09", "size": "5166.43", "side": "BUY", "hash": "e7623cf9779f5f93202af78d8e719f23790ce3ed", "best_bid": "0.79", "best_ask": "0.83"}, {"asset_id": "88768287981663040695907057042576315713786188072326767683529020944040826691423", "price": "0.91", "size": "5166.43", "side": "SELL", "hash": "9ecfd60f396cd6d6b87b22d51b161d2fff90cf04", "best_bid": "0.17", "best_ask": "0.21"}], "timestamp": "1769384113261", "event_type": "price_change"}}
{"_local_timestamp": "2026-01-25T23:35:18.079368+00:00", "data": {"market": "0x0bd390a2c7c8fce851fcfe72c02f347686c0a362f5aaab331ffa9c54416c6aa2", "price_changes": [{"asset_id": "88768287981663040695907057042576315713786188072326767683529020944040826691423", "price": "0.04", "size": "895.56", "side": "BUY", "hash": "df8bd10a018239ff8c4dabdcaab03bc0607eb1c6", "best_bid": "0.17", "best_ask": "0.21"}, {"asset_id": "17398793204722166217660817067265905985425481568989568628103768246608609488761", "price": "0.96", "size": "895.56", "side": "SELL", "hash": "149c538e15fb7ff5b106e919843f4ed5aedf3f91", "best_bid": "0.79", "best_ask": "0.83"}], "timestamp": "1769384118009", "event_type": "price_change"}}
{"_local_timestamp": "2026-01-25T23:35:18.123081+00:00", "data": {"market": "0x0bd390a2c7c8fce851fcfe72c02f347686c0a362f5aaab331ffa9c54416c6aa2", "price_changes": [{"asset_id": "17398793204722166217660817067265905985425481568989568628103768246608609488761", "price": "0.18", "size": "0", "side": "BUY", "hash": "a841f8c96399d1ff790adf72fd91b02316e2dfa9", "best_bid": "0.79", "best_ask": "0.83"}, {"asset_id": "88768287981663040695907057042576315713786188072326767683529020944040826691423", "price": "0.82", "size": "0", "side": "SELL", "hash": "0c6a7c0cbfe3f6ff97a06f6aa5da2875aee8b2a3", "best_bid": "0.17", "best_ask": "0.21"}], "timestamp": "1769384118056", "event_type": "price_change"}}
{"_local_timestamp": "2026-01-25T23:35:18.123680+00:00", "data": {"market": "0x0bd390a2c7c8fce851fcfe72c02f347686c0a362f5aaab331ffa9c54416c6aa2", "price_changes": [{"asset_id": "17398793204722166217660817067265905985425481568989568628103768246608609488761", "price": "0.09", "size": "4276.32", "side": "BUY", "hash": "a841f8c96399d1ff790adf72fd91b02316e2dfa9", "best_bid": "0.79", "best_ask": "0.83"}, {"asset_id": "88768287981663040695907057042576315713786188072326767683529020944040826691423", "price": "0.91", "size": "4276.32", "side": "SELL", "hash": "0c6a7c0cbfe3f6ff97a06f6aa5da2875aee8b2a3", "best_bid": "0.17", "best_ask": "0.21"}], "timestamp": "1769384118056", "event_type": "price_change"}}
{"_local_timestamp": "2026-01-25T23:35:18.124182+00:00", "data": {"market": "0x0bd390a2c7c8fce851fcfe72c02f347686c0a362f5aaab331ffa9c54416c6aa2", "price_changes": [{"asset_id": "17398793204722166217660817067265905985425481568989568628103768246608609488761", "price": "0.08", "size": "600", "side": "BUY", "hash": "a841f8c96399d1ff790adf72fd91b02316e2dfa9", "best_bid": "0.79", "best_ask": "0.83"}, {"asset_id": "88768287981663040695907057042576315713786188072326767683529020944040826691423", "price": "0.92", "size": "600", "side": "SELL", "hash": "0c6a7c0cbfe3f6ff97a06f6aa5da2875aee8b2a3", "best_bid": "0.17", "best_ask": "0.21"}], "timestamp": "1769384118056", "event_type": "price_change"}}
{"_local_timestamp": "2026-01-25T23:35:18.146729+00:00", "data": {"market": "0x0bd390a2c7c8fce851fcfe72c02f347686c0a362f5aaab331ffa9c54416c6aa2", "price_changes": [{"asset_id": "88768287981663040695907057042576315713786188072326767683529020944040826691423", "price": "0.02", "size": "898.75", "side": "BUY", "hash": "7b8bbb41cfca67a7e1e49eecd4a590f121149043", "best_bid": "0.17", "best_ask": "0.21"}, {"asset_id": "17398793204722166217660817067265905985425481568989568628103768246608609488761", "price": "0.98", "size": "898.75", "side": "SELL", "hash": "254c661846723f33b1ba457a1c0fed83ff102529", "best_bid": "0.79", "best_ask": "0.83"}], "timestamp": "1769384118076", "event_type": "price_change"}}
{"_local_timestamp": "2026-01-25T23:35:18.151173+00:00", "data": {"market": "0x0bd390a2c7c8fce851fcfe72c02f347686c0a362f5aaab331ffa9c54416c6aa2", "price_changes": [{"asset_id": "88768287981663040695907057042576315713786188072326767683529020944040826691423", "price": "0.01", "size": "5326.41", "side": "BUY", "hash": "2c161ece4e106bcfbf352076b7bc536df59f9663", "best_bid": "0.17", "best_ask": "0.21"}, {"asset_id": "17398793204722166217660817067265905985425481568989568628103768246608609488761", "price": "0.99", "size": "5326.41", "side": "SELL", "hash": "c64d375ba6bd82787f36b4d8b56004123c2708c3", "best_bid": "0.79", "best_ask": "0.83"}], "timestamp": "1769384118077", "event_type": "price_change"}}
{"_local_timestamp": "2026-01-25T23:35:18.151923+00:00", "data": {"market": "0x0bd390a2c7c8fce851fcfe72c02f347686c0a362f5aaab331ffa9c54416c6aa2", "price_changes": [{"asset_id": "17398793204722166217660817067265905985425481568989568628103768246608609488761", "price": "0.2", "size": "890.11", "side": "BUY", "hash": "82e1b505409c9ff5a4c760bc130515dcd100022d", "best_bid": "0.79", "best_ask": "0.83"}, {"asset_id": "88768287981663040695907057042576315713786188072326767683529020944040826691423", "price": "0.8", "size": "890.11", "side": "SELL", "hash": "74d595dea2baabaa8dd7dec21db0bb8314b6ab14", "best_bid": "0.17", "best_ask": "0.21"}], "timestamp": "1769384118079", "event_type": "price_change"}}
{"_local_timestamp": "2026-01-25T23:35:18.190159+00:00", "data": {"market": "0x0bd390a2c7c8fce851fcfe72c02f347686c0a362f5aaab331ffa9c54416c6aa2", "price_changes": [{"asset_id": "17398793204722166217660817067265905985425481568989568628103768246608609488761", "price": "0.21", "size": "1997.11", "side": "BUY", "hash": "9a750a03f118cea7d916487e5b4d6ff5db90b511", "best_bid": "0.79", "best_ask": "0.83"}, {"asset_id": "88768287981663040695907057042576315713786188072326767683529020944040826691423", "price": "0.79", "size": "1997.11", "side": "SELL", "hash": "fb295e2430487aee8dbe4c7d54dbe30a8a430f92", "best_bid": "0.17", "best_ask": "0.21"}], "timestamp": "1769384118127", "event_type": "price_change"}}
{"_local_timestamp": "2026-01-25T23:35:18.362483+00:00", "data": {"market": "0x0bd390a2c7c8fce851fcfe72c02f347686c0a362f5aaab331ffa9c54416c6aa2", "price_changes": [{"asset_id": "88768287981663040695907057042576315713786188072326767683529020944040826691423", "price": "0.03", "size": "1270.1", "side": "BUY", "hash": "30f02719ad30a29cb617ac3965018303f10f7a8a", "best_bid": "0.17", "best_ask": "0.21"}, {"asset_id": "17398793204722166217660817067265905985425481568989568628103768246608609488761", "price": "0.97", "size": "1270.1", "side": "SELL", "hash": "e2001ab4e91a5b3633f3e5483207af20ebff4727", "best_bid": "0.79", "best_ask": "0.83"}], "timestamp": "1769384118296", "event_type": "price_change"}}
{"_local_timestamp": "2026-01-25T23:35:18.369709+00:00", "data": {"market": "0x0bd390a2c7c8fce851fcfe72c02f347686c0a362f5aaab331ffa9c54416c6aa2", "price_changes": [{"asset_id": "88768287981663040695907057042576315713786188072326767683529020944040826691423", "price": "0.03", "size": "2160.21", "side": "BUY", "hash": "642234342a4df897828e291cf6a5bc06ea6fc183", "best_bid": "0.17", "best_ask": "0.21"}, {"asset_id": "17398793204722166217660817067265905985425481568989568628103768246608609488761", "price": "0.97", "size": "2160.21", "side": "SELL", "hash": "104053133ff1117380b6c5d42c260c87450f30d6", "best_bid": "0.79", "best_ask": "0.83"}], "timestamp": "1769384118296", "event_type": "price_change"}}
{"_local_timestamp": "2026-01-25T23:35:23.819814+00:00", "data": {"market": "0x0bd390a2c7c8fce851fcfe72c02f347686c0a362f5aaab331ffa9c54416c6aa2", "price_changes": [{"asset_id": "88768287981663040695907057042576315713786188072326767683529020944040826691423", "price": "0.21", "size": "89.48", "side": "SELL", "hash": "7b0475ba8470d733ff7b9b0e138a6aa08a694bcc", "best_bid": "0.17", "best_ask": "0.21"}, {"asset_id": "17398793204722166217660817067265905985425481568989568628103768246608609488761", "price": "0.79", "size": "89.48", "side": "BUY", "hash": "d2be8ff699849b21470448e94c2ca8399e6dfd14", "best_bid": "0.79", "best_ask": "0.83"}], "timestamp": "1769384123710", "event_type": "price_change"}}
{"_local_timestamp": "2026-01-25T23:35:23.820605+00:00", "data": {"market": "0x0bd390a2c7c8fce851fcfe72c02f347686c0a362f5aaab331ffa9c54416c6aa2", "price_changes": [{"asset_id": "88768287981663040695907057042576315713786188072326767683529020944040826691423", "price": "0.21", "size": "109.96", "side": "SELL", "hash": "a6d45fd17aed15f82ceb4f2a6c7d48cea219976a", "best_bid": "0.17", "best_ask": "0.21"}, {"asset_id": "17398793204722166217660817067265905985425481568989568628103768246608609488761", "price": "0.79", "size": "109.96", "side": "BUY", "hash": "08b596a8c37327b770f4ceb46f19921ebcc2110b", "best_bid": "0.79", "best_ask": "0.83"}], "timestamp": "1769384123710", "event_type": "price_change"}}
{"_local_timestamp": "2026-01-25T23:35:23.826576+00:00", "data": {"market": "0x0bd390a2c7c8fce851fcfe72c02f347686c0a362f5aaab331ffa9c54416c6aa2", "price_changes": [{"asset_id": "88768287981663040695907057042576315713786188072326767683529020944040826691423", "price": "0.21", "size": "130.44", "side": "SELL", "hash": "1e2a179dba7c7287041171bccfcea2ce576a8266", "best_bid": "0.17", "best_ask": "0.21"}, {"asset_id": "17398793204722166217660817067265905985425481568989568628103768246608609488761", "price": "0.79", "size": "130.44", "side": "BUY", "hash": "042b1e21d4fe9dc785c37ae395cb75fade9925e2", "best_bid": "0.79", "best_ask": "0.83"}], "timestamp": "1769384123711", "event_type": "price_change"}}
{"_local_timestamp": "2026-01-25T23:35:23.827373+00:00", "data": {"market": "0x0bd390a2c7c8fce851fcfe72c02f347686c0a362f5aaab331ffa9c54416c6aa2", "price_changes": [{"asset_id": "88768287981663040695907057042576315713786188072326767683529020944040826691423", "price": "0.21", "size": "150.92", "side": "SELL", "hash": "9853fb7f801324f3e69054a82efc99b475299081", "best_bid": "0.17", "best_ask": "0.21"}, {"asset_id": "17398793204722166217660817067265905985425481568989568628103768246608609488761", "price": "0.79", "size": "150.92", "side": "BUY", "hash": "ea1f9d073903b3fa25340603a9bdaabc4caa7232", "best_bid": "0.79", "best_ask": "0.83"}], "timestamp": "1769384123711", "event_type": "price_change"}}
{"_local_timestamp": "2026-01-25T23:35:23.857603+00:00", "data": {"market": "0x0bd390a2c7c8fce851fcfe72c02f347686c0a362f5aaab331ffa9c54416c6aa2", "price_changes": [{"asset_id": "17398793204722166217660817067265905985425481568989568628103768246608609488761", "price": "0.21", "size": "0", "side": "BUY", "hash": "c3e8d406b6f2aa77606cc12c25d3442ee21533fb", "best_bid": "0.79", "best_ask": "0.83"}, {"asset_id": "88768287981663040695907057042576315713786188072326767683529020944040826691423", "price": "0.79", "size": "0", "side": "SELL", "hash": "f1fb6df229aea5d3239c43ea9eb4646ce061ef31", "best_bid": "0.17", "best_ask": "0.21"}], "timestamp": "1769384123792", "event_type": "price_change"}}
{"_local_timestamp": "2026-01-25T23:35:23.859178+00:00", "data": {"market": "0x0bd390a2c7c8fce851fcfe72c02f347686c0a362f5aaab331ffa9c54416c6aa2", "price_changes": [{"asset_id": "88768287981663040695907057042576315713786188072326767683529020944040826691423", "price": "0.03", "size": "0", "side": "BUY", "hash": "c255ad99e005b615b1f8feba77a58d26ce4b7fc5", "best_bid": "0.17", "best_ask": "0.21"}, {"asset_id": "17398793204722166217660817067265905985425481568989568628103768246608609488761", "price": "0.97", "size": "0", "side": "SELL", "hash": "6c5e5037fc7cda602f4b39059069b26912b27ffb", "best_bid": "0.79", "best_ask": "0.83"}], "timestamp": "1769384123792", "event_type": "price_change"}}
{"_local_timestamp": "2026-01-25T23:35:23.859743+00:00", "data": {"market": "0x0bd390a2c7c8fce851fcfe72c02f347686c0a362f5aaab331ffa9c54416c6aa2", "price_changes": [{"asset_id": "88768287981663040695907057042576315713786188072326767683529020944040826691423", "price": "0.04", "size": "5.45", "side": "BUY", "hash": "c255ad99e005b615b1f8feba77a58d26ce4b7fc5", "best_bid": "0.17", "best_ask": "0.21"}, {"asset_id": "17398793204722166217660817067265905985425481568989568628103768246608609488761", "price": "0.96", "size": "5.45", "side": "SELL", "hash": "6c5e5037fc7cda602f4b39059069b26912b27ffb", "best_bid": "0.79", "best_ask": "0.83"}], "timestamp": "1769384123792", "event_type": "price_change"}}
{"_local_timestamp": "2026-01-25T23:35:23.860269+00:00", "data": {"market": "0x0bd390a2c7c8fce851fcfe72c02f347686c0a362f5aaab331ffa9c54416c6aa2", "price_changes": [{"asset_id": "88768287981663040695907057042576315713786188072326767683529020944040826691423", "price": "0.05", "size": "0", "side": "BUY", "hash": "c255ad99e005b615b1f8feba77a58d26ce4b7fc5", "best_bid": "0.17", "best_ask": "0.21"}, {"asset_id": "17398793204722166217660817067265905985425481568989568628103768246608609488761", "price": "0.95", "size": "0", "side": "SELL", "hash": "6c5e5037fc7cda602f4b39059069b26912b27ffb", "best_bid": "0.79", "best_ask": "0.83"}], "timestamp": "1769384123792", "event_type": "price_change"}}
{"_local_timestamp": "2026-01-25T23:35:23.868396+00:00", "data": {"market": "0x0bd390a2c7c8fce851fcfe72c02f347686c0a362f5aaab331ffa9c54416c6aa2", "price_changes": [{"asset_id": "17398793204722166217660817067265905985425481568989568628103768246608609488761", "price": "0.22", "size": "1997.11", "side": "BUY", "hash": "22e8a9c069f444bb783b2c5a9a69b9317ff72230", "best_bid": "0.79", "best_ask": "0.83"}, {"asset_id": "88768287981663040695907057042576315713786188072326767683529020944040826691423", "price": "0.78", "size": "1997.11", "side": "SELL", "hash": "acdcb6d867dc45718abc9bd3e39d9f010431978b", "best_bid": "0.17", "best_ask": "0.21"}], "timestamp": "1769384123803", "event_type": "price_change"}}
{"_local_timestamp": "2026-01-25T23:35:23.869097+00:00", "data": {"market": "0x0bd390a2c7c8fce851fcfe72c02f347686c0a362f5aaab331ffa9c54416c6aa2", "price_changes": [{"asset_id": "17398793204722166217660817067265905985425481568989568628103768246608609488761", "price": "0.21", "size": "890.11", "side": "BUY", "hash": "ae4e77168876689db7b1b383177c42c8fc89d821", "best_bid": "0.79", "best_ask": "0.83"}, {"asset_id": "88768287981663040695907057042576315713786188072326767683529020944040826691423", "price": "0.79", "size": "890.11", "side": "SELL", "hash": "0cf3baca43e2a15f86e7d5fd90592d7cc8d4209a", "best_bid": "0.17", "best_ask": "0.21"}], "timestamp": "1769384123804", "event_type": "price_change"}}
{"_local_timestamp": "2026-01-25T23:35:23.952845+00:00", "data": {"market": "0x0bd390a2c7c8fce851fcfe72c02f347686c0a362f5aaab331ffa9c54416c6aa2", "price_changes": [{"asset_id": "17398793204722166217660817067265905985425481568989568628103768246608609488761", "price": "0.22", "size": "2887.22", "side": "BUY", "hash": "53d43bc3fb56fa11f33feb2850fbba9ccfea3f55", "best_bid": "0.79", "best_ask": "0.83"}, {"asset_id": "88768287981663040695907057042576315713786188072326767683529020944040826691423", "price": "0.78", "size": "2887.22", "side": "SELL", "hash": "6523f5483475a1e8593fb53844e9be6e36acd4df", "best_bid": "0.17", "best_ask": "0.21"}], "timestamp": "1769384123805", "event_type": "price_change"}}
{"_local_timestamp": "2026-01-25T23:35:23.953478+00:00", "data": {"market": "0x0bd390a2c7c8fce851fcfe72c02f347686c0a362f5aaab331ffa9c54416c6aa2", "price_changes": [{"asset_id": "17398793204722166217660817067265905985425481568989568628103768246608609488761", "price": "0.22", "size": "4157.32", "side": "BUY", "hash": "0e6eba9a2659305da3153e7bae905667e8809497", "best_bid": "0.79", "best_ask": "0.83"}, {"asset_id": "88768287981663040695907057042576315713786188072326767683529020944040826691423", "price": "0.78", "size": "4157.32", "side": "SELL", "hash": "cd111f396a7e2501e9a549421372f22eb58bc64a", "best_bid": "0.17", "best_ask": "0.21"}], "timestamp": "1769384123806", "event_type": "price_change"}}
{"_local_timestamp": "2026-01-25T23:35:23.953991+00:00", "data": {"market": "0x0bd390a2c7c8fce851fcfe72c02f347686c0a362f5aaab331ffa9c54416c6aa2", "price_changes": [{"asset_id": "17398793204722166217660817067265905985425481568989568628103768246608609488761", "price": "0.22", "size": "5047.43", "side": "BUY", "hash": "ff17408c907448fbf993f8cc61264d08b2e4fc6f", "best_bid": "0.79", "best_ask": "0.83"}, {"asset_id": "88768287981663040695907057042576315713786188072326767683529020944040826691423", "price": "0.78", "size": "5047.43", "side": "SELL", "hash": "d9d217ecf281408373b01a5008bbf18056e3b888", "best_bid": "0.17", "best_ask": "0.21"}], "timestamp": "1769384123806", "event_type": "price_change"}}
{"_local_timestamp": "2026-01-25T23:35:23.954512+00:00", "data": {"market": "0x0bd390a2c7c8fce851fcfe72c02f347686c0a362f5aaab331ffa9c54416c6aa2", "price_changes": [{"asset_id": "88768287981663040695907057042576315713786188072326767683529020944040826691423", "price": "0.03", "size": "890.11", "side": "BUY", "hash": "61b42b6f45cd92dab67dd72be77eccdad1b29e05", "best_bid": "0.17", "best_ask": "0.21"}, {"asset_id": "17398793204722166217660817067265905985425481568989568628103768246608609488761", "price": "0.97", "size": "890.11", "side": "SELL", "hash": "55966dfce8228642b8264d840ee3ab450cf1a793", "best_bid": "0.79", "best_ask": "0.83"}], "timestamp": "1769384123807", "event_type": "price_change"}}
{"_local_timestamp": "2026-01-25T23:35:23.955045+00:00", "data": {"market": "0x0bd390a2c7c8fce851fcfe72c02f347686c0a362f5aaab331ffa9c54416c6aa2", "price_changes": [{"asset_id": "88768287981663040695907057042576315713786188072326767683529020944040826691423", "price": "0.04", "size": "895.56", "side": "BUY", "hash": "4f2471465fc70f7cd9bd5dbe99670cb274a97835", "best_bid": "0.17", "best_ask": "0.21"}, {"asset_id": "17398793204722166217660817067265905985425481568989568628103768246608609488761", "price": "0.96", "size": "895.56", "side": "SELL", "hash": "ecfe24fdacb4898afec5a5e238de3a38f5e45614", "best_bid": "0.79", "best_ask": "0.83"}], "timestamp": "1769384123808", "event_type": "price_change"}}
{"_local_timestamp": "2026-01-25T23:35:23.955553+00:00", "data": {"market": "0x0bd390a2c7c8fce851fcfe72c02f347686c0a362f5aaab331ffa9c54416c6aa2", "price_changes": [{"asset_id": "88768287981663040695907057042576315713786188072326767683529020944040826691423", "price": "0.04", "size": "1785.67", "side": "BUY", "hash": "797a9d50d3dc5970897054a8f27b9c71d2c02cb9", "best_bid": "0.17", "best_ask": "0.21"}, {"asset_id": "17398793204722166217660817067265905985425481568989568628103768246608609488761", "price": "0.96", "size": "1785.67", "side": "SELL", "hash": "9581a639c83b1773cf3f3c67cc42591f2635152a", "best_bid": "0.79", "best_ask": "0.83"}], "timestamp": "1769384123808", "event_type": "price_change"}}
{"_local_timestamp": "2026-01-25T23:35:24.190377+00:00", "data": {"market": "0x0bd390a2c7c8fce851fcfe72c02f347686c0a362f5aaab331ffa9c54416c6aa2", "price_changes": [{"asset_id": "17398793204722166217660817067265905985425481568989568628103768246608609488761", "price": "0.23", "size": "5999.11", "side": "BUY", "hash": "68e4d9a96775ee4f918d0b489b7f9d512fedfee8", "best_bid": "0.79", "best_ask": "0.83"}, {"asset_id": "88768287981663040695907057042576315713786188072326767683529020944040826691423", "price": "0.77", "size": "5999.11", "side": "SELL", "hash": "a82c462c509c47948b6264c1837b1de76b6cfc6e", "best_bid": "0.17", "best_ask": "0.21"}], "timestamp": "1769384124043", "event_type": "price_change"}}
{"_local_timestamp": "2026-01-25T23:35:30.217201+00:00", "data": {"market": "0x0bd390a2c7c8fce851fcfe72c02f347686c0a362f5aaab331ffa9c54416c6aa2", "price_changes": [{"asset_id": "17398793204722166217660817067265905985425481568989568628103768246608609488761", "price": "0.01", "size": "9881.81", "side": "BUY", "hash": "f92632862300e6b36ed42033f248e454d7bd08e6", "best_bid": "0.79", "best_ask": "0.83"}, {"asset_id": "88768287981663040695907057042576315713786188072326767683529020944040826691423", "price": "0.99", "size": "9881.81", "side": "SELL", "hash": "dbfcb2c175855ac4cd1f74dd9eb3967a65b19a06", "best_bid": "0.17", "best_ask": "0.21"}], "timestamp": "1769384129987", "event_type": "price_change"}}
{"_local_timestamp": "2026-01-25T23:35:30.217902+00:00", "data": {"market": "0x0bd390a2c7c8fce851fcfe72c02f347686c0a362f5aaab331ffa9c54416c6aa2", "price_changes": [{"asset_id": "17398793204722166217660817067265905985425481568989568628103768246608609488761", "price": "0.09", "size": "4376.32", "side": "BUY", "hash": "d3f8294dfa028b4d17759425d13d4b934b0ad580", "best_bid": "0.79", "best_ask": "0.83"}, {"asset_id": "88768287981663040695907057042576315713786188072326767683529020944040826691423", "price": "0.91", "size": "4376.32", "side": "SELL", "hash": "8d82282e03e3d793f3d83d3499b08c22cef72895", "best_bid": "0.17", "best_ask": "0.21"}], "timestamp": "1769384129988", "event_type": "price_change"}}
{"_local_timestamp": "2026-01-25T23:35:30.221299+00:00", "data": {"market": "0x0bd390a2c7c8fce851fcfe72c02f347686c0a362f5aaab331ffa9c54416c6aa2", "price_changes": [{"asset_id": "88768287981663040695907057042576315713786188072326767683529020944040826691423", "price": "0.04", "size": "2085.67", "side": "BUY", "hash": "8f9e94cb6e38220017d4c25cfd2dba848dd0415e", "best_bid": "0.17", "best_ask": "0.21"}, {"asset_id": "17398793204722166217660817067265905985425481568989568628103768246608609488761", "price": "0.96", "size": "2085.67", "side": "SELL", "hash": "f4e54ab7242b0c2f78c56e24895649ff4d56f427", "best_bid": "0.79", "best_ask": "0.83"}], "timestamp": "1769384129988", "event_type": "price_change"}}
{"_local_timestamp": "2026-01-25T23:35:30.263818+00:00", "data": {"market": "0x0bd390a2c7c8fce851fcfe72c02f347686c0a362f5aaab331ffa9c54416c6aa2", "price_changes": [{"asset_id": "17398793204722166217660817067265905985425481568989568628103768246608609488761", "price": "0.24", "size": "890.11", "side": "BUY", "hash": "46a0c15a4146a09515e643b619e60951c1d30472", "best_bid": "0.79", "best_ask": "0.83"}, {"asset_id": "88768287981663040695907057042576315713786188072326767683529020944040826691423", "price": "0.76", "size": "890.11", "side": "SELL", "hash": "363800a654a378b0d9c53b4908f1ebd6258daf75", "best_bid": "0.17", "best_ask": "0.21"}], "timestamp": "1769384130035", "event_type": "price_change"}}
{"_local_timestamp": "2026-01-25T23:35:30.264458+00:00", "data": {"market": "0x0bd390a2c7c8fce851fcfe72c02f347686c0a362f5aaab331ffa9c54416c6aa2", "price_changes": [{"asset_id": "17398793204722166217660817067265905985425481568989568628103768246608609488761", "price": "0.24", "size": "6889.22", "side": "BUY", "hash": "5eeb9c5d2a635e5a580f2046f2a39dc445caff80", "best_bid": "0.79", "best_ask": "0.83"}, {"asset_id": "88768287981663040695907057042576315713786188072326767683529020944040826691423", "price": "0.76", "size": "6889.22", "side": "SELL", "hash": "285c82a7dc90c568a2a73f826a769adea4fe4fe3", "best_bid": "0.17", "best_ask": "0.21"}], "timestamp": "1769384130036", "event_type": "price_change"}}
{"_local_timestamp": "2026-01-25T23:35:30.265031+00:00", "data": {"market": "0x0bd390a2c7c8fce851fcfe72c02f347686c0a362f5aaab331ffa9c54416c6aa2", "price_changes": [{"asset_id": "88768287981663040695907057042576315713786188072326767683529020944040826691423", "price": "0.04", "size": "2975.78", "side": "BUY", "hash": "6afafce77fef266c294c5e874c5af82fc9e5e405", "best_bid": "0.17", "best_ask": "0.21"}, {"asset_id": "17398793204722166217660817067265905985425481568989568628103768246608609488761", "price": "0.96", "size": "2975.78", "side": "SELL", "hash": "f91a7c91c58f38f216acc571557727e800ee9e27", "best_bid": "0.79", "best_ask": "0.83"}], "timestamp": "1769384130037", "event_type": "price_change"}}
{"_local_timestamp": "2026-01-25T23:35:30.265680+00:00", "data": {"market": "0x0bd390a2c7c8fce851fcfe72c02f347686c0a362f5aaab331ffa9c54416c6aa2", "price_changes": [{"asset_id": "88768287981663040695907057042576315713786188072326767683529020944040826691423", "price": "0.05", "size": "890.11", "side": "BUY", "hash": "8048776f5dc825cb6484dcda76d181adb241f90c", "best_bid": "0.17", "best_ask": "0.21"}, {"asset_id": "17398793204722166217660817067265905985425481568989568628103768246608609488761", "price": "0.95", "size": "890.11", "side": "SELL", "hash": "80a9a1999eff4725b6822007046ca45e53476104", "best_bid": "0.79", "best_ask": "0.83"}], "timestamp": "1769384130037", "event_type": "price_change"}}
{"_local_timestamp": "2026-01-25T23:35:30.266284+00:00", "data": {"market": "0x0bd390a2c7c8fce851fcfe72c02f347686c0a362f5aaab331ffa9c54416c6aa2", "price_changes": [{"asset_id": "88768287981663040695907057042576315713786188072326767683529020944040826691423", "price": "0.05", "size": "1780.22", "side": "BUY", "hash": "db186ed17cd5b8e8b3d5a19fccb2dcf55eb3bdf9", "best_bid": "0.17", "best_ask": "0.21"}, {"asset_id": "17398793204722166217660817067265905985425481568989568628103768246608609488761", "price": "0.95", "size": "1780.22", "side": "SELL", "hash": "8394e0db2af99b43112c8dab5086b0131b360847", "best_bid": "0.79", "best_ask": "0.83"}], "timestamp": "1769384130038", "event_type": "price_change"}}
{"_local_timestamp": "2026-01-25T23:35:30.299921+00:00", "data": {"market": "0x0bd390a2c7c8fce851fcfe72c02f347686c0a362f5aaab331ffa9c54416c6aa2", "price_changes": [{"asset_id": "88768287981663040695907057042576315713786188072326767683529020944040826691423", "price": "0.04", "size": "1195.56", "side": "BUY", "hash": "5816802d32b882a8f5335a2563e4967d80b8d511", "best_bid": "0.17", "best_ask": "0.21"}, {"asset_id": "17398793204722166217660817067265905985425481568989568628103768246608609488761", "price": "0.96", "size": "1195.56", "side": "SELL", "hash": "28d67a542213dc628b8dff36762b3597327a4986", "best_bid": "0.79", "best_ask": "0.83"}], "timestamp": "1769384130069", "event_type": "price_change"}}
{"_local_timestamp": "2026-01-25T23:35:30.300617+00:00", "data": {"market": "0x0bd390a2c7c8fce851fcfe72c02f347686c0a362f5aaab331ffa9c54416c6aa2", "price_changes": [{"asset_id": "88768287981663040695907057042576315713786188072326767683529020944040826691423", "price": "0.03", "size": "0", "side": "BUY", "hash": "5816802d32b882a8f5335a2563e4967d80b8d511", "best_bid": "0.17", "best_ask": "0.21"}, {"asset_id": "17398793204722166217660817067265905985425481568989568628103768246608609488761", "price": "0.97", "size": "0", "side": "SELL", "hash": "28d67a542213dc628b8dff36762b3597327a4986", "best_bid": "0.79", "best_ask": "0.83"}], "timestamp": "1769384130069", "event_type": "price_change"}}
{"_local_timestamp": "2026-01-25T23:35:30.504215+00:00", "data": {"market": "0x0bd390a2c7c8fce851fcfe72c02f347686c0a362f5aaab331ffa9c54416c6aa2", "price_changes": [{"asset_id": "17398793204722166217660817067265905985425481568989568628103768246608609488761", "price": "0.22", "size": "0", "side": "BUY", "hash": "67916549a4d96608e99da0d4ff2cb236d3c1df74", "best_bid": "0.79", "best_ask": "0.83"}, {"asset_id": "88768287981663040695907057042576315713786188072326767683529020944040826691423", "price": "0.78", "size": "0", "side": "SELL", "hash": "9e555d3bcc68a2dd92717f8a494e22400e6a5591", "best_bid": "0.17", "best_ask": "0.21"}], "timestamp": "1769384130069", "event_type": "price_change"}}
{"_local_timestamp": "2026-01-25T23:35:30.504897+00:00", "data": {"market": "0x0bd390a2c7c8fce851fcfe72c02f347686c0a362f5aaab331ffa9c54416c6aa2", "price_changes": [{"asset_id": "17398793204722166217660817067265905985425481568989568628103768246608609488761", "price": "0.21", "size": "0", "side": "BUY", "hash": "67916549a4d96608e99da0d4ff2cb236d3c1df74", "best_bid": "0.79", "best_ask": "0.83"}, {"asset_id": "88768287981663040695907057042576315713786188072326767683529020944040826691423", "price": "0.79", "size": "0", "side": "SELL", "hash": "9e555d3bcc68a2dd92717f8a494e22400e6a5591", "best_bid": "0.17", "best_ask": "0.21"}], "timestamp": "1769384130069", "event_type": "price_change"}}
{"_local_timestamp": "2026-01-25T23:35:30.505526+00:00", "data": {"market": "0x0bd390a2c7c8fce851fcfe72c02f347686c0a362f5aaab331ffa9c54416c6aa2", "price_changes": [{"asset_id": "17398793204722166217660817067265905985425481568989568628103768246608609488761", "price": "0.23", "size": "0", "side": "BUY", "hash": "67916549a4d96608e99da0d4ff2cb236d3c1df74", "best_bid": "0.79", "best_ask": "0.83"}, {"asset_id": "88768287981663040695907057042576315713786188072326767683529020944040826691423", "price": "0.77", "size": "0", "side": "SELL", "hash": "9e555d3bcc68a2dd92717f8a494e22400e6a5591", "best_bid": "0.17", "best_ask": "0.21"}], "timestamp": "1769384130069", "event_type": "price_change"}}
{"_local_timestamp": "2026-01-25T23:35:30.506133+00:00", "data": {"market": "0x0bd390a2c7c8fce851fcfe72c02f347686c0a362f5aaab331ffa9c54416c6aa2", "price_changes": [{"asset_id": "17398793204722166217660817067265905985425481568989568628103768246608609488761", "price": "0.23", "size": "890.11", "side": "BUY", "hash": "bb67f5dc2ea315005da2b4f0e3f5c780e7a69eae", "best_bid": "0.79", "best_ask": "0.83"}, {"asset_id": "88768287981663040695907057042576315713786188072326767683529020944040826691423", "price": "0.77", "size": "890.11", "side": "SELL", "hash": "a9984609a044fde759788082bce6018c85c08eda", "best_bid": "0.17", "best_ask": "0.21"}], "timestamp": "1769384130163", "event_type": "price_change"}}
