{"_local_timestamp": "2026-01-25T23:41:24.118568+00:00", "data": [{"market": "0x20a41787b08a4e15d8a5338484a65e2ad24d2aa88482e95de48ceb805e474628", "asset_id": "92685607768367988539257555984118969221958741678661633799085005076568069753311", "timestamp": "1769384310500", "hash": "824dc42351e19cac5d0d555f78bb99f68dbd9ac3", "bids": [{"price": "0.01", "size": "4452.11"}, {"price": "0.02", "size": "26.15"}, {"price": "0.05", "size": "1140.11"}, {"price": "0.06", "size": "895.59"}, {"price": "0.07", "size": "895.58"}], "asks": [{"price": "0.99", "size": "11347.92"}, {"price": "0.98", "size": "900.28"}, {"price": "0.97", "size": "34.58"}], "event_type": "book", "last_trade_price": ""}, {"market": "0xe7cc4177dda188e53c12a68f0980f9e65c2da1d1db052fa644730a8b3f0bcd03", "asset_id": "52927397454558269774865819257427902138909806240968087324008306264635792829614", "timestamp": "1769384166650", "hash": "1cec5c4f618add0f75fbc4ff1acd27deeab9bbfd", "bids": [{"price": "0.01", "size": "10451.22"}, {"price": "0.02", "size": "26.16"}, {"price": "0.05", "size": "1140.11"}, {"price": "0.06", "size": "895.59"}], "asks": [{"price": "0.99", "size": "4452.11"}, {"price": "0.98", "size": "42.6"}, {"price": "0.94", "size": "1140.11"}, {"price": "0.93", "size": "895.58"}], "event_type": "book", "last_trade_price": ""}, {"market": "0xe7cc4177dda188e53c12a68f0980f9e65c2da1d1db052fa644730a8b3f0bcd03", "asset_id": "102171366876721057050791868238652308630041284361637789053248354572356826390037", "timestamp": "1769384166650", "hash": "b936c4366a337c12c69201c7a25dfed6768fe7ac", "bids": [{"price": "0.01", "size": "4452.11"}, {"price": "0.02", "size": "42.6"}, {"price": "0.06", "size": "1140.11"}, {"price": "0.07", "size": "895.58"}], "asks": [{"price": "0.99", "size": "10451.22"}, {"price": "0.98", "size": "26.16"}, {"price": "0.95", "size": "1140.11"}, {"price": "0.94", "size": "895.59"}], "event_type": "book", "last_trade_price": ""}, {"market": "0xa73900f5be92f189bcdc4e95e12ef5370f073a821e7b53fa42d582ff6db3bc64", "asset_id": "51914620131418840262040865342832889110462809348841485339102652558332751688125", "timestamp": "1769383973615", "hash": "0dfb265aaa454bd3c9edc47c26c0c1e6a4c64b62", "bids": [{"price": "0.01", "size": "11292.83"}, {"price": "0.02", "size": "157.03"}, {"price": "0.03", "size": "12.75"}, {"price": "0.05", "size": "250"}, {"price": "0.06", "size": "22.08"}], "asks": [{"price": "0.99", "size": "11296.85"}, {"price": "0.98", "size": "158.95"}, {"price": "0.97", "size": "11.07"}, {"price": "0.96", "size": "250"}, {"price": "0.95", "size": "11.48"}], "event_type": "book", "last_trade_price": ""}, {"market": "0xa73900f5be92f189bcdc4e95e12ef5370f073a821e7b53fa42d582ff6db3bc64", "asset_id": "30422827607912060939662546711659851592890378021165133424668598575047709945947", "timestamp": "1769383973615", "hash": "f94939ec91ed0f7d55dad9061359f11ec27e36dd", "bids": [{"price": "0.01", "size": "11296.85"}, {"price": "0.02", "size": "158.95"}, {"price": "0.03", "size": "11.07"}, {"price": "0.04", "size": "250"}, {"price": "0.05", "size": "11.48"}], "asks": [{"price": "0.99", "size": "11292.83"}, {"price": "0.98", "size": "157.03"}, {"price": "0.97", "size": "12.75"}, {"price": "0.95", "size": "250"}, {"price": "0.94", "size": "22.08"}], "event_type": "book", "last_trade_price": ""}, {"market": "0x8e94326c7b8a8f9c6d08aab3e599e25ae297568717388514179630e41817bc9b", "asset_id": "58767839533061451763220204051113000351985051924479739596571576536740911439737", "timestamp": "1769384167324", "hash": "88e418c776b30162b38dec1ebeeef940ea9e796b", "bids": [{"price": "0.01", "size": "202.04"}, {"price": "0.02", "size": "217.48"}, {"price": "0.03", "size": "18.99"}, {"price": "0.04", "size": "29.99"}], "asks": [{"price": "0.99", "size": "202.09"}, {"price": "0.98", "size": "160.48"}, {"price": "0.97", "size": "99.65"}, {"price": "0.96", "size": "9.25"}, {"price": "0.95", "size": "5.47"}], "event_type": "book", "last_trade_price": ""}, {"market": "0x6f27ccf8c8351bfffc19d67c35542a6938130092161c8ff30f1e5d022a5d2e0d", "asset_id": "13855988018639183690972602500158578956782296621765364023390631012972005564239", "timestamp": "1769383986053", "hash": "84a0d8d7ddcaacb49c1bd205d0b472022e553d87", "bids": [{"price": "0.01", "size": "7089.05"}, {"price": "0.02", "size": "4607.32"}, {"price": "0.03", "size": "30.01"}, {"price": "0.22", "size": "300"}, {"price": "0.24", "size": "1090.11"}, {"price": "0.25", "size": "890.11"}, {"price": "0.26", "size": "125"}, {"price": "0.27", "size": "62"}, {"price": "0.28", "size": "75"}, {"price": "0.5", "size": "10"}, {"price": "0.6", "size": "16"}, {"price": "0.64", "size": "50"}], "asks": [{"price": "0.99", "size": "2449.22"}, {"price": "0.98", "size": "155.63"}, {"price": "0.97", "size": "13.29"}, {"price": "0.96", "size": "500"}, {"price": "0.95", "size": "1090.11"}, {"price": "0.94", "size": "940.11"}, {"price": "0.93", "size": "48.16"}, {"price": "0.9", "size": "110"}], "event_type": "book", "last_trade_price": "0.760"}, {"market": "0x6f27ccf8c8351bfffc19d67c35542a6938130092161c8ff30f1e5d022a5d2e0d", "asset_id": "1035317294727203920976300096773135594076396474266857425996956668272219929847", "timestamp": "1769383986053", "hash": "bc6eddac155b0cb08ad7a2c5895f2facc6ba306c", "bids": [{"price": "0.01", "size": "2449.22"}, {"price": "0.02", "size": "155.63"}, {"price": "0.03", "size": "13.29"}, {"price": "0.04", "size": "500"}, {"price": "0.05", "size": "1090.11"}, {"price": "0.06", "size": "940.11"}, {"price": "0.07", "size": "48.16"}, {"price": "0.1", "size": "110"}], "asks": [{"price": "0.99", "size": "7089.05"}, {"price": "0.98", "size": "4607.32"}, {"price": "0.97", "size": "30.01"}, {"price": "0.78", "size": "300"}, {"price": "0.76", "size": "1090.11"}, {"price": "0.75", "size": "890.11"}, {"price": "0.74", "size": "125"}, {"price": "0.73", "size": "62"}, {"price": "0.72", "size": "75"}, {"price": "0.5", "size": "10"}, {"price": "0.4", "size": "16"}, {"price": "0.36", "size": "50"}], "event_type": "book", "last_trade_price": "0.760"}, {"market": "0x20a41787b08a4e15d8a5338484a65e2ad24d2aa88482e95de48ceb805e474628", "asset_id": "31177459264163886551177107260746876566090967148325127442344239035332554039132", "timestamp": "1769384310500", "hash": "aa30b20b388c551cd2e998710dbc5c1141c29a66", "bids": [{"price": "0.01", "size": "11347.92"}, {"price": "0.02", "size": "900.28"}, {"price": "0.03", "size": "34.58"}], "asks": [{"price": "0.99", "size": "4452.11"}, {"price": "0.98", "size": "26.15"}, {"price": "0.95", "size": "1140.11"}, {"price": "0.94", "size": "895.59"}, {"price": "0.93", "size": "895.58"}], "event_type": "book", "last_trade_price": ""}, {"market": "0x8e94326c7b8a8f9c6d08aab3e599e25ae297568717388514179630e41817bc9b", "asset_id": "24756039539613435118172540238679982808931760036119835655369823215286840219819", "timestamp": "1769384167324", "hash": "028889f1c0787e701ed0a75f298fcbfcddbc986a", "bids": [{"price": "0.01", "size": "202.09"}, {"price": "0.02", "size": "160.48"}, {"price": "0.03", "size": "99.65"}, {"price": "0.04", "size": "9.25"}, {"price": "0.05", "size": "5.47"}], "asks": [{"price": "0.99", "size": "202.04"}, {"price": "0.98", "size": "217.48"}, {"price": "0.97", "size": "18.99"}, {"price": "0.96", "size": "29.99"}], "event_type": "book", "last_trade_price": ""}]}
{"_local_timestamp": "2026-01-25T23:41:48.453774+00:00", "data": {"market": "0x8e94326c7b8a8f9c6d08aab3e599e25ae297568717388514179630e41817bc9b", "price_changes": [{"asset_id": "24756039539613435118172540238679982808931760036119835655369823215286840219819", "price": "0.01", "size": "180", "side": "BUY", "hash": "79e11bb39657ac9975e589ac3f6e94b92bf0461a", "best_bid": "0.05", "best_ask": "0.96"}, {"asset_id": "58767839533061451763220204051113000351985051924479739596571576536740911439737", "price": "0.99", "size": "180", "side": "SELL", "hash": "e51d312b3f2fd7f0d49ca825a998dee1de797d02", "best_bid": "0.04", "best_ask": "0.95"}], "timestamp": "1769384508381", "event_type": "price_change"}}
{"_local_timestamp": "2026-01-25T23:41:48.674271+00:00", "data": {"market": "0x8e94326c7b8a8f9c6d08aab3e599e25ae297568717388514179630e41817bc9b", "price_changes": [{"asset_id": "24756039539613435118172540238679982808931760036119835655369823215286840219819", "price": "0.01", "size": "202.09", "side": "BUY", "hash": "5010d14c2c8bf74c69183c3b736f2135ac821c8d", "best_bid": "0.05", "best_ask": "0.96"}, {"asset_id": "58767839533061451763220204051113000351985051924479739596571576536740911439737", "price": "0.99", "size": "202.09", "side": "SELL", "hash": "39493c4c12b75ff2f57ec108781b7ec53868ecd1", "best_bid": "0.04", "best_ask": "0.95"}], "timestamp": "1769384508603", "event_type": "price_change"}}
{"_local_timestamp": "2026-01-25T23:43:08.191106+00:00", "data": {"market": "0x8e94326c7b8a8f9c6d08aab3e599e25ae297568717388514179630e41817bc9b", "price_changes": [{"asset_id": "24756039539613435118172540238679982808931760036119835655369823215286840219819", "price": "0.02", "size": "10.48", "side": "BUY", "hash": "8df42d7c0e6a85313b0cf6a83f3b2299e99a5b75", "best_bid": "0.05", "best_ask": "0.96"}, {"asset_id": "58767839533061451763220204051113000351985051924479739596571576536740911439737", "price": "0.98", "size": "10.48", "side": "SELL", "hash": "d5caf18c74e9dcb1095cd8201cf8f51cf4fd0496", "best_bid": "0.04", "best_ask": "0.95"}], "timestamp": "1769384588004", "event_type": "price_change"}}
{"_local_timestamp": "2026-01-25T23:43:20.859107+00:00", "data": {"market": "0x8e94326c7b8a8f9c6d08aab3e599e25ae297568717388514179630e41817bc9b", "price_changes": [{"asset_id": "24756039539613435118172540238679982808931760036119835655369823215286840219819", "price": "0.02", "size": "160.48", "side": "BUY", "hash": "181cb6fda7ac0803d4071d5229782b5d88a03b03", "best_bid": "0.05", "best_ask": "0.96"}, {"asset_id": "58767839533061451763220204051113000351985051924479739596571576536740911439737", "price": "0.98", "size": "160.48", "side": "SELL", "hash": "70a62a7ffb619aa7672ea1caa1860fa217931b7c", "best_bid": "0.04", "best_ask": "0.95"}], "timestamp": "1769384600748", "event_type": "price_change"}}
{"_local_timestamp": "2026-01-25T23:43:36.228082+00:00", "data": {"market": "0x20a41787b08a4e15d8a5338484a65e2ad24d2aa88482e95de48ceb805e474628", "price_changes": [{"asset_id": "31177459264163886551177107260746876566090967148325127442344239035332554039132", "price": "0.04", "size": "29.99", "side": "BUY", "hash": "ba717f282938868c23172f9f65afac2d70147ded", "best_bid": "0.04", "best_ask": "0.93"}, {"asset_id": "92685607768367988539257555984118969221958741678661633799085005076568069753311", "price": "0.96", "size": "29.99", "side": "SELL", "hash": "4e8f3790eae98597748957c92d7f30fae6375172", "best_bid": "0.07", "best_ask": "0.96"}], "timestamp": "1769384616096", "event_type": "price_change"}}
{"_local_timestamp": "2026-01-25T23:43:36.282917+00:00", "data": {"market": "0x20a41787b08a4e15d8a5338484a65e2ad24d2aa88482e95de48ceb805e474628", "price_changes": [{"asset_id": "92685607768367988539257555984118969221958741678661633799085005076568069753311", "price": "0.07", "size": "5.47", "side": "BUY", "hash": "56dcef71d0b037eeedf71f22963a57669b8cabd4", "best_bid": "0.07", "best_ask": "0.96"}, {"asset_id": "31177459264163886551177107260746876566090967148325127442344239035332554039132", "price": "0.93", "size": "5.47", "side": "SELL", "hash": "b4eb8ecede55f6f2a965eff01821cd911b171497", "best_bid": "0.04", "best_ask": "0.93"}], "timestamp": "1769384616157", "event_type": "price_change"}}
{"_local_timestamp": "2026-01-25T23:43:53.671367+00:00", "data": {"market": "0x20a41787b08a4e15d8a5338484a65e2ad24d2aa88482e95de48ceb805e474628", "price_changes": [{"asset_id": "31177459264163886551177107260746876566090967148325127442344239035332554039132", "price": "0.03", "size": "22", "side": "BUY", "hash": "91b38508c22fadd8ec0cb7a45eb47a8130d2f8eb", "best_bid": "0.04", "best_ask": "0.93"}, {"asset_id": "92685607768367988539257555984118969221958741678661633799085005076568069753311", "price": "0.97", "size": "22", "side": "SELL", "hash": "d2311500da321699ad33b027806402b0e9811e20", "best_bid": "0.07", "best_ask": "0.96"}], "timestamp": "1769384633442", "event_type": "price_change"}}
{"_local_timestamp": "2026-01-25T23:43:54.023172+00:00", "data": {"market": "0x20a41787b08a4e15d8a5338484a65e2ad24d2aa88482e95de48ceb805e474628", "price_changes": [{"asset_id": "31177459264163886551177107260746876566090967148325127442344239035332554039132", "price": "0.04", "size": "39.45", "side": "BUY", "hash": "3d6722203eea5fdaeffeeed906d709b336188255", "best_bid": "0.04", "best_ask": "0.93"}, {"asset_id": "92685607768367988539257555984118969221958741678661633799085005076568069753311", "price": "0.96", "size": "39.45", "side": "SELL", "hash": "1d2b511d9f1664e66f6349b8487b73cb139d721e", "best_bid": "0.07", "best_ask": "0.96"}], "timestamp": "1769384633792", "event_type": "price_change"}}
{"_local_timestamp": "2026-01-25T23:43:54.024123+00:00", "data": {"market": "0x20a41787b08a4e15d8a5338484a65e2ad24d2aa88482e95de48ceb805e474628", "price_changes": [{"asset_id": "31177459264163886551177107260746876566090967148325127442344239035332554039132", "price": "0.03", "size": "28.8", "side": "BUY", "hash": "b78a0d96680b7c5c28b45fe4e8da48b01701e177", "best_bid": "0.04", "best_ask": "0.93"}, {"asset_id": "92685607768367988539257555984118969221958741678661633799085005076568069753311", "price": "0.97", "size": "28.8", "side": "SELL", "hash": "584063494fcd7e01607cd4c6b5f3fd7bab01bf64", "best_bid": "0.07", "best_ask": "0.96"}], "timestamp": "1769384633793", "event_type": "price_change"}}
{"_local_timestamp": "2026-01-25T23:45:55.743147+00:00", "data": {"market": "0x8e94326c7b8a8f9c6d08aab3e599e25ae297568717388514179630e41817bc9b", "price_changes": [{"asset_id": "24756039539613435118172540238679982808931760036119835655369823215286840219819", "price": "0.01", "size": "180", "side": "BUY", "hash": "48224a5f55908c67550021c05fdbbcceef96a85c", "best_bid": "0.05", "best_ask": "0.96"}, {"asset_id": "58767839533061451763220204051113000351985051924479739596571576536740911439737", "price": "0.99", "size": "180", "side": "SELL", "hash": "a4b91877877ebe8bab99b05a35cc940495713e51", "best_bid": "0.04", "best_ask": "0.95"}], "timestamp": "1769384755655", "event_type": "price_change"}}
{"_local_timestamp": "2026-01-25T23:45:57.262932+00:00", "data": {"market": "0x20a41787b08a4e15d8a5338484a65e2ad24d2aa88482e95de48ceb805e474628", "price_changes": [{"asset_id": "92685607768367988539257555984118969221958741678661633799085005076568069753311", "price": "0.05", "size": "890.11", "side": "BUY", "hash": "9d7d9d9020f2b83eda20775c76ef954313516125", "best_bid": "0.07", "best_ask": "0.96"}, {"asset_id": "31177459264163886551177107260746876566090967148325127442344239035332554039132", "price": "0.95", "size": "890.11", "side": "SELL", "hash": "ad236faa26f4f9170c0b2fccd04273b4d1bef791", "best_bid": "0.04", "best_ask": "0.93"}], "timestamp": "1769384756836", "event_type": "price_change"}}
{"_local_timestamp": "2026-01-25T23:45:57.393081+00:00", "data": {"market": "0x20a41787b08a4e15d8a5338484a65e2ad24d2aa88482e95de48ceb805e474628", "price_changes": [{"asset_id": "92685607768367988539257555984118969221958741678661633799085005076568069753311", "price": "0.02", "size": "916.26", "side": "BUY", "hash": "d6e492cfae15aaa1ca8ab470ba552e73526631e4", "best_bid": "0.07", "best_ask": "0.96"}, {"asset_id": "31177459264163886551177107260746876566090967148325127442344239035332554039132", "price": "0.98", "size": "916.26", "side": "SELL", "hash": "38265f4d6e290c649486e7488fd4f7762fdd8a6c", "best_bid": "0.04", "best_ask": "0.93"}], "timestamp": "1769384757231", "event_type": "price_change"}}
{"_local_timestamp": "2026-01-25T23:45:57.393540+00:00", "data": {"market": "0x20a41787b08a4e15d8a5338484a65e2ad24d2aa88482e95de48ceb805e474628", "price_changes": [{"asset_id": "92685607768367988539257555984118969221958741678661633799085005076568069753311", "price": "0.01", "size": "5342.22", "side": "BUY", "hash": "48b2ae69f99b8f4406e7d2c0dec982230944ff64", "best_bid": "0.07", "best_ask": "0.96"}, {"asset_id": "31177459264163886551177107260746876566090967148325127442344239035332554039132", "price": "0.99", "size": "5342.22", "side": "SELL", "hash": "e7bd5ac4d5bda939150f4487c5f6e423d3db4a4d", "best_bid": "0.04", "best_ask": "0.93"}], "timestamp": "1769384757232", "event_type": "price_change"}}
{"_local_timestamp": "2026-01-25T23:45:57.554888+00:00", "data": {"market": "0x8e94326c7b8a8f9c6d08aab3e599e25ae297568717388514179630e41817bc9b", "price_changes": [{"asset_id": "24756039539613435118172540238679982808931760036119835655369823215286840219819", "price": "0.01", "size": "202.09", "side": "BUY", "hash": "f2d48bf0df90ca4e4548a6d7fcb00c2b20717397", "best_bid": "0.05", "best_ask": "0.96"}, {"asset_id": "58767839533061451763220204051113000351985051924479739596571576536740911439737", "price": "0.99", "size": "202.09", "side": "SELL", "hash": "437aa9318cce5026c677b4ca4cf3da11e37b372f", "best_bid": "0.04", "best_ask": "0.95"}], "timestamp": "1769384757483", "event_type": "price_change"}}
{"_local_timestamp": "2026-01-25T23:45:58.409703+00:00", "data": {"market": "0x20a41787b08a4e15d8a5338484a65e2ad24d2aa88482e95de48ceb805e474628", "price_changes": [{"asset_id": "92685607768367988539257555984118969221958741678661633799085005076568069753311", "price": "0.02", "size": "890.11", "side": "BUY", "hash": "41f03400f18be2b064396dfa9c96b42a8d30a64e", "best_bid": "0.07", "best_ask": "0.96"}, {"asset_id": "31177459264163886551177107260746876566090967148325127442344239035332554039132", "price": "0.98", "size": "890.11", "side": "SELL", "hash": "b8732733a9d0da5686d48fb406434fce2ceb86f4", "best_bid": "0.04", "best_ask": "0.93"}], "timestamp": "1769384758344", "event_type": "price_change"}}
{"_local_timestamp": "2026-01-25T23:46:00.865988+00:00", "data": {"market": "0x20a41787b08a4e15d8a5338484a65e2ad24d2aa88482e95de48ceb805e474628", "price_changes": [{"asset_id": "92685607768367988539257555984118969221958741678661633799085005076568069753311", "price": "0.02", "size": "897.14", "side": "BUY", "hash": "6baa7db58affdc4d07156554b5fa9b8ae1795914", "best_bid": "0.07", "best_ask": "0.96"}, {"asset_id": "31177459264163886551177107260746876566090967148325127442344239035332554039132", "price": "0.98", "size": "897.14", "side": "SELL", "hash": "6407ae3c954918371d42337f7b54d8206e267bed", "best_bid": "0.04", "best_ask": "0.93"}], "timestamp": "1769384760799", "event_type": "price_change"}}
{"_local_timestamp": "2026-01-25T23:46:00.866432+00:00", "data": {"market": "0x20a41787b08a4e15d8a5338484a65e2ad24d2aa88482e95de48ceb805e474628", "price_changes": [{"asset_id": "92685607768367988539257555984118969221958741678661633799085005076568069753311", "price": "0.03", "size": "12.75", "side": "BUY", "hash": "9f80bb5c7b8becbe5e87b4ff1d82b3c60b21cd12", "best_bid": "0.07", "best_ask": "0.96"}, {"asset_id": "31177459264163886551177107260746876566090967148325127442344239035332554039132", "price": "0.97", "size": "12.75", "side": "SELL", "hash": "35ee927aff86d83924dc41377fca0d26b9123b7d", "best_bid": "0.04", "best_ask": "0.93"}], "timestamp": "1769384760800", "event_type": "price_change"}}
{"_local_timestamp": "2026-01-25T23:46:00.947133+00:00", "data": {"market": "0x20a41787b08a4e15d8a5338484a65e2ad24d2aa88482e95de48ceb805e474628", "price_changes": [{"asset_id": "92685607768367988539257555984118969221958741678661633799085005076568069753311", "price": "0.06", "size": "5.48", "side": "BUY", "hash": "5232e89d0bd5b49950b62c1d2b1ea01651b6fa60", "best_bid": "0.07", "best_ask": "0.96"}, {"asset_id": "31177459264163886551177107260746876566090967148325127442344239035332554039132", "price": "0.94", "size": "5.48", "side": "SELL", "hash": "b9a93678b11749eab56caed3deb68dbd92547e70", "best_bid": "0.04", "best_ask": "0.93"}], "timestamp": "1769384760877", "event_type": "price_change"}}
{"_local_timestamp": "2026-01-25T23:46:00.947559+00:00", "data": {"market": "0x20a41787b08a4e15d8a5338484a65e2ad24d2aa88482e95de48ceb805e474628", "price_changes": [{"asset_id": "92685607768367988539257555984118969221958741678661633799085005076568069753311", "price": "0.05", "size": "0", "side": "BUY", "hash": "5232e89d0bd5b49950b62c1d2b1ea01651b6fa60", "best_bid": "0.07", "best_ask": "0.96"}, {"asset_id": "31177459264163886551177107260746876566090967148325127442344239035332554039132", "price": "0.95", "size": "0", "side": "SELL", "hash": "b9a93678b11749eab56caed3deb68dbd92547e70", "best_bid": "0.04", "best_ask": "0.93"}], "timestamp": "1769384760877", "event_type": "price_change"}}
{"_local_timestamp": "2026-01-25T23:46:55.750908+00:00", "data": {"market": "0x20a41787b08a4e15d8a5338484a65e2ad24d2aa88482e95de48ceb805e474628", "price_changes": [{"asset_id": "92685607768367988539257555984118969221958741678661633799085005076568069753311", "price": "0.06", "size": "305.48", "side": "BUY", "hash": "13608d022e387fd6c8ad0fe1c2774d4b18d9e52e", "best_bid": "0.07", "best_ask": "0.96"}, {"asset_id": "31177459264163886551177107260746876566090967148325127442344239035332554039132", "price": "0.94", "size": "305.48", "side": "SELL", "hash": "91b3065e27a5c33b40044a1acc7972780fa23b0e", "best_bid": "0.04", "best_ask": "0.93"}], "timestamp": "1769384815677", "event_type": "price_change"}}
{"_local_timestamp": "2026-01-25T23:46:55.967821+00:00", "data": {"market": "0x20a41787b08a4e15d8a5338484a65e2ad24d2aa88482e95de48ceb805e474628", "price_changes": [{"asset_id": "92685607768367988539257555984118969221958741678661633799085005076568069753311", "price": "0.06", "size": "1195.59", "side": "BUY", "hash": "143fb14edb07c49bf1cf93344ec7685ef333c8b2", "best_bid": "0.07", "best_ask": "0.96"}, {"asset_id": "31177459264163886551177107260746876566090967148325127442344239035332554039132", "price": "0.94", "size": "1195.59", "side": "SELL", "hash": "130738ce126785b1823ccc123140927b0388b425", "best_bid": "0.04", "best_ask": "0.93"}], "timestamp": "1769384815900", "event_type": "price_change"}}
{"_local_timestamp": "2026-01-25T23:46:55.968295+00:00", "data": {"market": "0x20a41787b08a4e15d8a5338484a65e2ad24d2aa88482e95de48ceb805e474628", "price_changes": [{"asset_id": "92685607768367988539257555984118969221958741678661633799085005076568069753311", "price": "0.07", "size": "895.58", "side": "BUY", "hash": "59f9c552cda3279d306495281743dc81ea8c4e1e", "best_bid": "0.07", "best_ask": "0.96"}, {"asset_id": "31177459264163886551177107260746876566090967148325127442344239035332554039132", "price": "0.93", "size": "895.58", "side": "SELL", "hash": "7579fa4dedbdc29a5de08b149db0d7107fd80e41", "best_bid": "0.04", "best_ask": "0.93"}], "timestamp": "1769384815901", "event_type": "price_change"}}
