{"_local_timestamp": "2026-01-25T23:34:13.572608+00:00", "data": [{"market": "0x77468c50a9ce714aa9eb16e2bb90b98d16a4a585547ed4fdbae452db5f9d386f", "asset_id": "89110110129769653741673413416736327449432662042064593140215415289169242252459", "timestamp": "1769383886055", "hash": "a0c55f6f66bdc6f4138835172c6b39590fe376e4", "bids": [{"price": "0.01", "size": "292.66"}, {"price": "0.02", "size": "247.06"}, {"price": "0.03", "size": "8.96"}, {"price": "0.06", "size": "13.85"}], "asks": [{"price": "0.99", "size": "301.38"}, {"price": "0.98", "size": "217.17"}, {"price": "0.97", "size": "52.57"}], "event_type": "book", "last_trade_price": ""}, {"market": "0x6234e81fcc1c02ed2274c46d0c1e08d9b100a2983ee9523c8df247005c207abf", "asset_id": "108013987182781883088946717206137049888071411836265215911261197121341773479762", "timestamp": "1769383983502", "hash": "48ac74aee0f6b0492d226ade1f128210fc449674", "bids": [{"price": "0.01", "size": "10449.88"}, {"price": "0.02", "size": "43.27"}, {"price": "0.07", "size": "1145.58"}, {"price": "0.08", "size": "890.11"}], "asks": [{"price": "0.99", "size": "10455.24"}, {"price": "0.98", "size": "25.56"}, {"price": "0.97", "size": "4157.32"}, {"price": "0.96", "size": "1140.11"}, {"price": "0.95", "size": "896.12"}], "event_type": "book", "last_trade_price": ""}, {"market": "0xe5ece8cdf384a1db07d1a3e1c0e7b574b6410f2522ef99016e19bf8769af824c", "asset_id": "64272227068724518405946811343122194564242666319916909822004255327797089282976", "timestamp": "1769383985196", "hash": "bc55c5cb65698126016654a4e0536c69295f42be", "bids": [{"price": "0.01", "size": "10551.22"}, {"price": "0.02", "size": "42.6"}, {"price": "0.06", "size": "1140.11"}, {"price": "0.07", "size": "895.58"}], "asks": [{"price": "0.99", "size": "10551.22"}, {"price": "0.98", "size": "26.15"}, {"price": "0.95", "size": "1140.11"}, {"price": "0.94", "size": "895.59"}], "event_type": "book", "last_trade_price": ""}, {"market": "0x3421d76e255190064bff57e8d27d3a3fedc0d4a620c7055958f206f428ee0be1", "asset_id": "103315802636477709585051407132235873504885885159504812994283629225150005412508", "timestamp": "1769384047058", "hash": "eba32ae9c397e3b6af6485cbb59348ed2aa4bbbd", "bids": [{"price": "0.01", "size": "6679.11"}, {"price": "0.02", "size": "4313.44"}, {"price": "0.03", "size": "300"}, {"price": "0.04", "size": "21.93"}, {"price": "0.11", "size": "300"}, {"price": "0.12", "size": "1090.11"}, {"price": "0.13", "size": "1015.11"}, {"price": "0.14", "size": "75"}, {"price": "0.29", "size": "10"}, {"price": "0.3", "size": "102"}], "asks": [{"price": "0.99", "size": "8889.12"}, {"price": "0.98", "size": "2250"}, {"price": "0.97", "size": "7"}, {"price": "0.93", "size": "1700"}, {"price": "0.92", "size": "4157.32"}, {"price": "0.9", "size": "300"}, {"price": "0.89", "size": "106.27"}, {"price": "0.88", "size": "600"}, {"price": "0.84", "size": "300"}, {"price": "0.81", "size": "200"}, {"price": "0.8", "size": "525"}, {"price": "0.78", "size": "75"}, {"price": "0.5", "size": "5890.11"}, {"price": "0.49", "size": "890.11"}, {"price": "0.42", "size": "10"}, {"price": "0.41", "size": "50"}, {"price": "0.4", "size": "17"}], "event_type": "book", "last_trade_price": "0.320"}, {"market": "0x3421d76e255190064bff57e8d27d3a3fedc0d4a620c7055958f206f428ee0be1", "asset_id": "81852449125816458832954503084733816912857404751370673968752277659227044513814", "timestamp": "1769384047058", "hash": "e34a005485b7e1d6a05a6fd6985a7bd209ff3d56", "bids": [{"price": "0.01", "size": "8889.12"}, {"price": "0.02", "size": "2250"}, {"price": "0.03", "size": "7"}, {"price": "0.07", "size": "1700"}, {"price": "0.08", "size": "4157.32"}, {"price": "0.1", "size": "300"}, {"price": "0.11", "size": "106.27"}, {"price": "0.12", "size": "600"}, {"price": "0.16", "size": "300"}, {"price": "0.19", "size": "200"}, {"price": "0.2", "size": "525"}, {"price": "0.22", "size": "75"}, {"price": "0.5", "size": "5890.11"}, {"price": "0.51", "size": "890.11"}, {"price": "0.58", "size": "10"}, {"price": "0.59", "size": "50"}, {"price": "0.6", "size": "17"}], "asks": [{"price": "0.99", "size": "6679.11"}, {"price": "0.98", "size": "4313.44"}, {"price": "0.97", "size": "300"}, {"price": "0.96", "size": "21.93"}, {"price": "0.89", "size": "300"}, {"price": "0.88", "size": "1090.11"}, {"price": "0.87", "size": "1015.11"}, {"price": "0.86", "size": "75"}, {"price": "0.71", "size": "10"}, {"price": "0.7", "size": "102"}], "event_type": "book", "last_trade_price": "0.320"}, {"market": "0x6234e81fcc1c02ed2274c46d0c1e08d9b100a2983ee9523c8df247005c207abf", "asset_id": "23734412859247630560399625842733291562114760515167747251292013565862273813395", "timestamp": "1769383983502", "hash": "320617076a64a9e381b861240e324572bdc559da", "bids": [{"price": "0.01", "size": "10455.24"}, {"price": "0.02", "size": "25.56"}, {"price": "0.03", "size": "4157.32"}, {"price": "0.04", "size": "1140.11"}, {"price": "0.05", "size": "896.12"}], "asks": [{"price": "0.99", "size": "10449.88"}, {"price": "0.98", "size": "43.27"}, {"price": "0.93", "size": "1145.58"}, {"price": "0.92", "size": "890.11"}], "event_type": "book", "last_trade_price": ""}, {"market": "0x032f55fac09d8473633328659c36e68dd83394c969d7a058d3aba42db976eabe", "asset_id": "66991556103391952411457479917288428466035703391132788603226101064477717734512", "timestamp": "1769383985025", "hash": "336798ff21353403937426b876ffe958d5590425", "bids": [{"price": "0.01", "size": "10502.22"}, {"price": "0.02", "size": "156.7"}, {"price": "0.03", "size": "4170.29"}, {"price": "0.05", "size": "1140.11"}, {"price": "0.06", "size": "901.06"}], "asks": [{"price": "0.99", "size": "10498.23"}, {"price": "0.98", "size": "155.14"}, {"price": "0.97", "size": "4183.62"}, {"price": "0.9", "size": "1150.11"}, {"price": "0.89", "size": "890.11"}], "event_type": "book", "last_trade_price": ""}, {"market": "0xc488136c1309fdf01ad2dc551cfbdd1a4ecb469bfa99ff730b3703f6fe781616", "asset_id": "63157710513631305089919593879923965576929104877174495560209977486926340524838", "timestamp": "1769383981040", "hash": "9b4fef1d14352293a94bfae12a7c48fdc478d232", "bids": [{"price": "0.01", "size": "10547.95"}, {"price": "0.02", "size": "49.7"}, {"price": "0.09", "size": "1140.11"}, {"price": "0.1", "size": "890.11"}], "asks": [{"price": "0.99", "size": "10549.88"}, {"price": "0.98", "size": "43.27"}, {"price": "0.93", "size": "1140.11"}, {"price": "0.92", "size": "890.11"}], "event_type": "book", "last_trade_price": ""}, {"market": "0xc488136c1309fdf01ad2dc551cfbdd1a4ecb469bfa99ff730b3703f6fe781616", "asset_id": "61761622373753806235956235367461347695411667590201283078962630474317269596032", "timestamp": "1769383981040", "hash": "ea92d71bc3925d164d2cf3e46ca6c8d134ce81e4", "bids": [{"price": "0.01", "size": "10549.88"}, {"price": "0.02", "size": "43.27"}, {"price": "0.07", "size": "1140.11"}, {"price": "0.08", "size": "890.11"}], "asks": [{"price": "0.99", "size": "10547.95"}, {"price": "0.98", "size": "49.7"}, {"price": "0.91", "size": "1140.11"}, {"price": "0.9", "size": "890.11"}], "event_type": "book", "last_trade_price": ""}, {"market": "0x77468c50a9ce714aa9eb16e2bb90b98d16a4a585547ed4fdbae452db5f9d386f", "asset_id": "42952029575471329717653204447729463818558544752972282503128626702262120630797", "timestamp": "1769383886055", "hash": "3a148001130bdfd202966b42e9a3dbc3bb49f75e", "bids": [{"price": "0.01", "size": "301.38"}, {"price": "0.02", "size": "217.17"}, {"price": "0.03", "size": "52.57"}], "asks": [{"price": "0.99", "size": "292.66"}, {"price": "0.98", "size": "247.06"}, {"price": "0.97", "size": "8.96"}, {"price": "0.94", "size": "13.85"}], "event_type": "book", "last_trade_price": ""}, {"market": "0xe5ece8cdf384a1db07d1a3e1c0e7b574b6410f2522ef99016e19bf8769af824c", "asset_id": "6078890170058263187036305734955758347732322755019603620472935769879736864916", "timestamp": "1769383985196", "hash": "4a79c952a144bfaeda94d1848273e2579c247843", "bids": [{"price": "0.01", "size": "10551.22"}, {"price": "0.02", "size": "26.15"}, {"price": "0.05", "size": "1140.11"}, {"price": "0.06", "size": "895.59"}], "asks": [{"price": "0.99", "size": "10551.22"}, {"price": "0.98", "size": "42.6"}, {"price": "0.94", "size": "1140.11"}, {"price": "0.93", "size": "895.58"}], "event_type": "book", "last_trade_price": ""}, {"market": "0x2f4b0113990e401417cb51a9c1af07e5d3ff0eb903796da0dde73e08b4682754", "asset_id": "105355403808706837932524308070165900151422956701523638055502682446324798876509", "timestamp": "1769383974746", "hash": "fa985fb09f27d4d98acc0fe0f58ca5eadf00af16", "bids": [{"price": "0.01", "size": "11396.35"}, {"price": "0.02", "size": "158.94"}, {"price": "0.03", "size": "11.07"}, {"price": "0.04", "size": "250"}, {"price": "0.05", "size": "6.01"}], "asks": [{"price": "0.99", "size": "11399.58"}, {"price": "0.98", "size": "160.48"}, {"price": "0.97", "size": "93.65"}, {"price": "0.96", "size": "44.71"}], "event_type": "book", "last_trade_price": ""}, {"market": "0x032f55fac09d8473633328659c36e68dd83394c969d7a058d3aba42db976eabe", "asset_id": "3599412144360911471033434445431387136341134279131242863585779959428118992221", "timestamp": "1769383985025", "hash": "323e3ab0d75f6fa565bc4efada3f39888caa172f", "bids": [{"price": "0.01", "size": "10498.23"}, {"price": "0.02", "size": "155.14"}, {"price": "0.03", "size": "4183.62"}, {"price": "0.1", "size": "1150.11"}, {"price": "0.11", "size": "890.11"}], "asks": [{"price": "0.99", "size": "10502.22"}, {"price": "0.98", "size": "156.7"}, {"price": "0.97", "size": "4170.29"}, {"price": "0.95", "size": "1140.11"}, {"price": "0.94", "size": "901.06"}], "event_type": "book", "last_trade_price": ""}, {"market": "0x0c7559bafb01fb817d9ba0d52f89e98a966f0860051f5890dc3cb9a641e44d23", "asset_id": "65965274837578386729789100600150477596210754897074823053053556377091296253517", "timestamp": "1769383886055", "hash": "824abe1cb8ed5234d29bcc2a9a0e659622cb1d00", "bids": [{"price": "0.01", "size": "292.71"}, {"price": "0.02", "size": "247.13"}, {"price": "0.03", "size": "9.19"}, {"price": "0.06", "size": "13.71"}], "asks": [{"price": "0.99", "size": "301.38"}, {"price": "0.98", "size": "217.17"}, {"price": "0.97", "size": "52.57"}], "event_type": "book", "last_trade_price": ""}, {"market": "0x0c7559bafb01fb817d9ba0d52f89e98a966f0860051f5890dc3cb9a641e44d23", "asset_id": "42287222517090165150415081891120612726666008470495474912977896615749748505495", "timestamp": "1769383886055", "hash": "120027130358598f7f8058c5e19cecc37273ba09", "bids": [{"price": "0.01", "size": "301.38"}, {"price": "0.02", "size": "217.17"}, {"price": "0.03", "size": "52.57"}], "asks": [{"price": "0.99", "size": "292.71"}, {"price": "0.98", "size": "247.13"}, {"price": "0.97", "size": "9.19"}, {"price": "0.94", "size": "13.71"}], "event_type": "book", "last_trade_price": ""}, {"market": "0x2f4b0113990e401417cb51a9c1af07e5d3ff0eb903796da0dde73e08b4682754", "asset_id": "110118670759224168129011353197635088241412053465564626113293944214285771990476", "timestamp": "1769383974746", "hash": "c38aa69d264c64c0d9ecc3d2a86bb31e646ec700", "bids": [{"price": "0.01", "size": "11399.58"}, {"price": "0.02", "size": "160.48"}, {"price": "0.03", "size": "93.65"}, {"price": "0.04", "size": "44.71"}], "asks": [{"price": "0.99", "size": "11396.35"}, {"price": "0.98", "size": "158.94"}, {"price": "0.97", "size": "11.07"}, {"price": "0.96", "size": "250"}, {"price": "0.95", "size": "6.01"}], "event_type": "book", "last_trade_price": ""}]}
{"_local_timestamp": "2026-01-25T23:34:21.766329+00:00", "data": {"market": "0x3421d76e255190064bff57e8d27d3a3fedc0d4a620c7055958f206f428ee0be1", "price_changes": [{"asset_id": "81852449125816458832954503084733816912857404751370673968752277659227044513814", "price": "0.11", "size": "6.27", "side": "BUY", "hash": "7504b3f6a4d3a0adf3f8ee8723d8433d6f11fe79", "best_bid": "0.6", "best_ask": "0.7"}, {"asset_id": "103315802636477709585051407132235873504885885159504812994283629225150005412508", "price": "0.89", "size": "6.27", "side": "SELL", "hash": "ea8ba5a729f1391f10bcfe1946523d6198df0ac8", "best_bid": "0.3", "best_ask": "0.4"}], "timestamp": "1769384061552", "event_type": "price_change"}}
{"_local_timestamp": "2026-01-25T23:34:21.817881+00:00", "data": {"market": "0x3421d76e255190064bff57e8d27d3a3fedc0d4a620c7055958f206f428ee0be1", "price_changes": [{"asset_id": "81852449125816458832954503084733816912857404751370673968752277659227044513814", "price": "0.08", "size": "0", "side": "BUY", "hash": "3dcc7b99cf6ed786526dab1b94f6dd9ad29d689a", "best_bid": "0.6", "best_ask": "0.7"}, {"asset_id": "103315802636477709585051407132235873504885885159504812994283629225150005412508", "price": "0.92", "size": "0", "side": "SELL", "hash": "531239f9b6dc4a0e0aa1efc235ba21d18b9f1dea", "best_bid": "0.3", "best_ask": "0.4"}], "timestamp": "1769384061602", "event_type": "price_change"}}
{"_local_timestamp": "2026-01-25T23:34:21.833370+00:00", "data": {"market": "0x3421d76e255190064bff57e8d27d3a3fedc0d4a620c7055958f206f428ee0be1", "price_changes": [{"asset_id": "81852449125816458832954503084733816912857404751370673968752277659227044513814", "price": "0.13", "size": "1270.1", "side": "BUY", "hash": "841e9f99bfad021cfa348d63c0850fea4273680f", "best_bid": "0.6", "best_ask": "0.7"}, {"asset_id": "103315802636477709585051407132235873504885885159504812994283629225150005412508", "price": "0.87", "size": "1270.1", "side": "SELL", "hash": "6a20d59992575fd127d622849b9e3b88974288bf", "best_bid": "0.3", "best_ask": "0.4"}], "timestamp": "1769384061624", "event_type": "price_change"}}
{"_local_timestamp": "2026-01-25T23:34:21.833756+00:00", "data": {"market": "0x3421d76e255190064bff57e8d27d3a3fedc0d4a620c7055958f206f428ee0be1", "price_changes": [{"asset_id": "81852449125816458832954503084733816912857404751370673968752277659227044513814", "price": "0.13", "size": "2160.21", "side": "BUY", "hash": "04302ea9a6661f2f3ac0c6dce16159cb78185baa", "best_bid": "0.6", "best_ask": "0.7"}, {"asset_id": "103315802636477709585051407132235873504885885159504812994283629225150005412508", "price": "0.87", "size": "2160.21", "side": "SELL", "hash": "3ec8f708264e3cf84282ac4abf93e4eb75ba289c", "best_bid": "0.3", "best_ask": "0.4"}], "timestamp": "1769384061625", "event_type": "price_change"}}
{"_local_timestamp": "2026-01-25T23:34:21.834048+00:00", "data": {"market": "0x3421d76e255190064bff57e8d27d3a3fedc0d4a620c7055958f206f428ee0be1", "price_changes": [{"asset_id": "81852449125816458832954503084733816912857404751370673968752277659227044513814", "price": "0.13", "size": "4157.32", "side": "BUY", "hash": "d989f7b9a682f29f09dad6cdcf96de53167f0dc6", "best_bid": "0.6", "best_ask": "0.7"}, {"asset_id": "103315802636477709585051407132235873504885885159504812994283629225150005412508", "price": "0.87", "size": "4157.32", "side": "SELL", "hash": "091b4f524cb3d552783b0d3035cd309a8b106b32", "best_bid": "0.3", "best_ask": "0.4"}], "timestamp": "1769384061626", "event_type": "price_change"}}
{"_local_timestamp": "2026-01-25T23:34:21.927453+00:00", "data": {"market": "0x3421d76e255190064bff57e8d27d3a3fedc0d4a620c7055958f206f428ee0be1", "price_changes": [{"asset_id": "81852449125816458832954503084733816912857404751370673968752277659227044513814", "price": "0.6", "size": "0", "side": "BUY", "hash": "82293d7b4f0ea891d65b8be37b2c0f9fa2fdc2ee", "best_bid": "0.59", "best_ask": "0.7"}, {"asset_id": "103315802636477709585051407132235873504885885159504812994283629225150005412508", "price": "0.4", "size": "0", "side": "SELL", "hash": "2302f346dc866e78728877938c9714b251c3e702", "best_bid": "0.3", "best_ask": "0.41"}], "timestamp": "1769384061719", "event_type": "price_change"}}
{"_local_timestamp": "2026-01-25T23:34:22.045126+00:00", "data": {"market": "0x3421d76e255190064bff57e8d27d3a3fedc0d4a620c7055958f206f428ee0be1", "price_changes": [{"asset_id": "81852449125816458832954503084733816912857404751370673968752277659227044513814", "price": "0.12", "size": "700", "side": "BUY", "hash": "ac0f52366e30991322e84067c4bb1a2323ee022d", "best_bid": "0.59", "best_ask": "0.7"}, {"asset_id": "103315802636477709585051407132235873504885885159504812994283629225150005412508", "price": "0.88", "size": "700", "side": "SELL", "hash": "f24d1a62a5e6b7ff3a118fc84ab562231e940fe4", "best_bid": "0.3", "best_ask": "0.41"}], "timestamp": "1769384061838", "event_type": "price_change"}}
{"_local_timestamp": "2026-01-25T23:34:22.067766+00:00", "data": {"market": "0x3421d76e255190064bff57e8d27d3a3fedc0d4a620c7055958f206f428ee0be1", "price_changes": [{"asset_id": "81852449125816458832954503084733816912857404751370673968752277659227044513814", "price": "0.6", "size": "17", "side": "BUY", "hash": "378690847effb48f95210cee76e15e0f4ac92252", "best_bid": "0.6", "best_ask": "0.7"}, {"asset_id": "103315802636477709585051407132235873504885885159504812994283629225150005412508", "price": "0.4", "size": "17", "side": "SELL", "hash": "a297496742c1496e4fa90d556422d09dd91e80d5", "best_bid": "0.3", "best_ask": "0.4"}], "timestamp": "1769384061850", "event_type": "price_change"}}
{"_local_timestamp": "2026-01-25T23:34:29.483201+00:00", "data": {"market": "0x3421d76e255190064bff57e8d27d3a3fedc0d4a620c7055958f206f428ee0be1", "price_changes": [{"asset_id": "81852449125816458832954503084733816912857404751370673968752277659227044513814", "price": "0.12", "size": "600", "side": "BUY", "hash": "bf7a9bc0ec928176871ee5426ed9966b3c1e15f9", "best_bid": "0.6", "best_ask": "0.7"}, {"asset_id": "103315802636477709585051407132235873504885885159504812994283629225150005412508", "price": "0.88", "size": "600", "side": "SELL", "hash": "93aba7a4438c94096e427fb7536ea3ffaed47441", "best_bid": "0.3", "best_ask": "0.4"}], "timestamp": "1769384069218", "event_type": "price_change"}}
{"_local_timestamp": "2026-01-25T23:34:29.703621+00:00", "data": {"market": "0x3421d76e255190064bff57e8d27d3a3fedc0d4a620c7055958f206f428ee0be1", "price_changes": [{"asset_id": "81852449125816458832954503084733816912857404751370673968752277659227044513814", "price": "0.08", "size": "100", "side": "BUY", "hash": "872c28ca974b953c3588338edb34b8d937c83c8f", "best_bid": "0.6", "best_ask": "0.7"}, {"asset_id": "103315802636477709585051407132235873504885885159504812994283629225150005412508", "price": "0.92", "size": "100", "side": "SELL", "hash": "73a90daba4a0df79cbc980673811181cba8a234c", "best_bid": "0.3", "best_ask": "0.4"}], "timestamp": "1769384069485", "event_type": "price_change"}}
{"_local_timestamp": "2026-01-25T23:34:30.177440+00:00", "data": {"market": "0x3421d76e255190064bff57e8d27d3a3fedc0d4a620c7055958f206f428ee0be1", "price_changes": [{"asset_id": "81852449125816458832954503084733816912857404751370673968752277659227044513814", "price": "0.12", "size": "200", "side": "BUY", "hash": "bdc46e28abe90eb83c423e1b63a5ba0f91fe0067", "best_bid": "0.6", "best_ask": "0.7"}, {"asset_id": "103315802636477709585051407132235873504885885159504812994283629225150005412508", "price": "0.88", "size": "200", "side": "SELL", "hash": "335714525ec13d1841f4d1a8cacd8454d86fc34a", "best_bid": "0.3", "best_ask": "0.4"}], "timestamp": "1769384069833", "event_type": "price_change"}}
{"_local_timestamp": "2026-01-25T23:34:30.375952+00:00", "data": {"market": "0x3421d76e255190064bff57e8d27d3a3fedc0d4a620c7055958f206f428ee0be1", "price_changes": [{"asset_id": "81852449125816458832954503084733816912857404751370673968752277659227044513814", "price": "0.08", "size": "1370.1", "side": "BUY", "hash": "592923c91325ed745982c2673b425f0bbe707ad3", "best_bid": "0.6", "best_ask": "0.7"}, {"asset_id": "103315802636477709585051407132235873504885885159504812994283629225150005412508", "price": "0.92", "size": "1370.1", "side": "SELL", "hash": "0543b041a6d4af398f9b14d5f72ceb257724a99b", "best_bid": "0.3", "best_ask": "0.4"}], "timestamp": "1769384070050", "event_type": "price_change"}}
{"_local_timestamp": "2026-01-25T23:34:30.376938+00:00", "data": {"market": "0x3421d76e255190064bff57e8d27d3a3fedc0d4a620c7055958f206f428ee0be1", "price_changes": [{"asset_id": "81852449125816458832954503084733816912857404751370673968752277659227044513814", "price": "0.08", "size": "2260.21", "side": "BUY", "hash": "a9c32f22429f509b208a8268432c04a425c93c1c", "best_bid": "0.6", "best_ask": "0.7"}, {"asset_id": "103315802636477709585051407132235873504885885159504812994283629225150005412508", "price": "0.92", "size": "2260.21", "side": "SELL", "hash": "ecc5406cfbd2e4dfc9cf2dc8d9ae3bd29da6e5c2", "best_bid": "0.3", "best_ask": "0.4"}], "timestamp": "1769384070051", "event_type": "price_change"}}
{"_local_timestamp": "2026-01-25T23:34:30.407541+00:00", "data": {"market": "0x3421d76e255190064bff57e8d27d3a3fedc0d4a620c7055958f206f428ee0be1", "price_changes": [{"asset_id": "81852449125816458832954503084733816912857404751370673968752277659227044513814", "price": "0.08", "size": "4257.32", "side": "BUY", "hash": "217aa7208795f6e1d60c4ba2f7b26880911db786", "best_bid": "0.6", "best_ask": "0.7"}, {"asset_id": "103315802636477709585051407132235873504885885159504812994283629225150005412508", "price": "0.92", "size": "4257.32", "side": "SELL", "hash": "1a1fe11e9cd77438ff6183a3d1936a7cb8ad8e6c", "best_bid": "0.3", "best_ask": "0.4"}], "timestamp": "1769384070082", "event_type": "price_change"}}
{"_local_timestamp": "2026-01-25T23:34:30.435092+00:00", "data": {"market": "0x3421d76e255190064bff57e8d27d3a3fedc0d4a620c7055958f206f428ee0be1", "price_changes": [{"asset_id": "81852449125816458832954503084733816912857404751370673968752277659227044513814", "price": "0.08", "size": "4657.32", "side": "BUY", "hash": "bfc6748456f1c384089ed921d83d19f96cb4ead5", "best_bid": "0.6", "best_ask": "0.7"}, {"asset_id": "103315802636477709585051407132235873504885885159504812994283629225150005412508", "price": "0.92", "size": "4657.32", "side": "SELL", "hash": "6f3e92387e83c0e99d01b25feeca1ea0b7474719", "best_bid": "0.3", "best_ask": "0.4"}], "timestamp": "1769384070110", "event_type": "price_change"}}
{"_local_timestamp": "2026-01-25T23:34:31.952964+00:00", "data": {"market": "0x3421d76e255190064bff57e8d27d3a3fedc0d4a620c7055958f206f428ee0be1", "price_changes": [{"asset_id": "81852449125816458832954503084733816912857404751370673968752277659227044513814", "price": "0.12", "size": "100", "side": "BUY", "hash": "6424ce2446a6083c645ceb734e5f9ba4c7d20efa", "best_bid": "0.6", "best_ask": "0.7"}, {"asset_id": "103315802636477709585051407132235873504885885159504812994283629225150005412508", "price": "0.88", "size": "100", "side": "SELL", "hash": "439ceb461ccbcd23c9985808d317d8e45d63bbe0", "best_bid": "0.3", "best_ask": "0.4"}], "timestamp": "1769384071736", "event_type": "price_change"}}
{"_local_timestamp": "2026-01-25T23:34:32.329451+00:00", "data": {"market": "0x3421d76e255190064bff57e8d27d3a3fedc0d4a620c7055958f206f428ee0be1", "price_changes": [{"asset_id": "81852449125816458832954503084733816912857404751370673968752277659227044513814", "price": "0.08", "size": "4757.32", "side": "BUY", "hash": "cf811b8612c9e02db59acbf2642324fe5d051b6b", "best_bid": "0.6", "best_ask": "0.7"}, {"asset_id": "103315802636477709585051407132235873504885885159504812994283629225150005412508", "price": "0.92", "size": "4757.32", "side": "SELL", "hash": "1d2a76becf7c6366890fdaedbf3dffc0ca0e29d8", "best_bid": "0.3", "best_ask": "0.4"}], "timestamp": "1769384072087", "event_type": "price_change"}}
{"_local_timestamp": "2026-01-25T23:34:50.610702+00:00", "data": {"market": "0x3421d76e255190064bff57e8d27d3a3fedc0d4a620c7055958f206f428ee0be1", "price_changes": [{"asset_id": "81852449125816458832954503084733816912857404751370673968752277659227044513814", "price": "0.12", "size": "0", "side": "BUY", "hash": "dd0b1bcd763b45e5c8447ac7e47591de6d223fa2", "best_bid": "0.6", "best_ask": "0.7"}, {"asset_id": "103315802636477709585051407132235873504885885159504812994283629225150005412508", "price": "0.88", "size": "0", "side": "SELL", "hash": "b40d8f8779d840500e7d9d90047c0c7c169d27c2", "best_bid": "0.3", "best_ask": "0.4"}], "timestamp": "1769384090195", "event_type": "price_change"}}
{"_local_timestamp": "2026-01-25T23:34:50.651037+00:00", "data": {"market": "0x3421d76e255190064bff57e8d27d3a3fedc0d4a620c7055958f206f428ee0be1", "price_changes": [{"asset_id": "81852449125816458832954503084733816912857404751370673968752277659227044513814", "price": "0.09", "size": "890.11", "side": "BUY", "hash": "4b54fcd3ef1e61a3d47a671ff8e141c8ff769591", "best_bid": "0.6", "best_ask": "0.7"}, {"asset_id": "103315802636477709585051407132235873504885885159504812994283629225150005412508", "price": "0.91", "size": "890.11", "side": "SELL", "hash": "b3cafd6a506b99b424a14007800990e94327d7c3", "best_bid": "0.3", "best_ask": "0.4"}], "timestamp": "1769384090339", "event_type": "price_change"}}
{"_local_timestamp": "2026-01-25T23:34:50.652720+00:00", "data": {"market": "0x3421d76e255190064bff57e8d27d3a3fedc0d4a620c7055958f206f428ee0be1", "price_changes": [{"asset_id": "81852449125816458832954503084733816912857404751370673968752277659227044513814", "price": "0.09", "size": "2160.21", "side": "BUY", "hash": "db5775ee3d093e65f5abb037a0776c623798ef1b", "best_bid": "0.6", "best_ask": "0.7"}, {"asset_id": "103315802636477709585051407132235873504885885159504812994283629225150005412508", "price": "0.91", "size": "2160.21", "side": "SELL", "hash": "a26b6b2839787cf73ba27b3dfcea536611ba24db", "best_bid": "0.3", "best_ask": "0.4"}], "timestamp": "1769384090340", "event_type": "price_change"}}
{"_local_timestamp": "2026-01-25T23:34:50.656196+00:00", "data": {"market": "0x3421d76e255190064bff57e8d27d3a3fedc0d4a620c7055958f206f428ee0be1", "price_changes": [{"asset_id": "81852449125816458832954503084733816912857404751370673968752277659227044513814", "price": "0.09", "size": "4157.32", "side": "BUY", "hash": "1ecffc44699d84df25a8422e0aa9d9b90da33af0", "best_bid": "0.6", "best_ask": "0.7"}, {"asset_id": "103315802636477709585051407132235873504885885159504812994283629225150005412508", "price": "0.91", "size": "4157.32", "side": "SELL", "hash": "23fdd0d49c347fe9139b509eb0818b71ec95a435", "best_bid": "0.3", "best_ask": "0.4"}], "timestamp": "1769384090341", "event_type": "price_change"}}
{"_local_timestamp": "2026-01-25T23:34:50.659542+00:00", "data": {"market": "0x3421d76e255190064bff57e8d27d3a3fedc0d4a620c7055958f206f428ee0be1", "price_changes": [{"asset_id": "81852449125816458832954503084733816912857404751370673968752277659227044513814", "price": "0.09", "size": "10156.43", "side": "BUY", "hash": "02383ac96059b37b67212e917fac316943aad425", "best_bid": "0.6", "best_ask": "0.7"}, {"asset_id": "103315802636477709585051407132235873504885885159504812994283629225150005412508", "price": "0.91", "size": "10156.43", "side": "SELL", "hash": "bfc3bd912232321e276317a6ff46df0a3c0a2b56", "best_bid": "0.3", "best_ask": "0.4"}], "timestamp": "1769384090401", "event_type": "price_change"}}
{"_local_timestamp": "2026-01-25T23:34:50.661264+00:00", "data": {"market": "0x3421d76e255190064bff57e8d27d3a3fedc0d4a620c7055958f206f428ee0be1", "price_changes": [{"asset_id": "81852449125816458832954503084733816912857404751370673968752277659227044513814", "price": "0.13", "size": "0", "side": "BUY", "hash": "6b21239f0bafbe48bddd9a3355ce5886f172f6a5", "best_bid": "0.6", "best_ask": "0.7"}, {"asset_id": "103315802636477709585051407132235873504885885159504812994283629225150005412508", "price": "0.87", "size": "0", "side": "SELL", "hash": "fc7b6ff2fb74cf1cf7e1376037d5f2dfbb330338", "best_bid": "0.3", "best_ask": "0.4"}], "timestamp": "1769384090411", "event_type": "price_change"}}
{"_local_timestamp": "2026-01-25T23:34:51.309126+00:00", "data": {"market": "0x3421d76e255190064bff57e8d27d3a3fedc0d4a620c7055958f206f428ee0be1", "price_changes": [{"asset_id": "81852449125816458832954503084733816912857404751370673968752277659227044513814", "price": "0.08", "size": "600", "side": "BUY", "hash": "6b21239f0bafbe48bddd9a3355ce5886f172f6a5", "best_bid": "0.6", "best_ask": "0.7"}, {"asset_id": "103315802636477709585051407132235873504885885159504812994283629225150005412508", "price": "0.92", "size": "600", "side": "SELL", "hash": "fc7b6ff2fb74cf1cf7e1376037d5f2dfbb330338", "best_bid": "0.3", "best_ask": "0.4"}], "timestamp": "1769384090411", "event_type": "price_change"}}
{"_local_timestamp": "2026-01-25T23:34:51.309744+00:00", "data": {"market": "0x3421d76e255190064bff57e8d27d3a3fedc0d4a620c7055958f206f428ee0be1", "price_changes": [{"asset_id": "81852449125816458832954503084733816912857404751370673968752277659227044513814", "price": "0.13", "size": "100", "side": "BUY", "hash": "857e5c82847d9963f82a6a84f7aa32d7bc398fd7", "best_bid": "0.6", "best_ask": "0.7"}, {"asset_id": "103315802636477709585051407132235873504885885159504812994283629225150005412508", "price": "0.87", "size": "100", "side": "SELL", "hash": "b212be57d0f726676b4fa7538ef13bb651579583", "best_bid": "0.3", "best_ask": "0.4"}], "timestamp": "1769384090464", "event_type": "price_change"}}
{"_local_timestamp": "2026-01-25T23:34:51.557254+00:00", "data": {"market": "0x3421d76e255190064bff57e8d27d3a3fedc0d4a620c7055958f206f428ee0be1", "price_changes": [{"asset_id": "81852449125816458832954503084733816912857404751370673968752277659227044513814", "price": "0.08", "size": "200", "side": "BUY", "hash": "01dc18a6440f4fe1560eedc6c361a1aa8ac33253", "best_bid": "0.6", "best_ask": "0.7"}, {"asset_id": "103315802636477709585051407132235873504885885159504812994283629225150005412508", "price": "0.92", "size": "200", "side": "SELL", "hash": "54f26e696583559a8db3ae00a1b2995b58396158", "best_bid": "0.3", "best_ask": "0.4"}], "timestamp": "1769384090660", "event_type": "price_change"}}
{"_local_timestamp": "2026-01-25T23:34:51.557724+00:00", "data": {"market": "0x3421d76e255190064bff57e8d27d3a3fedc0d4a620c7055958f206f428ee0be1", "price_changes": [{"asset_id": "81852449125816458832954503084733816912857404751370673968752277659227044513814", "price": "0.13", "size": "500", "side": "BUY", "hash": "dd2d1cd18b14c689a366b4b00c8e178a1a5e863e", "best_bid": "0.6", "best_ask": "0.7"}, {"asset_id": "103315802636477709585051407132235873504885885159504812994283629225150005412508", "price": "0.87", "size": "500", "side": "SELL", "hash": "8884749806ac5c38e9885acdd11486429da1e544", "best_bid": "0.3", "best_ask": "0.4"}], "timestamp": "1769384090942", "event_type": "price_change"}}
{"_local_timestamp": "2026-01-25T23:34:56.677291+00:00", "data": {"market": "0x3421d76e255190064bff57e8d27d3a3fedc0d4a620c7055958f206f428ee0be1", "price_changes": [{"asset_id": "81852449125816458832954503084733816912857404751370673968752277659227044513814", "price": "0.08", "size": "100", "side": "BUY", "hash": "90e716962df2050ed61c96d479cb526ca5006593", "best_bid": "0.6", "best_ask": "0.7"}, {"asset_id": "103315802636477709585051407132235873504885885159504812994283629225150005412508", "price": "0.92", "size": "100", "side": "SELL", "hash": "d2a2b713ea0d99c6844c952b1af5b501ea29b854", "best_bid": "0.3", "best_ask": "0.4"}], "timestamp": "1769384096590", "event_type": "price_change"}}
{"_local_timestamp": "2026-01-25T23:34:56.746843+00:00", "data": {"market": "0x3421d76e255190064bff57e8d27d3a3fedc0d4a620c7055958f206f428ee0be1", "price_changes": [{"asset_id": "81852449125816458832954503084733816912857404751370673968752277659227044513814", "price": "0.09", "size": "0", "side": "BUY", "hash": "0a1539cddc06eb75460891b48bb7ec0c39e452c6", "best_bid": "0.6", "best_ask": "0.7"}, {"asset_id": "103315802636477709585051407132235873504885885159504812994283629225150005412508", "price": "0.91", "size": "0", "side": "SELL", "hash": "c72e133e3bddad961a3cb08721080f86591d8159", "best_bid": "0.3", "best_ask": "0.4"}], "timestamp": "1769384096672", "event_type": "price_change"}}
{"_local_timestamp": "2026-01-25T23:34:56.805964+00:00", "data": {"market": "0x3421d76e255190064bff57e8d27d3a3fedc0d4a620c7055958f206f428ee0be1", "price_changes": [{"asset_id": "81852449125816458832954503084733816912857404751370673968752277659227044513814", "price": "0.08", "size": "1370.1", "side": "BUY", "hash": "74e58a79c85765ff6f06095ba1a3a200c4e7a6ef", "best_bid": "0.6", "best_ask": "0.7"}, {"asset_id": "103315802636477709585051407132235873504885885159504812994283629225150005412508", "price": "0.92", "size": "1370.1", "side": "SELL", "hash": "781b222e599c5b952cab7e4a101af226e1450d33", "best_bid": "0.3", "best_ask": "0.4"}], "timestamp": "1769384096686", "event_type": "price_change"}}
{"_local_timestamp": "2026-01-25T23:34:56.806367+00:00", "data": {"market": "0x3421d76e255190064bff57e8d27d3a3fedc0d4a620c7055958f206f428ee0be1", "price_changes": [{"asset_id": "81852449125816458832954503084733816912857404751370673968752277659227044513814", "price": "0.08", "size": "3367.21", "side": "BUY", "hash": "3aae29a78f4e12f043bdd0ff1366d944f593a9b6", "best_bid": "0.6", "best_ask": "0.7"}, {"asset_id": "103315802636477709585051407132235873504885885159504812994283629225150005412508", "price": "0.92", "size": "3367.21", "side": "SELL", "hash": "9ee7321a572da214ae5074fa0284e1708e80500b", "best_bid": "0.3", "best_ask": "0.4"}], "timestamp": "1769384096688", "event_type": "price_change"}}
{"_local_timestamp": "2026-01-25T23:34:56.807143+00:00", "data": {"market": "0x3421d76e255190064bff57e8d27d3a3fedc0d4a620c7055958f206f428ee0be1", "price_changes": [{"asset_id": "81852449125816458832954503084733816912857404751370673968752277659227044513814", "price": "0.08", "size": "4257.32", "side": "BUY", "hash": "72d574d5d02ae2d814c1f615419dda99eba43952", "best_bid": "0.6", "best_ask": "0.7"}, {"asset_id": "103315802636477709585051407132235873504885885159504812994283629225150005412508", "price": "0.92", "size": "4257.32", "side": "SELL", "hash": "c9ce905c0cb3694e6f74e0d595b4f0ae04a01bb0", "best_bid": "0.3", "best_ask": "0.4"}], "timestamp": "1769384096691", "event_type": "price_change"}}
{"_local_timestamp": "2026-01-25T23:34:56.883034+00:00", "data": {"market": "0x3421d76e255190064bff57e8d27d3a3fedc0d4a620c7055958f206f428ee0be1", "price_changes": [{"asset_id": "81852449125816458832954503084733816912857404751370673968752277659227044513814", "price": "0.6", "size": "0", "side": "BUY", "hash": "9ea646de699af0280f3448fd7ed9de2f89813a57", "best_bid": "0.59", "best_ask": "0.7"}, {"asset_id": "103315802636477709585051407132235873504885885159504812994283629225150005412508", "price": "0.4", "size": "0", "side": "SELL", "hash": "142536643ef5e0360543885abf859ad92f06b8b8", "best_bid": "0.3", "best_ask": "0.41"}], "timestamp": "1769384096747", "event_type": "price_change"}}
{"_local_timestamp": "2026-01-25T23:34:56.925511+00:00", "data": {"market": "0x3421d76e255190064bff57e8d27d3a3fedc0d4a620c7055958f206f428ee0be1", "price_changes": [{"asset_id": "81852449125816458832954503084733816912857404751370673968752277659227044513814", "price": "0.13", "size": "600", "side": "BUY", "hash": "fd32c2d3c8332e0f4751144ca9ad883465ae72b7", "best_bid": "0.59", "best_ask": "0.7"}, {"asset_id": "103315802636477709585051407132235873504885885159504812994283629225150005412508", "price": "0.87", "size": "600", "side": "SELL", "hash": "d55413f0564b4da03ab38e8f9f7a1971bde6e41c", "best_bid": "0.3", "best_ask": "0.41"}], "timestamp": "1769384096845", "event_type": "price_change"}}
{"_local_timestamp": "2026-01-25T23:34:56.969420+00:00", "data": {"market": "0x3421d76e255190064bff57e8d27d3a3fedc0d4a620c7055958f206f428ee0be1", "price_changes": [{"asset_id": "81852449125816458832954503084733816912857404751370673968752277659227044513814", "price": "0.6", "size": "17", "side": "BUY", "hash": "b0a50febabd8cfe0ab6d7b288849e5127a6d1fdc", "best_bid": "0.6", "best_ask": "0.7"}, {"asset_id": "103315802636477709585051407132235873504885885159504812994283629225150005412508", "price": "0.4", "size": "17", "side": "SELL", "hash": "7b9a717be1abb16404213620dba310e40bf66de2", "best_bid": "0.3", "best_ask": "0.4"}], "timestamp": "1769384096893", "event_type": "price_change"}}
{"_local_timestamp": "2026-01-25T23:35:01.811427+00:00", "data": {"market": "0x3421d76e255190064bff57e8d27d3a3fedc0d4a620c7055958f206f428ee0be1", "price_changes": [{"asset_id": "81852449125816458832954503084733816912857404751370673968752277659227044513814", "price": "0.08", "size": "4157.32", "side": "BUY", "hash": "f3b2474c19ad761dc879caa780c044a766fac32c", "best_bid": "0.6", "best_ask": "0.7"}, {"asset_id": "103315802636477709585051407132235873504885885159504812994283629225150005412508", "price": "0.92", "size": "4157.32", "side": "SELL", "hash": "6c2e22319d8d5f2895d0ce9cb67df0e72cca8b3d", "best_bid": "0.3", "best_ask": "0.4"}], "timestamp": "1769384101738", "event_type": "price_change"}}
{"_local_timestamp": "2026-01-25T23:35:01.955047+00:00", "data": {"market": "0x3421d76e255190064bff57e8d27d3a3fedc0d4a620c7055958f206f428ee0be1", "price_changes": [{"asset_id": "81852449125816458832954503084733816912857404751370673968752277659227044513814", "price": "0.14", "size": "1997.11", "side": "BUY", "hash": "f2ed7dd863435b80b0a0f7777aabbbfd9027576e", "best_bid": "0.6", "best_ask": "0.7"}, {"asset_id": "103315802636477709585051407132235873504885885159504812994283629225150005412508", "price": "0.86", "size": "1997.11", "side": "SELL", "hash": "27c1046c0b23357b27d59cdf6381f02189441950", "best_bid": "0.3", "best_ask": "0.4"}], "timestamp": "1769384101888", "event_type": "price_change"}}
{"_local_timestamp": "2026-01-25T23:35:01.955509+00:00", "data": {"market": "0x3421d76e255190064bff57e8d27d3a3fedc0d4a620c7055958f206f428ee0be1", "price_changes": [{"asset_id": "81852449125816458832954503084733816912857404751370673968752277659227044513814", "price": "0.14", "size": "2887.22", "side": "BUY", "hash": "a0b27d53ad086bdd2d5c743c929f7b042baaa398", "best_bid": "0.6", "best_ask": "0.7"}, {"asset_id": "103315802636477709585051407132235873504885885159504812994283629225150005412508", "price": "0.86", "size": "2887.22", "side": "SELL", "hash": "737f5601b2f2bad1277de2b14432b799c22935c9", "best_bid": "0.3", "best_ask": "0.4"}], "timestamp": "1769384101888", "event_type": "price_change"}}
{"_local_timestamp": "2026-01-25T23:35:01.963365+00:00", "data": {"market": "0x3421d76e255190064bff57e8d27d3a3fedc0d4a620c7055958f206f428ee0be1", "price_changes": [{"asset_id": "81852449125816458832954503084733816912857404751370673968752277659227044513814", "price": "0.14", "size": "4157.32", "side": "BUY", "hash": "78e74287f0e27306bb50bbd1541f9eb50197fabb", "best_bid": "0.6", "best_ask": "0.7"}, {"asset_id": "103315802636477709585051407132235873504885885159504812994283629225150005412508", "price": "0.86", "size": "4157.32", "side": "SELL", "hash": "48f83e6ff51c33c11d9e990a84ee75715ea55a37", "best_bid": "0.3", "best_ask": "0.4"}], "timestamp": "1769384101889", "event_type": "price_change"}}
{"_local_timestamp": "2026-01-25T23:35:02.002857+00:00", "data": {"market": "0x3421d76e255190064bff57e8d27d3a3fedc0d4a620c7055958f206f428ee0be1", "price_changes": [{"asset_id": "81852449125816458832954503084733816912857404751370673968752277659227044513814", "price": "0.08", "size": "0", "side": "BUY", "hash": "48bdaa08649f793bb0c1afc6877fc77714828acc", "best_bid": "0.6", "best_ask": "0.7"}, {"asset_id": "103315802636477709585051407132235873504885885159504812994283629225150005412508", "price": "0.92", "size": "0", "side": "SELL", "hash": "6a6a2bc7635123cfdcc6831367794146e9667717", "best_bid": "0.3", "best_ask": "0.4"}], "timestamp": "1769384101917", "event_type": "price_change"}}
{"_local_timestamp": "2026-01-25T23:35:02.100109+00:00", "data": {"market": "0x3421d76e255190064bff57e8d27d3a3fedc0d4a620c7055958f206f428ee0be1", "price_changes": [{"asset_id": "81852449125816458832954503084733816912857404751370673968752277659227044513814", "price": "0.13", "size": "700", "side": "BUY", "hash": "cee303a910aa6fc508d2f56f5b74c4917d688462", "best_bid": "0.6", "best_ask": "0.7"}, {"asset_id": "103315802636477709585051407132235873504885885159504812994283629225150005412508", "price": "0.87", "size": "700", "side": "SELL", "hash": "715f105911db610a680744e3e9ebf8ebb14c5b8b", "best_bid": "0.3", "best_ask": "0.4"}], "timestamp": "1769384102011", "event_type": "price_change"}}
{"_local_timestamp": "2026-01-25T23:35:12.486377+00:00", "data": {"market": "0x3421d76e255190064bff57e8d27d3a3fedc0d4a620c7055958f206f428ee0be1", "price_changes": [{"asset_id": "81852449125816458832954503084733816912857404751370673968752277659227044513814", "price": "0.13", "size": "300", "side": "BUY", "hash": "7e0f37733d901d32dbca737f3405d012fe9edd0b", "best_bid": "0.6", "best_ask": "0.7"}, {"asset_id": "103315802636477709585051407132235873504885885159504812994283629225150005412508", "price": "0.87", "size": "300", "side": "SELL", "hash": "adc37cf41b3ba41ff526cf160b1df6f3a17c6519", "best_bid": "0.3", "best_ask": "0.4"}], "timestamp": "1769384112422", "event_type": "price_change"}}
{"_local_timestamp": "2026-01-25T23:35:12.808256+00:00", "data": {"market": "0x3421d76e255190064bff57e8d27d3a3fedc0d4a620c7055958f206f428ee0be1", "price_changes": [{"asset_id": "81852449125816458832954503084733816912857404751370673968752277659227044513814", "price": "0.08", "size": "400", "side": "BUY", "hash": "2b495584f97ca5af6063c4491adec6aa5aac14ce", "best_bid": "0.6", "best_ask": "0.7"}, {"asset_id": "103315802636477709585051407132235873504885885159504812994283629225150005412508", "price": "0.92", "size": "400", "side": "SELL", "hash": "a7c2f11356a82fbe240292b59018375dc21ad463", "best_bid": "0.3", "best_ask": "0.4"}], "timestamp": "1769384112713", "event_type": "price_change"}}
{"_local_timestamp": "2026-01-25T23:35:12.826247+00:00", "data": {"market": "0x3421d76e255190064bff57e8d27d3a3fedc0d4a620c7055958f206f428ee0be1", "price_changes": [{"asset_id": "81852449125816458832954503084733816912857404751370673968752277659227044513814", "price": "0.08", "size": "1290.11", "side": "BUY", "hash": "9b7014ddc018ceac7f10416f3856beba0820ee77", "best_bid": "0.6", "best_ask": "0.7"}, {"asset_id": "103315802636477709585051407132235873504885885159504812994283629225150005412508", "price": "0.92", "size": "1290.11", "side": "SELL", "hash": "830654d1e9cd5ef6c00ea88a2f1f29eea6267cdc", "best_bid": "0.3", "best_ask": "0.4"}], "timestamp": "1769384112751", "event_type": "price_change"}}
{"_local_timestamp": "2026-01-25T23:35:12.826986+00:00", "data": {"market": "0x3421d76e255190064bff57e8d27d3a3fedc0d4a620c7055958f206f428ee0be1", "price_changes": [{"asset_id": "81852449125816458832954503084733816912857404751370673968752277659227044513814", "price": "0.08", "size": "2560.21", "side": "BUY", "hash": "892b07ac2dceb0c36a09b98873f768441ca300cc", "best_bid": "0.6", "best_ask": "0.7"}, {"asset_id": "103315802636477709585051407132235873504885885159504812994283629225150005412508", "price": "0.92", "size": "2560.21", "side": "SELL", "hash": "fee156d103861c0d549125fac813997772246de8", "best_bid": "0.3", "best_ask": "0.4"}], "timestamp": "1769384112751", "event_type": "price_change"}}
{"_local_timestamp": "2026-01-25T23:35:12.850716+00:00", "data": {"market": "0x3421d76e255190064bff57e8d27d3a3fedc0d4a620c7055958f206f428ee0be1", "price_changes": [{"asset_id": "81852449125816458832954503084733816912857404751370673968752277659227044513814", "price": "0.08", "size": "4557.32", "side": "BUY", "hash": "18442e8125edc3766d2786f7cd91af2e4e995b92", "best_bid": "0.6", "best_ask": "0.7"}, {"asset_id": "103315802636477709585051407132235873504885885159504812994283629225150005412508", "price": "0.92", "size": "4557.32", "side": "SELL", "hash": "d972bb0366c50aac15debaeab0060200cd06fe3e", "best_bid": "0.3", "best_ask": "0.4"}], "timestamp": "1769384112785", "event_type": "price_change"}}
{"_local_timestamp": "2026-01-25T23:35:26.856450+00:00", "data": {"market": "0x3421d76e255190064bff57e8d27d3a3fedc0d4a620c7055958f206f428ee0be1", "price_changes": [{"asset_id": "81852449125816458832954503084733816912857404751370673968752277659227044513814", "price": "0.13", "size": "200", "side": "BUY", "hash": "050526dfc61e7ec33b366b37b2f7a3941f395e6b", "best_bid": "0.6", "best_ask": "0.7"}, {"asset_id": "103315802636477709585051407132235873504885885159504812994283629225150005412508", "price": "0.87", "size": "200", "side": "SELL", "hash": "59865018ba10e19ec33c819c7dfbfd60fd7c1edf", "best_bid": "0.3", "best_ask": "0.4"}], "timestamp": "1769384126688", "event_type": "price_change"}}
{"_local_timestamp": "2026-01-25T23:35:27.206121+00:00", "data": {"market": "0x3421d76e255190064bff57e8d27d3a3fedc0d4a620c7055958f206f428ee0be1", "price_changes": [{"asset_id": "81852449125816458832954503084733816912857404751370673968752277659227044513814", "price": "0.14", "size": "0", "side": "BUY", "hash": "c3e58ff109ee19ba2415ad9ed19889ff6ba499cf", "best_bid": "0.6", "best_ask": "0.7"}, {"asset_id": "103315802636477709585051407132235873504885885159504812994283629225150005412508", "price": "0.86", "size": "0", "side": "SELL", "hash": "248325d3d6e3d222c1df0a5d62a077a3c35011ec", "best_bid": "0.3", "best_ask": "0.4"}], "timestamp": "1769384126933", "event_type": "price_change"}}
{"_local_timestamp": "2026-01-25T23:35:27.232976+00:00", "data": {"market": "0x3421d76e255190064bff57e8d27d3a3fedc0d4a620c7055958f206f428ee0be1", "price_changes": [{"asset_id": "81852449125816458832954503084733816912857404751370673968752277659227044513814", "price": "0.08", "size": "4657.32", "side": "BUY", "hash": "d903c5356bf7f0bcad44dbef03ef07e5ab179d26", "best_bid": "0.6", "best_ask": "0.7"}, {"asset_id": "103315802636477709585051407132235873504885885159504812994283629225150005412508", "price": "0.92", "size": "4657.32", "side": "SELL", "hash": "c50be999ea3b035d003c4ee53074fe269c3a99e1", "best_bid": "0.3", "best_ask": "0.4"}], "timestamp": "1769384126958", "event_type": "price_change"}}
{"_local_timestamp": "2026-01-25T23:35:27.354608+00:00", "data": {"market": "0x3421d76e255190064bff57e8d27d3a3fedc0d4a620c7055958f206f428ee0be1", "price_changes": [{"asset_id": "81852449125816458832954503084733816912857404751370673968752277659227044513814", "price": "0.6", "size": "0", "side": "BUY", "hash": "e939b36978834a3678fcc3c26c988e0533d822f7", "best_bid": "0.59", "best_ask": "0.7"}, {"asset_id": "103315802636477709585051407132235873504885885159504812994283629225150005412508", "price": "0.4", "size": "0", "side": "SELL", "hash": "ea03dca65b3c826f898af80d892284aed2c63ca7", "best_bid": "0.3", "best_ask": "0.41"}], "timestamp": "1769384127191", "event_type": "price_change"}}
{"_local_timestamp": "2026-01-25T23:35:27.506560+00:00", "data": {"market": "0x3421d76e255190064bff57e8d27d3a3fedc0d4a620c7055958f206f428ee0be1", "price_changes": [{"asset_id": "81852449125816458832954503084733816912857404751370673968752277659227044513814", "price": "0.6", "size": "17", "side": "BUY", "hash": "5f468c65450871a588e4b12d4277eedf4e895bc4", "best_bid": "0.6", "best_ask": "0.7"}, {"asset_id": "103315802636477709585051407132235873504885885159504812994283629225150005412508", "price": "0.4", "size": "17", "side": "SELL", "hash": "1151b8ba99d920b5d4d5035fd765efa87bbaf54d", "best_bid": "0.3", "best_ask": "0.4"}], "timestamp": "1769384127413", "event_type": "price_change"}}
{"_local_timestamp": "2026-01-25T23:35:28.348393+00:00", "data": {"market": "0x3421d76e255190064bff57e8d27d3a3fedc0d4a620c7055958f206f428ee0be1", "price_changes": [{"asset_id": "81852449125816458832954503084733816912857404751370673968752277659227044513814", "price": "0.13", "size": "100", "side": "BUY", "hash": "51e16ab9f0ea6790afdf0c14dfa030f0f85173f4", "best_bid": "0.6", "best_ask": "0.7"}, {"asset_id": "103315802636477709585051407132235873504885885159504812994283629225150005412508", "price": "0.87", "size": "100", "side": "SELL", "hash": "82891c1dc5e94d50cb5be4e505b641aa2b50e1b8", "best_bid": "0.3", "best_ask": "0.4"}], "timestamp": "1769384128275", "event_type": "price_change"}}
{"_local_timestamp": "2026-01-25T23:35:28.619252+00:00", "data": {"market": "0x3421d76e255190064bff57e8d27d3a3fedc0d4a620c7055958f206f428ee0be1", "price_changes": [{"asset_id": "81852449125816458832954503084733816912857404751370673968752277659227044513814", "price": "0.14", "size": "100", "side": "BUY", "hash": "12382338311ea8c4e23126c0eb1023005a6e3c31", "best_bid": "0.6", "best_ask": "0.7"}, {"asset_id": "103315802636477709585051407132235873504885885159504812994283629225150005412508", "price": "0.86", "size": "100", "side": "SELL", "hash": "0ce2f394740d444eda77cc43834a12823925d248", "best_bid": "0.3", "best_ask": "0.4"}], "timestamp": "1769384128551", "event_type": "price_change"}}
{"_local_timestamp": "2026-01-25T23:35:32.930495+00:00", "data": {"market": "0x3421d76e255190064bff57e8d27d3a3fedc0d4a620c7055958f206f428ee0be1", "price_changes": [{"asset_id": "81852449125816458832954503084733816912857404751370673968752277659227044513814", "price": "0.13", "size": "0", "side": "BUY", "hash": "a62db2b862e741c8a9aa836e7c989b86c4fe65e5", "best_bid": "0.6", "best_ask": "0.7"}, {"asset_id": "103315802636477709585051407132235873504885885159504812994283629225150005412508", "price": "0.87", "size": "0", "side": "SELL", "hash": "af14d9120f1069fcb826e219db01111516747572", "best_bid": "0.3", "best_ask": "0.4"}], "timestamp": "1769384132835", "event_type": "price_change"}}
{"_local_timestamp": "2026-01-25T23:35:33.190780+00:00", "data": {"market": "0x3421d76e255190064bff57e8d27d3a3fedc0d4a620c7055958f206f428ee0be1", "price_changes": [{"asset_id": "81852449125816458832954503084733816912857404751370673968752277659227044513814", "price": "0.14", "size": "200", "side": "BUY", "hash": "8fc1a1c6fe5fcf1f293e7d017f8084522d8f042b", "best_bid": "0.6", "best_ask": "0.7"}, {"asset_id": "103315802636477709585051407132235873504885885159504812994283629225150005412508", "price": "0.86", "size": "200", "side": "SELL", "hash": "fcfa56c4f56ef2d2540134309edd2dd33a7d250f", "best_bid": "0.3", "best_ask": "0.4"}], "timestamp": "1769384133099", "event_type": "price_change"}}
{"_local_timestamp": "2026-01-25T23:35:35.808232+00:00", "data": {"market": "0x3421d76e255190064bff57e8d27d3a3fedc0d4a620c7055958f206f428ee0be1", "price_changes": [{"asset_id": "81852449125816458832954503084733816912857404751370673968752277659227044513814", "price": "0.2", "size": "325", "side": "BUY", "hash": "7cda88ffecbdb6cb95a597972c9551a4c6aed807", "best_bid": "0.6", "best_ask": "0.7"}, {"asset_id": "103315802636477709585051407132235873504885885159504812994283629225150005412508", "price": "0.8", "size": "325", "side": "SELL", "hash": "726a36d10c3a20cc4ccf10660580166f7f20b028", "best_bid": "0.3", "best_ask": "0.4"}], "timestamp": "1769384135741", "event_type": "price_change"}}
{"_local_timestamp": "2026-01-25T23:35:36.062817+00:00", "data": {"market": "0x3421d76e255190064bff57e8d27d3a3fedc0d4a620c7055958f206f428ee0be1", "price_changes": [{"asset_id": "81852449125816458832954503084733816912857404751370673968752277659227044513814", "price": "0.14", "size": "400", "side": "BUY", "hash": "2af03530f982c6afe88da97d1afb4446e7a30f21", "best_bid": "0.6", "best_ask": "0.7"}, {"asset_id": "103315802636477709585051407132235873504885885159504812994283629225150005412508", "price": "0.86", "size": "400", "side": "SELL", "hash": "040dba9941890956af65e98a3499a5d6c020b6fe", "best_bid": "0.3", "best_ask": "0.4"}], "timestamp": "1769384135998", "event_type": "price_change"}}
