{"_local_timestamp": "2026-01-25T23:34:17.531985+00:00", "data": [{"market": "0xfaba55442a17a201a46f7ac19fd9394364f04959cdebfa420bc0c5ab2da00f59", "asset_id": "76829378806632943504106553503686063944439990588195206882350689917773385019771", "timestamp": "1769384047138", "hash": "2a66f381fd6526a601c7d7fbb01ba1008fa3ccf5", "bids": [{"price": "0.01", "size": "8888.99"}, {"price": "0.02", "size": "2100"}, {"price": "0.03", "size": "9.24"}, {"price": "0.07", "size": "1700"}, {"price": "0.08", "size": "600"}, {"price": "0.09", "size": "4164.25"}, {"price": "0.11", "size": "100"}, {"price": "0.15", "size": "250"}, {"price": "0.2", "size": "400"}, {"price": "0.32", "size": "300"}, {"price": "0.36", "size": "200"}, {"price": "0.39", "size": "125"}, {"price": "0.42", "size": "75"}, {"price": "0.5", "size": "10"}, {"price": "0.51", "size": "1090.11"}, {"price": "0.52", "size": "890.11"}, {"price": "0.58", "size": "100"}, {"price": "0.64", "size": "10"}, {"price": "0.65", "size": "147"}], "asks": [{"price": "0.99", "size": "4442.84"}, {"price": "0.98", "size": "19.96"}, {"price": "0.94", "size": "500"}, {"price": "0.93", "size": "1090.11"}, {"price": "0.92", "size": "890.11"}, {"price": "0.91", "size": "6.06"}, {"price": "0.87", "size": "310"}, {"price": "0.82", "size": "150"}, {"price": "0.81", "size": "10"}], "event_type": "book", "last_trade_price": "0.610"}, {"market": "0x1d6d4f714e1be97bfd2a112c13ced647780bd0829b3e545910c1091757b18c81", "asset_id": "94751106162810758469635598299477140880810029265761105387257884537048035917975", "timestamp": "1769383972889", "hash": "392810b7efd9ae333548a52b958b06ea6c7e4692", "bids": [{"price": "0.01", "size": "11347.92"}, {"price": "0.02", "size": "260.17"}, {"price": "0.03", "size": "52.57"}], "asks": [{"price": "0.99", "size": "11341.33"}, {"price": "0.98", "size": "42.6"}, {"price": "0.94", "size": "250"}, {"price": "0.93", "size": "5.47"}], "event_type": "book", "last_trade_price": ""}, {"market": "0xc1977bee61f67d9d6cea3f7b16d094896bdb1faefa0f9df9ea0a067daab48981", "asset_id": "9107106424097962766712091054809455692614685520938052843170925105261136451803", "timestamp": "1769383981299", "hash": "8a020cb7d39a7e15611bc2ca71bca612a5f8e4c3", "bids": [{"price": "0.01", "size": "11300.08"}, {"price": "0.02", "size": "1050.59"}, {"price": "0.03", "size": "81.65"}, {"price": "0.04", "size": "39.24"}], "asks": [{"price": "0.99", "size": "10402.72"}, {"price": "0.98", "size": "157.03"}, {"price": "0.97", "size": "23.71"}, {"price": "0.94", "size": "1140.11"}, {"price": "0.93", "size": "895.58"}], "event_type": "book", "last_trade_price": ""}, {"market": "0xfaba55442a17a201a46f7ac19fd9394364f04959cdebfa420bc0c5ab2da00f59", "asset_id": "103206131584345534219777803662235735845312981950233075829729747631018349006817", "timestamp": "1769384047138", "hash": "c2115eed305909a134a348aa79c4622e5950c62d", "bids": [{"price": "0.01", "size": "4442.84"}, {"price": "0.02", "size": "19.96"}, {"price": "0.06", "size": "500"}, {"price": "0.07", "size": "1090.11"}, {"price": "0.08", "size": "890.11"}, {"price": "0.09", "size": "6.06"}, {"price": "0.13", "size": "310"}, {"price": "0.18", "size": "150"}, {"price": "0.19", "size": "10"}], "asks": [{"price": "0.99", "size": "8888.99"}, {"price": "0.98", "size": "2100"}, {"price": "0.97", "size": "9.24"}, {"price": "0.93", "size": "1700"}, {"price": "0.92", "size": "600"}, {"price": "0.91", "size": "4164.25"}, {"price": "0.89", "size": "100"}, {"price": "0.85", "size": "250"}, {"price": "0.8", "size": "400"}, {"price": "0.68", "size": "300"}, {"price": "0.64", "size": "200"}, {"price": "0.61", "size": "125"}, {"price": "0.58", "size": "75"}, {"price": "0.5", "size": "10"}, {"price": "0.49", "size": "1090.11"}, {"price": "0.48", "size": "890.11"}, {"price": "0.42", "size": "100"}, {"price": "0.36", "size": "10"}, {"price": "0.35", "size": "147"}], "event_type": "book", "last_trade_price": "0.610"}, {"market": "0x14a59fd43a48ef0bb90a5f63a6940fb6a62acf00f14710407cb340a6e555e427", "asset_id": "32309374624748192362666880759096858495442910952630564264751928146985382753863", "timestamp": "1769383875002", "hash": "c3afa3063769e19bba9f701b617c979bb65f2166", "bids": [{"price": "0.01", "size": "202.09"}, {"price": "0.02", "size": "160.48"}, {"price": "0.03", "size": "94.65"}, {"price": "0.04", "size": "9.25"}, {"price": "0.05", "size": "5.47"}], "asks": [{"price": "0.99", "size": "202.04"}, {"price": "0.98", "size": "217.48"}, {"price": "0.97", "size": "18.99"}, {"price": "0.96", "size": "29.99"}], "event_type": "book", "last_trade_price": ""}, {"market": "0x14a59fd43a48ef0bb90a5f63a6940fb6a62acf00f14710407cb340a6e555e427", "asset_id": "33860025332294261066339194986447657969774333993404072754488955408971762620870", "timestamp": "1769383875002", "hash": "7ccf8cd30697799ff07533445f6f6acd165e6286", "bids": [{"price": "0.01", "size": "202.04"}, {"price": "0.02", "size": "217.48"}, {"price": "0.03", "size": "18.99"}, {"price": "0.04", "size": "29.99"}], "asks": [{"price": "0.99", "size": "202.09"}, {"price": "0.98", "size": "160.48"}, {"price": "0.97", "size": "94.65"}, {"price": "0.96", "size": "9.25"}, {"price": "0.95", "size": "5.47"}], "event_type": "book", "last_trade_price": ""}, {"market": "0x1d6d4f714e1be97bfd2a112c13ced647780bd0829b3e545910c1091757b18c81", "asset_id": "33666667036043018404210254603112951549362289355609395556964374214631339766666", "timestamp": "1769383972889", "hash": "7db0dff9bbc5f18acb42c73c3ac0ff645565ac26", "bids": [{"price": "0.01", "size": "11341.33"}, {"price": "0.02", "size": "42.6"}, {"price": "0.06", "size": "250"}, {"price": "0.07", "size": "5.47"}], "asks": [{"price": "0.99", "size": "11347.92"}, {"price": "0.98", "size": "260.17"}, {"price": "0.97", "size": "52.57"}], "event_type": "book", "last_trade_price": ""}, {"market": "0xcbea6c3471ea8b215444d67f846b854e3521052ca81c5da54e28c67b75e2b4af", "asset_id": "107998120458739374164579880988037485263306867024048287454086251494415567001697", "timestamp": "1769383981552", "hash": "f55265fedc6992d6908fc679f5ec93e4bbd7306e", "bids": [{"price": "0.01", "size": "10457.81"}, {"price": "0.02", "size": "1150.28"}, {"price": "0.03", "size": "942.68"}], "asks": [{"price": "0.99", "size": "10451.22"}, {"price": "0.98", "size": "42.6"}, {"price": "0.94", "size": "1140.11"}, {"price": "0.93", "size": "895.58"}], "event_type": "book", "last_trade_price": ""}, {"market": "0xcbea6c3471ea8b215444d67f846b854e3521052ca81c5da54e28c67b75e2b4af", "asset_id": "33099871202932815813672406852650911685480454775588544697727678676727391722745", "timestamp": "1769383981552", "hash": "6928c6f9e66e82e2071f4334826dabf91652af23", "bids": [{"price": "0.01", "size": "10451.22"}, {"price": "0.02", "size": "42.6"}, {"price": "0.06", "size": "1140.11"}, {"price": "0.07", "size": "895.58"}], "asks": [{"price": "0.99", "size": "10457.81"}, {"price": "0.98", "size": "1150.28"}, {"price": "0.97", "size": "942.68"}], "event_type": "book", "last_trade_price": ""}, {"market": "0xc1977bee61f67d9d6cea3f7b16d094896bdb1faefa0f9df9ea0a067daab48981", "asset_id": "78110974122162464943361433845382554746323675076814300820011415551303694081660", "timestamp": "1769383981299", "hash": "a83e895882be1f79abe76ae168c18c8aa03b7e3e", "bids": [{"price": "0.01", "size": "10402.72"}, {"price": "0.02", "size": "157.03"}, {"price": "0.03", "size": "23.71"}, {"price": "0.06", "size": "1140.11"}, {"price": "0.07", "size": "895.58"}], "asks": [{"price": "0.99", "size": "11300.08"}, {"price": "0.98", "size": "1050.59"}, {"price": "0.97", "size": "81.65"}, {"price": "0.96", "size": "39.24"}], "event_type": "book", "last_trade_price": ""}]}
{"_local_timestamp": "2026-01-25T23:34:29.294671+00:00", "data": {"market": "0xfaba55442a17a201a46f7ac19fd9394364f04959cdebfa420bc0c5ab2da00f59", "price_changes": [{"asset_id": "76829378806632943504106553503686063944439990588195206882350689917773385019771", "price": "0.08", "size": "500", "side": "BUY", "hash": "307ad42a288d894cbb51f614b0a23b1964da1478", "best_bid": "0.65", "best_ask": "0.81"}, {"asset_id": "103206131584345534219777803662235735845312981950233075829729747631018349006817", "price": "0.92", "size": "500", "side": "SELL", "hash": "e5cff6b7dba4f8bec8039a6c302340d4b6437a61", "best_bid": "0.19", "best_ask": "0.35"}], "timestamp": "1769384069218", "event_type": "price_change"}}
{"_local_timestamp": "2026-01-25T23:34:29.328109+00:00", "data": {"market": "0xfaba55442a17a201a46f7ac19fd9394364f04959cdebfa420bc0c5ab2da00f59", "price_changes": [{"asset_id": "76829378806632943504106553503686063944439990588195206882350689917773385019771", "price": "0.08", "size": "1770.1", "side": "BUY", "hash": "c9faa253cf4602fc5c4edf18b28e49d916c6a4f6", "best_bid": "0.65", "best_ask": "0.81"}, {"asset_id": "103206131584345534219777803662235735845312981950233075829729747631018349006817", "price": "0.92", "size": "1770.1", "side": "SELL", "hash": "ca7fdd3c17a0f40e27b16a5f73da29b9551685a7", "best_bid": "0.19", "best_ask": "0.35"}], "timestamp": "1769384069258", "event_type": "price_change"}}
{"_local_timestamp": "2026-01-25T23:34:29.328681+00:00", "data": {"market": "0xfaba55442a17a201a46f7ac19fd9394364f04959cdebfa420bc0c5ab2da00f59", "price_changes": [{"asset_id": "76829378806632943504106553503686063944439990588195206882350689917773385019771", "price": "0.08", "size": "3767.21", "side": "BUY", "hash": "828de879995833e8d781bc8ba94b1e715f286009", "best_bid": "0.65", "best_ask": "0.81"}, {"asset_id": "103206131584345534219777803662235735845312981950233075829729747631018349006817", "price": "0.92", "size": "3767.21", "side": "SELL", "hash": "94826b7401799cdcb47f89805d827fb0218dd850", "best_bid": "0.19", "best_ask": "0.35"}], "timestamp": "1769384069259", "event_type": "price_change"}}
{"_local_timestamp": "2026-01-25T23:34:29.329054+00:00", "data": {"market": "0xfaba55442a17a201a46f7ac19fd9394364f04959cdebfa420bc0c5ab2da00f59", "price_changes": [{"asset_id": "76829378806632943504106553503686063944439990588195206882350689917773385019771", "price": "0.08", "size": "4657.32", "side": "BUY", "hash": "e432723b13ca9083ba541e05f491f7164703076d", "best_bid": "0.65", "best_ask": "0.81"}, {"asset_id": "103206131584345534219777803662235735845312981950233075829729747631018349006817", "price": "0.92", "size": "4657.32", "side": "SELL", "hash": "a386488f355aded8cdde7ef097f440176594cc48", "best_bid": "0.19", "best_ask": "0.35"}], "timestamp": "1769384069260", "event_type": "price_change"}}
{"_local_timestamp": "2026-01-25T23:34:29.555867+00:00", "data": {"market": "0xfaba55442a17a201a46f7ac19fd9394364f04959cdebfa420bc0c5ab2da00f59", "price_changes": [{"asset_id": "76829378806632943504106553503686063944439990588195206882350689917773385019771", "price": "0.09", "size": "4264.25", "side": "BUY", "hash": "7294090d5f853d3359017065c36e18e0e8ed4d52", "best_bid": "0.65", "best_ask": "0.81"}, {"asset_id": "103206131584345534219777803662235735845312981950233075829729747631018349006817", "price": "0.91", "size": "4264.25", "side": "SELL", "hash": "d04bae6e370ff09a261d0cc0197bff76a7dd7e27", "best_bid": "0.19", "best_ask": "0.35"}], "timestamp": "1769384069487", "event_type": "price_change"}}
{"_local_timestamp": "2026-01-25T23:34:29.563350+00:00", "data": {"market": "0xfaba55442a17a201a46f7ac19fd9394364f04959cdebfa420bc0c5ab2da00f59", "price_changes": [{"asset_id": "76829378806632943504106553503686063944439990588195206882350689917773385019771", "price": "0.09", "size": "10263.36", "side": "BUY", "hash": "0b2a9c031e451696057a26374c549e5fe0d46b6f", "best_bid": "0.65", "best_ask": "0.81"}, {"asset_id": "103206131584345534219777803662235735845312981950233075829729747631018349006817", "price": "0.91", "size": "10263.36", "side": "SELL", "hash": "b246d219a433c44100a9e33f7dbe2c26c76e6dad", "best_bid": "0.19", "best_ask": "0.35"}], "timestamp": "1769384069493", "event_type": "price_change"}}
{"_local_timestamp": "2026-01-25T23:34:30.016658+00:00", "data": {"market": "0xfaba55442a17a201a46f7ac19fd9394364f04959cdebfa420bc0c5ab2da00f59", "price_changes": [{"asset_id": "76829378806632943504106553503686063944439990588195206882350689917773385019771", "price": "0.08", "size": "4257.32", "side": "BUY", "hash": "b94f1a4832e2461dacc1786d785a504c2cf48b0b", "best_bid": "0.65", "best_ask": "0.81"}, {"asset_id": "103206131584345534219777803662235735845312981950233075829729747631018349006817", "price": "0.92", "size": "4257.32", "side": "SELL", "hash": "c7fa1fe34172819ce5e34d2cd17118601eb4369f", "best_bid": "0.19", "best_ask": "0.35"}], "timestamp": "1769384069833", "event_type": "price_change"}}
{"_local_timestamp": "2026-01-25T23:34:30.275112+00:00", "data": {"market": "0xfaba55442a17a201a46f7ac19fd9394364f04959cdebfa420bc0c5ab2da00f59", "price_changes": [{"asset_id": "76829378806632943504106553503686063944439990588195206882350689917773385019771", "price": "0.09", "size": "10663.36", "side": "BUY", "hash": "15b07047b82b16e4ac0d207bcb07baed61dcc384", "best_bid": "0.65", "best_ask": "0.81"}, {"asset_id": "103206131584345534219777803662235735845312981950233075829729747631018349006817", "price": "0.91", "size": "10663.36", "side": "SELL", "hash": "c761bca50cd48d5a209765b4c3bb70ef16cb90ae", "best_bid": "0.19", "best_ask": "0.35"}], "timestamp": "1769384070110", "event_type": "price_change"}}
{"_local_timestamp": "2026-01-25T23:34:31.807121+00:00", "data": {"market": "0xfaba55442a17a201a46f7ac19fd9394364f04959cdebfa420bc0c5ab2da00f59", "price_changes": [{"asset_id": "76829378806632943504106553503686063944439990588195206882350689917773385019771", "price": "0.11", "size": "0", "side": "BUY", "hash": "007a1db36b51e599bc075608dbb2966ffdf9cc14", "best_bid": "0.65", "best_ask": "0.81"}, {"asset_id": "103206131584345534219777803662235735845312981950233075829729747631018349006817", "price": "0.89", "size": "0", "side": "SELL", "hash": "48c601eb082bcfeebb6cb6fde08c5640df631034", "best_bid": "0.19", "best_ask": "0.35"}], "timestamp": "1769384071736", "event_type": "price_change"}}
{"_local_timestamp": "2026-01-25T23:34:32.197858+00:00", "data": {"market": "0xfaba55442a17a201a46f7ac19fd9394364f04959cdebfa420bc0c5ab2da00f59", "price_changes": [{"asset_id": "76829378806632943504106553503686063944439990588195206882350689917773385019771", "price": "0.09", "size": "10763.36", "side": "BUY", "hash": "9b66db12bffedd608e19a879d1177ad44197bfb8", "best_bid": "0.65", "best_ask": "0.81"}, {"asset_id": "103206131584345534219777803662235735845312981950233075829729747631018349006817", "price": "0.91", "size": "10763.36", "side": "SELL", "hash": "dcf79f48917d3ccf59ec6601814ff062bf5c9afb", "best_bid": "0.19", "best_ask": "0.35"}], "timestamp": "1769384072088", "event_type": "price_change"}}
{"_local_timestamp": "2026-01-25T23:34:32.315526+00:00", "data": {"market": "0xfaba55442a17a201a46f7ac19fd9394364f04959cdebfa420bc0c5ab2da00f59", "price_changes": [{"asset_id": "76829378806632943504106553503686063944439990588195206882350689917773385019771", "price": "0.09", "size": "606.93", "side": "BUY", "hash": "a0308fcbe4bb999828b415af9df0afabef18cb96", "best_bid": "0.65", "best_ask": "0.81"}, {"asset_id": "103206131584345534219777803662235735845312981950233075829729747631018349006817", "price": "0.91", "size": "606.93", "side": "SELL", "hash": "df8575972271e1848011d06058b8ace993e27abc", "best_bid": "0.19", "best_ask": "0.35"}], "timestamp": "1769384072182", "event_type": "price_change"}}
{"_local_timestamp": "2026-01-25T23:34:32.572356+00:00", "data": {"market": "0xfaba55442a17a201a46f7ac19fd9394364f04959cdebfa420bc0c5ab2da00f59", "price_changes": [{"asset_id": "76829378806632943504106553503686063944439990588195206882350689917773385019771", "price": "0.1", "size": "890.11", "side": "BUY", "hash": "167e8779615a71d1174d5024a4b3efeefeef18dd", "best_bid": "0.65", "best_ask": "0.81"}, {"asset_id": "103206131584345534219777803662235735845312981950233075829729747631018349006817", "price": "0.9", "size": "890.11", "side": "SELL", "hash": "dd6775f5fa8d6c64b0895ee0d41cdd3cf20cdf4b", "best_bid": "0.19", "best_ask": "0.35"}], "timestamp": "1769384072501", "event_type": "price_change"}}
{"_local_timestamp": "2026-01-25T23:34:32.573075+00:00", "data": {"market": "0xfaba55442a17a201a46f7ac19fd9394364f04959cdebfa420bc0c5ab2da00f59", "price_changes": [{"asset_id": "76829378806632943504106553503686063944439990588195206882350689917773385019771", "price": "0.1", "size": "2887.22", "side": "BUY", "hash": "892107cf6f9e6af87dff4db27d496450b911b82e", "best_bid": "0.65", "best_ask": "0.81"}, {"asset_id": "103206131584345534219777803662235735845312981950233075829729747631018349006817", "price": "0.9", "size": "2887.22", "side": "SELL", "hash": "16e866ba309a7ebdd9b8ebd251ef8a36670957b6", "best_bid": "0.19", "best_ask": "0.35"}], "timestamp": "1769384072503", "event_type": "price_change"}}
{"_local_timestamp": "2026-01-25T23:34:32.573737+00:00", "data": {"market": "0xfaba55442a17a201a46f7ac19fd9394364f04959cdebfa420bc0c5ab2da00f59", "price_changes": [{"asset_id": "76829378806632943504106553503686063944439990588195206882350689917773385019771", "price": "0.1", "size": "4157.32", "side": "BUY", "hash": "af0b985d6ba39deb298b92bb44b8f5514bdf65b7", "best_bid": "0.65", "best_ask": "0.81"}, {"asset_id": "103206131584345534219777803662235735845312981950233075829729747631018349006817", "price": "0.9", "size": "4157.32", "side": "SELL", "hash": "411e6977dfbfcd8a38782bd0fe9152d7b73722d2", "best_bid": "0.19", "best_ask": "0.35"}], "timestamp": "1769384072504", "event_type": "price_change"}}
{"_local_timestamp": "2026-01-25T23:34:50.262817+00:00", "data": {"market": "0xfaba55442a17a201a46f7ac19fd9394364f04959cdebfa420bc0c5ab2da00f59", "price_changes": [{"asset_id": "76829378806632943504106553503686063944439990588195206882350689917773385019771", "price": "0.08", "size": "4157.32", "side": "BUY", "hash": "94187d18e0c50d8e648a3f363b8c45f8b2474ca4", "best_bid": "0.65", "best_ask": "0.81"}, {"asset_id": "103206131584345534219777803662235735845312981950233075829729747631018349006817", "price": "0.92", "size": "4157.32", "side": "SELL", "hash": "771e189768b25c6766893a1b961fc26a7412a94d", "best_bid": "0.19", "best_ask": "0.35"}], "timestamp": "1769384090193", "event_type": "price_change"}}
{"_local_timestamp": "2026-01-25T23:34:50.423052+00:00", "data": {"market": "0xfaba55442a17a201a46f7ac19fd9394364f04959cdebfa420bc0c5ab2da00f59", "price_changes": [{"asset_id": "76829378806632943504106553503686063944439990588195206882350689917773385019771", "price": "0.08", "size": "0", "side": "BUY", "hash": "e78eb14d9a4f814a02de9973cd7f8b7e881c02ac", "best_bid": "0.65", "best_ask": "0.81"}, {"asset_id": "103206131584345534219777803662235735845312981950233075829729747631018349006817", "price": "0.92", "size": "0", "side": "SELL", "hash": "7e1b874c4f02fe84902bae9e5bef0674a1e7e693", "best_bid": "0.19", "best_ask": "0.35"}], "timestamp": "1769384090332", "event_type": "price_change"}}
{"_local_timestamp": "2026-01-25T23:34:50.877157+00:00", "data": {"market": "0xfaba55442a17a201a46f7ac19fd9394364f04959cdebfa420bc0c5ab2da00f59", "price_changes": [{"asset_id": "76829378806632943504106553503686063944439990588195206882350689917773385019771", "price": "0.1", "size": "4257.32", "side": "BUY", "hash": "395740fcde019f5facb727bc4fe59b615e0b8573", "best_bid": "0.65", "best_ask": "0.81"}, {"asset_id": "103206131584345534219777803662235735845312981950233075829729747631018349006817", "price": "0.9", "size": "4257.32", "side": "SELL", "hash": "e7704c1acdff952de38ed7f572fbfb57768b7635", "best_bid": "0.19", "best_ask": "0.35"}], "timestamp": "1769384090478", "event_type": "price_change"}}
{"_local_timestamp": "2026-01-25T23:34:50.877555+00:00", "data": {"market": "0xfaba55442a17a201a46f7ac19fd9394364f04959cdebfa420bc0c5ab2da00f59", "price_changes": [{"asset_id": "76829378806632943504106553503686063944439990588195206882350689917773385019771", "price": "0.09", "size": "206.93", "side": "BUY", "hash": "a610cef6deaa79feec6259cd856f2ab538c0e29e", "best_bid": "0.65", "best_ask": "0.81"}, {"asset_id": "103206131584345534219777803662235735845312981950233075829729747631018349006817", "price": "0.91", "size": "206.93", "side": "SELL", "hash": "2509a93a7b6796fea7ea1f6cdd161071f0102d81", "best_bid": "0.19", "best_ask": "0.35"}], "timestamp": "1769384090679", "event_type": "price_change"}}
{"_local_timestamp": "2026-01-25T23:34:50.877852+00:00", "data": {"market": "0xfaba55442a17a201a46f7ac19fd9394364f04959cdebfa420bc0c5ab2da00f59", "price_changes": [{"asset_id": "76829378806632943504106553503686063944439990588195206882350689917773385019771", "price": "0.08", "size": "1270.1", "side": "BUY", "hash": "d50bffbadfcc9e4994cf2e8df58e5d2f86216092", "best_bid": "0.65", "best_ask": "0.81"}, {"asset_id": "103206131584345534219777803662235735845312981950233075829729747631018349006817", "price": "0.92", "size": "1270.1", "side": "SELL", "hash": "49b3bee97c434bccdf910dcd024e5bf8903cf51d", "best_bid": "0.19", "best_ask": "0.35"}], "timestamp": "1769384090792", "event_type": "price_change"}}
{"_local_timestamp": "2026-01-25T23:34:50.878153+00:00", "data": {"market": "0xfaba55442a17a201a46f7ac19fd9394364f04959cdebfa420bc0c5ab2da00f59", "price_changes": [{"asset_id": "76829378806632943504106553503686063944439990588195206882350689917773385019771", "price": "0.08", "size": "2160.21", "side": "BUY", "hash": "a6c3278868c4be62a18e041f964b8aae26163e4f", "best_bid": "0.65", "best_ask": "0.81"}, {"asset_id": "103206131584345534219777803662235735845312981950233075829729747631018349006817", "price": "0.92", "size": "2160.21", "side": "SELL", "hash": "4ba585997ea80bbe985dbff93a2c8de1f594ca00", "best_bid": "0.19", "best_ask": "0.35"}], "timestamp": "1769384090792", "event_type": "price_change"}}
{"_local_timestamp": "2026-01-25T23:34:50.878443+00:00", "data": {"market": "0xfaba55442a17a201a46f7ac19fd9394364f04959cdebfa420bc0c5ab2da00f59", "price_changes": [{"asset_id": "76829378806632943504106553503686063944439990588195206882350689917773385019771", "price": "0.08", "size": "4157.32", "side": "BUY", "hash": "8a393afc5aa74c10e7688f9ab272005df27bcb1c", "best_bid": "0.65", "best_ask": "0.81"}, {"asset_id": "103206131584345534219777803662235735845312981950233075829729747631018349006817", "price": "0.92", "size": "4157.32", "side": "SELL", "hash": "2a5390d55b4a0fadfba9216142aa5f1c1120d431", "best_bid": "0.19", "best_ask": "0.35"}], "timestamp": "1769384090793", "event_type": "price_change"}}
{"_local_timestamp": "2026-01-25T23:34:51.004953+00:00", "data": {"market": "0xfaba55442a17a201a46f7ac19fd9394364f04959cdebfa420bc0c5ab2da00f59", "price_changes": [{"asset_id": "76829378806632943504106553503686063944439990588195206882350689917773385019771", "price": "0.1", "size": "4657.32", "side": "BUY", "hash": "94d408d7cdefd81432d65f0bbfc7e63259044075", "best_bid": "0.65", "best_ask": "0.81"}, {"asset_id": "103206131584345534219777803662235735845312981950233075829729747631018349006817", "price": "0.9", "size": "4657.32", "side": "SELL", "hash": "d7d6e303b5336cbf827913ff217bf118fe84b3c3", "best_bid": "0.19", "best_ask": "0.35"}], "timestamp": "1769384090934", "event_type": "price_change"}}
{"_local_timestamp": "2026-01-25T23:34:56.662881+00:00", "data": {"market": "0xfaba55442a17a201a46f7ac19fd9394364f04959cdebfa420bc0c5ab2da00f59", "price_changes": [{"asset_id": "76829378806632943504106553503686063944439990588195206882350689917773385019771", "price": "0.09", "size": "106.93", "side": "BUY", "hash": "8b27cebdb8c9ceecc0208b9f53616dd7f93c359b", "best_bid": "0.65", "best_ask": "0.81"}, {"asset_id": "103206131584345534219777803662235735845312981950233075829729747631018349006817", "price": "0.91", "size": "106.93", "side": "SELL", "hash": "fe086a6f2ab2b866982fe8756cc47b11d1144ecc", "best_bid": "0.19", "best_ask": "0.35"}], "timestamp": "1769384096592", "event_type": "price_change"}}
{"_local_timestamp": "2026-01-25T23:34:56.746259+00:00", "data": {"market": "0xfaba55442a17a201a46f7ac19fd9394364f04959cdebfa420bc0c5ab2da00f59", "price_changes": [{"asset_id": "76829378806632943504106553503686063944439990588195206882350689917773385019771", "price": "0.1", "size": "1390.11", "side": "BUY", "hash": "e266c5e7dc4fab94a63b299fecbc2314238ccda0", "best_bid": "0.65", "best_ask": "0.81"}, {"asset_id": "103206131584345534219777803662235735845312981950233075829729747631018349006817", "price": "0.9", "size": "1390.11", "side": "SELL", "hash": "967a97dbad9c19413f002231b1623c7948b31c30", "best_bid": "0.19", "best_ask": "0.35"}], "timestamp": "1769384096672", "event_type": "price_change"}}
{"_local_timestamp": "2026-01-25T23:34:56.829425+00:00", "data": {"market": "0xfaba55442a17a201a46f7ac19fd9394364f04959cdebfa420bc0c5ab2da00f59", "price_changes": [{"asset_id": "76829378806632943504106553503686063944439990588195206882350689917773385019771", "price": "0.1", "size": "500", "side": "BUY", "hash": "b8502e8c0effa506e44a150f9efb466dba066985", "best_bid": "0.65", "best_ask": "0.81"}, {"asset_id": "103206131584345534219777803662235735845312981950233075829729747631018349006817", "price": "0.9", "size": "500", "side": "SELL", "hash": "e2e2a522cc0865fe7933f7bfc470bfda6fcf9ec7", "best_bid": "0.19", "best_ask": "0.35"}], "timestamp": "1769384096758", "event_type": "price_change"}}
{"_local_timestamp": "2026-01-25T23:34:56.838969+00:00", "data": {"market": "0xfaba55442a17a201a46f7ac19fd9394364f04959cdebfa420bc0c5ab2da00f59", "price_changes": [{"asset_id": "76829378806632943504106553503686063944439990588195206882350689917773385019771", "price": "0.11", "size": "890.11", "side": "BUY", "hash": "3c99e52a310d325d8d13a8b00a618533a78c279c", "best_bid": "0.65", "best_ask": "0.81"}, {"asset_id": "103206131584345534219777803662235735845312981950233075829729747631018349006817", "price": "0.89", "size": "890.11", "side": "SELL", "hash": "8223c758c9905cb15445bef8d4f74f57f0db962a", "best_bid": "0.19", "best_ask": "0.35"}], "timestamp": "1769384096765", "event_type": "price_change"}}
{"_local_timestamp": "2026-01-25T23:34:56.839506+00:00", "data": {"market": "0xfaba55442a17a201a46f7ac19fd9394364f04959cdebfa420bc0c5ab2da00f59", "price_changes": [{"asset_id": "76829378806632943504106553503686063944439990588195206882350689917773385019771", "price": "0.11", "size": "2160.21", "side": "BUY", "hash": "013ca7530ff9188234cc6347624789d6a4f0a02e", "best_bid": "0.65", "best_ask": "0.81"}, {"asset_id": "103206131584345534219777803662235735845312981950233075829729747631018349006817", "price": "0.89", "size": "2160.21", "side": "SELL", "hash": "22d40d84bb8d80ea13804bc1db6b4c24b0c41ade", "best_bid": "0.19", "best_ask": "0.35"}], "timestamp": "1769384096766", "event_type": "price_change"}}
{"_local_timestamp": "2026-01-25T23:34:56.937639+00:00", "data": {"market": "0xfaba55442a17a201a46f7ac19fd9394364f04959cdebfa420bc0c5ab2da00f59", "price_changes": [{"asset_id": "76829378806632943504106553503686063944439990588195206882350689917773385019771", "price": "0.1", "size": "600", "side": "BUY", "hash": "3bbd4a2193927aae61db36f8c94c6dd424284e21", "best_bid": "0.65", "best_ask": "0.81"}, {"asset_id": "103206131584345534219777803662235735845312981950233075829729747631018349006817", "price": "0.9", "size": "600", "side": "SELL", "hash": "4c8cfb091be47ef09c226e4f0c404be149eb848e", "best_bid": "0.19", "best_ask": "0.35"}], "timestamp": "1769384096853", "event_type": "price_change"}}
{"_local_timestamp": "2026-01-25T23:34:56.954813+00:00", "data": {"market": "0xfaba55442a17a201a46f7ac19fd9394364f04959cdebfa420bc0c5ab2da00f59", "price_changes": [{"asset_id": "76829378806632943504106553503686063944439990588195206882350689917773385019771", "price": "0.11", "size": "4157.32", "side": "BUY", "hash": "d8ee9a01317fb61eb80eb43ed6078e2dec8b0f16", "best_bid": "0.65", "best_ask": "0.81"}, {"asset_id": "103206131584345534219777803662235735845312981950233075829729747631018349006817", "price": "0.89", "size": "4157.32", "side": "SELL", "hash": "1a80ffe6fd6930c03468d90e6bbd1c6ae117975d", "best_bid": "0.19", "best_ask": "0.35"}], "timestamp": "1769384096884", "event_type": "price_change"}}
{"_local_timestamp": "2026-01-25T23:35:01.801145+00:00", "data": {"market": "0xfaba55442a17a201a46f7ac19fd9394364f04959cdebfa420bc0c5ab2da00f59", "price_changes": [{"asset_id": "76829378806632943504106553503686063944439990588195206882350689917773385019771", "price": "0.09", "size": "6.93", "side": "BUY", "hash": "57fd369d4e1f56e3f2ce189357a7357a901ff0af", "best_bid": "0.65", "best_ask": "0.81"}, {"asset_id": "103206131584345534219777803662235735845312981950233075829729747631018349006817", "price": "0.91", "size": "6.93", "side": "SELL", "hash": "b77477bf61a68706484c7e53925647abe637cae2", "best_bid": "0.19", "best_ask": "0.35"}], "timestamp": "1769384101738", "event_type": "price_change"}}
{"_local_timestamp": "2026-01-25T23:35:01.985742+00:00", "data": {"market": "0xfaba55442a17a201a46f7ac19fd9394364f04959cdebfa420bc0c5ab2da00f59", "price_changes": [{"asset_id": "76829378806632943504106553503686063944439990588195206882350689917773385019771", "price": "0.08", "size": "0", "side": "BUY", "hash": "c4f486c1b3cf97b3cb2a00e1ff5882d2ab23760b", "best_bid": "0.65", "best_ask": "0.81"}, {"asset_id": "103206131584345534219777803662235735845312981950233075829729747631018349006817", "price": "0.92", "size": "0", "side": "SELL", "hash": "91d2d09cd45b6319983cf4af976f741dfd10c472", "best_bid": "0.19", "best_ask": "0.35"}], "timestamp": "1769384101917", "event_type": "price_change"}}
{"_local_timestamp": "2026-01-25T23:35:02.098018+00:00", "data": {"market": "0xfaba55442a17a201a46f7ac19fd9394364f04959cdebfa420bc0c5ab2da00f59", "price_changes": [{"asset_id": "76829378806632943504106553503686063944439990588195206882350689917773385019771", "price": "0.1", "size": "700", "side": "BUY", "hash": "4e69c64f6a332ed492e065c1d360782fda8fed24", "best_bid": "0.65", "best_ask": "0.81"}, {"asset_id": "103206131584345534219777803662235735845312981950233075829729747631018349006817", "price": "0.9", "size": "700", "side": "SELL", "hash": "db10a6ac18a925dcdb398e997c6004e91aa2fb54", "best_bid": "0.19", "best_ask": "0.35"}], "timestamp": "1769384102011", "event_type": "price_change"}}
{"_local_timestamp": "2026-01-25T23:35:12.503049+00:00", "data": {"market": "0xfaba55442a17a201a46f7ac19fd9394364f04959cdebfa420bc0c5ab2da00f59", "price_changes": [{"asset_id": "76829378806632943504106553503686063944439990588195206882350689917773385019771", "price": "0.1", "size": "300", "side": "BUY", "hash": "777b2f4f6c87d19acfb87f219d64908cc209be3a", "best_bid": "0.65", "best_ask": "0.81"}, {"asset_id": "103206131584345534219777803662235735845312981950233075829729747631018349006817", "price": "0.9", "size": "300", "side": "SELL", "hash": "e5e668963ac3e029f4c12165ec5906aa561c6612", "best_bid": "0.19", "best_ask": "0.35"}], "timestamp": "1769384112427", "event_type": "price_change"}}
{"_local_timestamp": "2026-01-25T23:35:12.720067+00:00", "data": {"market": "0xfaba55442a17a201a46f7ac19fd9394364f04959cdebfa420bc0c5ab2da00f59", "price_changes": [{"asset_id": "76829378806632943504106553503686063944439990588195206882350689917773385019771", "price": "0.08", "size": "1270.1", "side": "BUY", "hash": "bdae2e6436d8d488e79ee8f6e9ef5d35ae37fea4", "best_bid": "0.65", "best_ask": "0.81"}, {"asset_id": "103206131584345534219777803662235735845312981950233075829729747631018349006817", "price": "0.92", "size": "1270.1", "side": "SELL", "hash": "bc866352727cbb71984bc5ea4654b984fc258c38", "best_bid": "0.19", "best_ask": "0.35"}], "timestamp": "1769384112634", "event_type": "price_change"}}
{"_local_timestamp": "2026-01-25T23:35:12.774658+00:00", "data": {"market": "0xfaba55442a17a201a46f7ac19fd9394364f04959cdebfa420bc0c5ab2da00f59", "price_changes": [{"asset_id": "76829378806632943504106553503686063944439990588195206882350689917773385019771", "price": "0.11", "size": "4557.32", "side": "BUY", "hash": "2954c9df3869558f31ae64be18c7118356e9dad7", "best_bid": "0.65", "best_ask": "0.81"}, {"asset_id": "103206131584345534219777803662235735845312981950233075829729747631018349006817", "price": "0.89", "size": "4557.32", "side": "SELL", "hash": "9d9b6e9cb02a1ce82d0145c2f6ab4a9aafa1dc31", "best_bid": "0.19", "best_ask": "0.35"}], "timestamp": "1769384112705", "event_type": "price_change"}}
{"_local_timestamp": "2026-01-25T23:35:12.823162+00:00", "data": {"market": "0xfaba55442a17a201a46f7ac19fd9394364f04959cdebfa420bc0c5ab2da00f59", "price_changes": [{"asset_id": "76829378806632943504106553503686063944439990588195206882350689917773385019771", "price": "0.08", "size": "2160.21", "side": "BUY", "hash": "b9cb65a2ee63519702dd2f060e87c6ce296a0fea", "best_bid": "0.65", "best_ask": "0.81"}, {"asset_id": "103206131584345534219777803662235735845312981950233075829729747631018349006817", "price": "0.92", "size": "2160.21", "side": "SELL", "hash": "ca52468efd273c53ba529b3a7094d3340b4cf512", "best_bid": "0.19", "best_ask": "0.35"}], "timestamp": "1769384112751", "event_type": "price_change"}}
{"_local_timestamp": "2026-01-25T23:35:12.826163+00:00", "data": {"market": "0xfaba55442a17a201a46f7ac19fd9394364f04959cdebfa420bc0c5ab2da00f59", "price_changes": [{"asset_id": "76829378806632943504106553503686063944439990588195206882350689917773385019771", "price": "0.08", "size": "4157.32", "side": "BUY", "hash": "c17d825b9c49bf56ccf750ab2e141a5baf331b28", "best_bid": "0.65", "best_ask": "0.81"}, {"asset_id": "103206131584345534219777803662235735845312981950233075829729747631018349006817", "price": "0.92", "size": "4157.32", "side": "SELL", "hash": "8a4eb796f3f32c99334a3dbaefa298975c1f7693", "best_bid": "0.19", "best_ask": "0.35"}], "timestamp": "1769384112752", "event_type": "price_change"}}
{"_local_timestamp": "2026-01-25T23:35:26.853068+00:00", "data": {"market": "0xfaba55442a17a201a46f7ac19fd9394364f04959cdebfa420bc0c5ab2da00f59", "price_changes": [{"asset_id": "76829378806632943504106553503686063944439990588195206882350689917773385019771", "price": "0.1", "size": "200", "side": "BUY", "hash": "ccd816823ce85f645e787124cb0ac4770b52e3d8", "best_bid": "0.65", "best_ask": "0.81"}, {"asset_id": "103206131584345534219777803662235735845312981950233075829729747631018349006817", "price": "0.9", "size": "200", "side": "SELL", "hash": "5771137761a3cdcf1993ff0bb8344ce086ba2196", "best_bid": "0.19", "best_ask": "0.35"}], "timestamp": "1769384126678", "event_type": "price_change"}}
{"_local_timestamp": "2026-01-25T23:35:27.184180+00:00", "data": {"market": "0xfaba55442a17a201a46f7ac19fd9394364f04959cdebfa420bc0c5ab2da00f59", "price_changes": [{"asset_id": "76829378806632943504106553503686063944439990588195206882350689917773385019771", "price": "0.11", "size": "400", "side": "BUY", "hash": "02fa977dcfbd853c47adf2ea3357c78e0f052851", "best_bid": "0.65", "best_ask": "0.81"}, {"asset_id": "103206131584345534219777803662235735845312981950233075829729747631018349006817", "price": "0.89", "size": "400", "side": "SELL", "hash": "3e6c397261ee1743922940499f1024993e2ed521", "best_bid": "0.19", "best_ask": "0.35"}], "timestamp": "1769384126933", "event_type": "price_change"}}
{"_local_timestamp": "2026-01-25T23:35:27.211920+00:00", "data": {"market": "0xfaba55442a17a201a46f7ac19fd9394364f04959cdebfa420bc0c5ab2da00f59", "price_changes": [{"asset_id": "76829378806632943504106553503686063944439990588195206882350689917773385019771", "price": "0.11", "size": "500", "side": "BUY", "hash": "5f7a8176950c32787c2510392a705217e886ba2c", "best_bid": "0.65", "best_ask": "0.81"}, {"asset_id": "103206131584345534219777803662235735845312981950233075829729747631018349006817", "price": "0.89", "size": "500", "side": "SELL", "hash": "589df74f9e13d8531afd6115797942e854097199", "best_bid": "0.19", "best_ask": "0.35"}], "timestamp": "1769384126955", "event_type": "price_change"}}
{"_local_timestamp": "2026-01-25T23:35:28.356910+00:00", "data": {"market": "0xfaba55442a17a201a46f7ac19fd9394364f04959cdebfa420bc0c5ab2da00f59", "price_changes": [{"asset_id": "76829378806632943504106553503686063944439990588195206882350689917773385019771", "price": "0.1", "size": "100", "side": "BUY", "hash": "5a15b7ba0ca779acd968400ac2f061df3bc8b919", "best_bid": "0.65", "best_ask": "0.81"}, {"asset_id": "103206131584345534219777803662235735845312981950233075829729747631018349006817", "price": "0.9", "size": "100", "side": "SELL", "hash": "e096539d4d1e88d574d45c266d7754723032df3d", "best_bid": "0.19", "best_ask": "0.35"}], "timestamp": "1769384128280", "event_type": "price_change"}}
{"_local_timestamp": "2026-01-25T23:35:28.619251+00:00", "data": {"market": "0xfaba55442a17a201a46f7ac19fd9394364f04959cdebfa420bc0c5ab2da00f59", "price_changes": [{"asset_id": "76829378806632943504106553503686063944439990588195206882350689917773385019771", "price": "0.11", "size": "600", "side": "BUY", "hash": "bdd457c0c9f1fe2ee7c0d928fdf05747cdc8f481", "best_bid": "0.65", "best_ask": "0.81"}, {"asset_id": "103206131584345534219777803662235735845312981950233075829729747631018349006817", "price": "0.89", "size": "600", "side": "SELL", "hash": "e71b7a9676d726a39e9390638765c126d800a239", "best_bid": "0.19", "best_ask": "0.35"}], "timestamp": "1769384128552", "event_type": "price_change"}}
{"_local_timestamp": "2026-01-25T23:35:28.696468+00:00", "data": {"market": "0xfaba55442a17a201a46f7ac19fd9394364f04959cdebfa420bc0c5ab2da00f59", "price_changes": [{"asset_id": "76829378806632943504106553503686063944439990588195206882350689917773385019771", "price": "0.12", "size": "1270.1", "side": "BUY", "hash": "e2e103dbf2f9263eeb9a2a3f871b298d85c9bf5c", "best_bid": "0.65", "best_ask": "0.81"}, {"asset_id": "103206131584345534219777803662235735845312981950233075829729747631018349006817", "price": "0.88", "size": "1270.1", "side": "SELL", "hash": "cb12b931de71f68b12f752a4bd7a96b6d1542206", "best_bid": "0.19", "best_ask": "0.35"}], "timestamp": "1769384128623", "event_type": "price_change"}}
{"_local_timestamp": "2026-01-25T23:35:28.697020+00:00", "data": {"market": "0xfaba55442a17a201a46f7ac19fd9394364f04959cdebfa420bc0c5ab2da00f59", "price_changes": [{"asset_id": "76829378806632943504106553503686063944439990588195206882350689917773385019771", "price": "0.12", "size": "2160.21", "side": "BUY", "hash": "b3957466e4592154bbd1f171d6dee8cb6746a090", "best_bid": "0.65", "best_ask": "0.81"}, {"asset_id": "103206131584345534219777803662235735845312981950233075829729747631018349006817", "price": "0.88", "size": "2160.21", "side": "SELL", "hash": "c0b08d4a9cad4d2a6064ebe4d94d9d19ad610fe2", "best_bid": "0.19", "best_ask": "0.35"}], "timestamp": "1769384128624", "event_type": "price_change"}}
{"_local_timestamp": "2026-01-25T23:35:28.697451+00:00", "data": {"market": "0xfaba55442a17a201a46f7ac19fd9394364f04959cdebfa420bc0c5ab2da00f59", "price_changes": [{"asset_id": "76829378806632943504106553503686063944439990588195206882350689917773385019771", "price": "0.12", "size": "4157.32", "side": "BUY", "hash": "0a72e490597b524a0e52062d75f825a850d9ee6b", "best_bid": "0.65", "best_ask": "0.81"}, {"asset_id": "103206131584345534219777803662235735845312981950233075829729747631018349006817", "price": "0.88", "size": "4157.32", "side": "SELL", "hash": "1a07b74c19db6ea1095369e9bc9867517902a891", "best_bid": "0.19", "best_ask": "0.35"}], "timestamp": "1769384128625", "event_type": "price_change"}}
{"_local_timestamp": "2026-01-25T23:35:32.909104+00:00", "data": {"market": "0xfaba55442a17a201a46f7ac19fd9394364f04959cdebfa420bc0c5ab2da00f59", "price_changes": [{"asset_id": "76829378806632943504106553503686063944439990588195206882350689917773385019771", "price": "0.1", "size": "0", "side": "BUY", "hash": "c1e74b676420de19826d6f9e593c3db6be408135", "best_bid": "0.65", "best_ask": "0.81"}, {"asset_id": "103206131584345534219777803662235735845312981950233075829729747631018349006817", "price": "0.9", "size": "0", "side": "SELL", "hash": "26b7b813b999b9ea3a9b9d16230ce5ab2d16dff9", "best_bid": "0.19", "best_ask": "0.35"}], "timestamp": "1769384132834", "event_type": "price_change"}}
{"_local_timestamp": "2026-01-25T23:35:32.962701+00:00", "data": {"market": "0xfaba55442a17a201a46f7ac19fd9394364f04959cdebfa420bc0c5ab2da00f59", "price_changes": [{"asset_id": "76829378806632943504106553503686063944439990588195206882350689917773385019771", "price": "0.08", "size": "890.11", "side": "BUY", "hash": "09e2ca24c6c048a1f1e2442926f500bc462d73a9", "best_bid": "0.65", "best_ask": "0.81"}, {"asset_id": "103206131584345534219777803662235735845312981950233075829729747631018349006817", "price": "0.92", "size": "890.11", "side": "SELL", "hash": "beca028c4c6c38e14227e91c562f6e0abbdb44ca", "best_bid": "0.19", "best_ask": "0.35"}], "timestamp": "1769384132893", "event_type": "price_change"}}
{"_local_timestamp": "2026-01-25T23:35:33.060178+00:00", "data": {"market": "0xfaba55442a17a201a46f7ac19fd9394364f04959cdebfa420bc0c5ab2da00f59", "price_changes": [{"asset_id": "76829378806632943504106553503686063944439990588195206882350689917773385019771", "price": "0.08", "size": "0", "side": "BUY", "hash": "739694beddffbac18c10c9829da13a963ace4e3f", "best_bid": "0.65", "best_ask": "0.81"}, {"asset_id": "103206131584345534219777803662235735845312981950233075829729747631018349006817", "price": "0.92", "size": "0", "side": "SELL", "hash": "e4b9cf08cbfbc2628654633b60b6bfed257746f1", "best_bid": "0.19", "best_ask": "0.35"}], "timestamp": "1769384132980", "event_type": "price_change"}}
{"_local_timestamp": "2026-01-25T23:35:33.204397+00:00", "data": {"market": "0xfaba55442a17a201a46f7ac19fd9394364f04959cdebfa420bc0c5ab2da00f59", "price_changes": [{"asset_id": "76829378806632943504106553503686063944439990588195206882350689917773385019771", "price": "0.11", "size": "700", "side": "BUY", "hash": "82b4a34a453ac40a826c1dfbf458ec8c0013576e", "best_bid": "0.65", "best_ask": "0.81"}, {"asset_id": "103206131584345534219777803662235735845312981950233075829729747631018349006817", "price": "0.89", "size": "700", "side": "SELL", "hash": "6603617474262a61630958611bddffea6963d96e", "best_bid": "0.19", "best_ask": "0.35"}], "timestamp": "1769384133116", "event_type": "price_change"}}
{"_local_timestamp": "2026-01-25T23:35:57.064622+00:00", "data": {"market": "0xfaba55442a17a201a46f7ac19fd9394364f04959cdebfa420bc0c5ab2da00f59", "price_changes": [{"asset_id": "76829378806632943504106553503686063944439990588195206882350689917773385019771", "price": "0.11", "size": "300", "side": "BUY", "hash": "e2ec8df6ce65719b77f988a7271e96a700dc7ce5", "best_bid": "0.65", "best_ask": "0.81"}, {"asset_id": "103206131584345534219777803662235735845312981950233075829729747631018349006817", "price": "0.89", "size": "300", "side": "SELL", "hash": "fea6cfe6b91655225cfd2ce96bdcb62480cda331", "best_bid": "0.19", "best_ask": "0.35"}], "timestamp": "1769384156984", "event_type": "price_change"}}
{"_local_timestamp": "2026-01-25T23:35:57.199531+00:00", "data": {"market": "0xfaba55442a17a201a46f7ac19fd9394364f04959cdebfa420bc0c5ab2da00f59", "price_changes": [{"asset_id": "76829378806632943504106553503686063944439990588195206882350689917773385019771", "price": "0.08", "size": "890.11", "side": "BUY", "hash": "a9e97f2ffb48909afaf572ebc9aab51457ab4607", "best_bid": "0.65", "best_ask": "0.81"}, {"asset_id": "103206131584345534219777803662235735845312981950233075829729747631018349006817", "price": "0.92", "size": "890.11", "side": "SELL", "hash": "92499c0c688f34d2ae76d861c254829682be3c4b", "best_bid": "0.19", "best_ask": "0.35"}], "timestamp": "1769384157125", "event_type": "price_change"}}
{"_local_timestamp": "2026-01-25T23:35:57.200225+00:00", "data": {"market": "0xfaba55442a17a201a46f7ac19fd9394364f04959cdebfa420bc0c5ab2da00f59", "price_changes": [{"asset_id": "76829378806632943504106553503686063944439990588195206882350689917773385019771", "price": "0.08", "size": "2160.21", "side": "BUY", "hash": "70e3401ba1e59495e7c0a8272ef5ec26782ba642", "best_bid": "0.65", "best_ask": "0.81"}, {"asset_id": "103206131584345534219777803662235735845312981950233075829729747631018349006817", "price": "0.92", "size": "2160.21", "side": "SELL", "hash": "6e9444b65b234f3e88533ec8df6e38b0ecad585b", "best_bid": "0.19", "best_ask": "0.35"}], "timestamp": "1769384157126", "event_type": "price_change"}}
{"_local_timestamp": "2026-01-25T23:35:57.222905+00:00", "data": {"market": "0xfaba55442a17a201a46f7ac19fd9394364f04959cdebfa420bc0c5ab2da00f59", "price_changes": [{"asset_id": "76829378806632943504106553503686063944439990588195206882350689917773385019771", "price": "0.08", "size": "4157.32", "side": "BUY", "hash": "68125e5f67a08390322ab8bb432dc9a1d54f4caa", "best_bid": "0.65", "best_ask": "0.81"}, {"asset_id": "103206131584345534219777803662235735845312981950233075829729747631018349006817", "price": "0.92", "size": "4157.32", "side": "SELL", "hash": "d5ae842c71a1cdd791c81fe1f8d5c02d95637c24", "best_bid": "0.19", "best_ask": "0.35"}], "timestamp": "1769384157157", "event_type": "price_change"}}
{"_local_timestamp": "2026-01-25T23:35:57.357503+00:00", "data": {"market": "0xfaba55442a17a201a46f7ac19fd9394364f04959cdebfa420bc0c5ab2da00f59", "price_changes": [{"asset_id": "76829378806632943504106553503686063944439990588195206882350689917773385019771", "price": "0.12", "size": "4557.32", "side": "BUY", "hash": "897aae8ff5d644cdaa02e477a0a17c09e3542fda", "best_bid": "0.65", "best_ask": "0.81"}, {"asset_id": "103206131584345534219777803662235735845312981950233075829729747631018349006817", "price": "0.88", "size": "4557.32", "side": "SELL", "hash": "1fcc65dfc7ee4cf4b78d15824e79d8d8cf491ce8", "best_bid": "0.19", "best_ask": "0.35"}], "timestamp": "1769384157287", "event_type": "price_change"}}
{"_local_timestamp": "2026-01-25T23:35:58.394986+00:00", "data": {"market": "0xfaba55442a17a201a46f7ac19fd9394364f04959cdebfa420bc0c5ab2da00f59", "price_changes": [{"asset_id": "76829378806632943504106553503686063944439990588195206882350689917773385019771", "price": "0.11", "size": "200", "side": "BUY", "hash": "33c8c1e6a7910de7fce99c38c0690c0b5e150603", "best_bid": "0.65", "best_ask": "0.81"}, {"asset_id": "103206131584345534219777803662235735845312981950233075829729747631018349006817", "price": "0.89", "size": "200", "side": "SELL", "hash": "d15d185537983923251f169e2d811111075b72f3", "best_bid": "0.19", "best_ask": "0.35"}], "timestamp": "1769384158325", "event_type": "price_change"}}
{"_local_timestamp": "2026-01-25T23:35:58.670861+00:00", "data": {"market": "0xfaba55442a17a201a46f7ac19fd9394364f04959cdebfa420bc0c5ab2da00f59", "price_changes": [{"asset_id": "76829378806632943504106553503686063944439990588195206882350689917773385019771", "price": "0.12", "size": "4657.32", "side": "BUY", "hash": "8294bb57fa828aff7c78191b0c3cdfd82b59580b", "best_bid": "0.65", "best_ask": "0.81"}, {"asset_id": "103206131584345534219777803662235735845312981950233075829729747631018349006817", "price": "0.88", "size": "4657.32", "side": "SELL", "hash": "eb766ba7f8baa1c4482cc652aa9d50919af9d16d", "best_bid": "0.19", "best_ask": "0.35"}], "timestamp": "1769384158604", "event_type": "price_change"}}
{"_local_timestamp": "2026-01-25T23:35:59.522463+00:00", "data": {"market": "0xfaba55442a17a201a46f7ac19fd9394364f04959cdebfa420bc0c5ab2da00f59", "price_changes": [{"asset_id": "76829378806632943504106553503686063944439990588195206882350689917773385019771", "price": "0.11", "size": "100", "side": "BUY", "hash": "78495a50b5b4687522438a6f281e678e2bd936a5", "best_bid": "0.65", "best_ask": "0.81"}, {"asset_id": "103206131584345534219777803662235735845312981950233075829729747631018349006817", "price": "0.89", "size": "100", "side": "SELL", "hash": "db8a74930f799eb50bd97eea82156607e2f3e8aa", "best_bid": "0.19", "best_ask": "0.35"}], "timestamp": "1769384159449", "event_type": "price_change"}}
{"_local_timestamp": "2026-01-25T23:35:59.834949+00:00", "data": {"market": "0xfaba55442a17a201a46f7ac19fd9394364f04959cdebfa420bc0c5ab2da00f59", "price_changes": [{"asset_id": "76829378806632943504106553503686063944439990588195206882350689917773385019771", "price": "0.12", "size": "4757.32", "side": "BUY", "hash": "d093c5475b959767d779c2890cf1b1a3a6a7c8a5", "best_bid": "0.65", "best_ask": "0.81"}, {"asset_id": "103206131584345534219777803662235735845312981950233075829729747631018349006817", "price": "0.88", "size": "4757.32", "side": "SELL", "hash": "551e5357cb37f381c31e71778d011675aa3ceb9f", "best_bid": "0.19", "best_ask": "0.35"}], "timestamp": "1769384159759", "event_type": "price_change"}}
{"_local_timestamp": "2026-01-25T23:35:59.951110+00:00", "data": {"market": "0xfaba55442a17a201a46f7ac19fd9394364f04959cdebfa420bc0c5ab2da00f59", "price_changes": [{"asset_id": "76829378806632943504106553503686063944439990588195206882350689917773385019771", "price": "0.12", "size": "600", "side": "BUY", "hash": "0bc70d27701578c1fc30a7ce93902856d98dd79b", "best_bid": "0.65", "best_ask": "0.81"}, {"asset_id": "103206131584345534219777803662235735845312981950233075829729747631018349006817", "price": "0.88", "size": "600", "side": "SELL", "hash": "e055f29eb69646dfa9321d965d841cae9f8622c4", "best_bid": "0.19", "best_ask": "0.35"}], "timestamp": "1769384159880", "event_type": "price_change"}}
{"_local_timestamp": "2026-01-25T23:36:01.885268+00:00", "data": {"market": "0xfaba55442a17a201a46f7ac19fd9394364f04959cdebfa420bc0c5ab2da00f59", "price_changes": [{"asset_id": "76829378806632943504106553503686063944439990588195206882350689917773385019771", "price": "0.11", "size": "0", "side": "BUY", "hash": "98a3e7d27a419694717c59c29466fb9699da4303", "best_bid": "0.65", "best_ask": "0.81"}, {"asset_id": "103206131584345534219777803662235735845312981950233075829729747631018349006817", "price": "0.89", "size": "0", "side": "SELL", "hash": "0102e1d41b5ed800ad16a638868c13a8c0147d58", "best_bid": "0.19", "best_ask": "0.35"}], "timestamp": "1769384161818", "event_type": "price_change"}}
{"_local_timestamp": "2026-01-25T23:36:01.995131+00:00", "data": {"market": "0xfaba55442a17a201a46f7ac19fd9394364f04959cdebfa420bc0c5ab2da00f59", "price_changes": [{"asset_id": "76829378806632943504106553503686063944439990588195206882350689917773385019771", "price": "0.13", "size": "890.11", "side": "BUY", "hash": "90e82e52df02fa681425decc2cfce59e7d4b728b", "best_bid": "0.65", "best_ask": "0.81"}, {"asset_id": "103206131584345534219777803662235735845312981950233075829729747631018349006817", "price": "0.87", "size": "890.11", "side": "SELL", "hash": "673c5f398ddc8fbe1e61b3d34c33c03ed474a071", "best_bid": "0.19", "best_ask": "0.35"}], "timestamp": "1769384161926", "event_type": "price_change"}}
{"_local_timestamp": "2026-01-25T23:36:02.021823+00:00", "data": {"market": "0xfaba55442a17a201a46f7ac19fd9394364f04959cdebfa420bc0c5ab2da00f59", "price_changes": [{"asset_id": "76829378806632943504106553503686063944439990588195206882350689917773385019771", "price": "0.13", "size": "2160.21", "side": "BUY", "hash": "22d6f7d566d4845df0aa14ffba5957eeb72ec6e2", "best_bid": "0.65", "best_ask": "0.81"}, {"asset_id": "103206131584345534219777803662235735845312981950233075829729747631018349006817", "price": "0.87", "size": "2160.21", "side": "SELL", "hash": "7006ee936f63072d9105a6966d56adbfaef2086f", "best_bid": "0.19", "best_ask": "0.35"}], "timestamp": "1769384161958", "event_type": "price_change"}}
{"_local_timestamp": "2026-01-25T23:36:02.031994+00:00", "data": {"market": "0xfaba55442a17a201a46f7ac19fd9394364f04959cdebfa420bc0c5ab2da00f59", "price_changes": [{"asset_id": "76829378806632943504106553503686063944439990588195206882350689917773385019771", "price": "0.13", "size": "4157.32", "side": "BUY", "hash": "d676b6da32ebbd9fe83d05a749a84e994f76060f", "best_bid": "0.65", "best_ask": "0.81"}, {"asset_id": "103206131584345534219777803662235735845312981950233075829729747631018349006817", "price": "0.87", "size": "4157.32", "side": "SELL", "hash": "28172b798ab356ec2bb77924f3be44744713679a", "best_bid": "0.19", "best_ask": "0.35"}], "timestamp": "1769384161959", "event_type": "price_change"}}
{"_local_timestamp": "2026-01-25T23:36:02.177108+00:00", "data": {"market": "0xfaba55442a17a201a46f7ac19fd9394364f04959cdebfa420bc0c5ab2da00f59", "price_changes": [{"asset_id": "76829378806632943504106553503686063944439990588195206882350689917773385019771", "price": "0.12", "size": "700", "side": "BUY", "hash": "0ae7b8ed7b70940535d3946995fa14b80414d5cb", "best_bid": "0.65", "best_ask": "0.81"}, {"asset_id": "103206131584345534219777803662235735845312981950233075829729747631018349006817", "price": "0.88", "size": "700", "side": "SELL", "hash": "84244158d12d4ca7d698199a5c00a2269f7eb3a0", "best_bid": "0.19", "best_ask": "0.35"}], "timestamp": "1769384162105", "event_type": "price_change"}}
{"_local_timestamp": "2026-01-25T23:36:18.515347+00:00", "data": {"market": "0xfaba55442a17a201a46f7ac19fd9394364f04959cdebfa420bc0c5ab2da00f59", "price_changes": [{"asset_id": "76829378806632943504106553503686063944439990588195206882350689917773385019771", "price": "0.12", "size": "300", "side": "BUY", "hash": "62a560bc05b1bc61cd3426d6cfc9628ce50eddfa", "best_bid": "0.65", "best_ask": "0.81"}, {"asset_id": "103206131584345534219777803662235735845312981950233075829729747631018349006817", "price": "0.88", "size": "300", "side": "SELL", "hash": "dfa64f0fea49961f77a46672d353ff5c1a05102b", "best_bid": "0.19", "best_ask": "0.35"}], "timestamp": "1769384178448", "event_type": "price_change"}}
{"_local_timestamp": "2026-01-25T23:36:18.796012+00:00", "data": {"market": "0xfaba55442a17a201a46f7ac19fd9394364f04959cdebfa420bc0c5ab2da00f59", "price_changes": [{"asset_id": "76829378806632943504106553503686063944439990588195206882350689917773385019771", "price": "0.13", "size": "4557.32", "side": "BUY", "hash": "34661307d1aef60748fed28ccff0443cc85a09d8", "best_bid": "0.65", "best_ask": "0.81"}, {"asset_id": "103206131584345534219777803662235735845312981950233075829729747631018349006817", "price": "0.87", "size": "4557.32", "side": "SELL", "hash": "a6b1ed4a8b256363c66141dd102397df5b71242f", "best_bid": "0.19", "best_ask": "0.35"}], "timestamp": "1769384178718", "event_type": "price_change"}}
{"_local_timestamp": "2026-01-25T23:36:23.556913+00:00", "data": {"market": "0xfaba55442a17a201a46f7ac19fd9394364f04959cdebfa420bc0c5ab2da00f59", "price_changes": [{"asset_id": "76829378806632943504106553503686063944439990588195206882350689917773385019771", "price": "0.12", "size": "200", "side": "BUY", "hash": "b917c69d8967c047f2bf5999853d73d74b02773a", "best_bid": "0.65", "best_ask": "0.81"}, {"asset_id": "103206131584345534219777803662235735845312981950233075829729747631018349006817", "price": "0.88", "size": "200", "side": "SELL", "hash": "fe7a7d8804e5dbf81abda066a5cf2ba761dc57b3", "best_bid": "0.19", "best_ask": "0.35"}], "timestamp": "1769384183488", "event_type": "price_change"}}
{"_local_timestamp": "2026-01-25T23:36:23.756144+00:00", "data": {"market": "0xfaba55442a17a201a46f7ac19fd9394364f04959cdebfa420bc0c5ab2da00f59", "price_changes": [{"asset_id": "76829378806632943504106553503686063944439990588195206882350689917773385019771", "price": "0.13", "size": "3667.21", "side": "BUY", "hash": "d1685401f4a7aca736063d8168479de14657fb91", "best_bid": "0.65", "best_ask": "0.81"}, {"asset_id": "103206131584345534219777803662235735845312981950233075829729747631018349006817", "price": "0.87", "size": "3667.21", "side": "SELL", "hash": "c8832da659f5cf8d942fb279441e113acfd4531f", "best_bid": "0.19", "best_ask": "0.35"}], "timestamp": "1769384183688", "event_type": "price_change"}}
{"_local_timestamp": "2026-01-25T23:36:23.854605+00:00", "data": {"market": "0xfaba55442a17a201a46f7ac19fd9394364f04959cdebfa420bc0c5ab2da00f59", "price_changes": [{"asset_id": "76829378806632943504106553503686063944439990588195206882350689917773385019771", "price": "0.13", "size": "400", "side": "BUY", "hash": "2135038752387eb84720f5524aa904dff8699a55", "best_bid": "0.65", "best_ask": "0.81"}, {"asset_id": "103206131584345534219777803662235735845312981950233075829729747631018349006817", "price": "0.87", "size": "400", "side": "SELL", "hash": "a8610a0bb955a624b7a029afc81bb666fedd25e7", "best_bid": "0.19", "best_ask": "0.35"}], "timestamp": "1769384183770", "event_type": "price_change"}}
{"_local_timestamp": "2026-01-25T23:36:23.882869+00:00", "data": {"market": "0xfaba55442a17a201a46f7ac19fd9394364f04959cdebfa420bc0c5ab2da00f59", "price_changes": [{"asset_id": "76829378806632943504106553503686063944439990588195206882350689917773385019771", "price": "0.13", "size": "500", "side": "BUY", "hash": "f938131300c51982c523980a7642e9cd74b57036", "best_bid": "0.65", "best_ask": "0.81"}, {"asset_id": "103206131584345534219777803662235735845312981950233075829729747631018349006817", "price": "0.87", "size": "500", "side": "SELL", "hash": "28d1f92ad32ff66d2c6d54d96ecbe51418efb705", "best_bid": "0.19", "best_ask": "0.35"}], "timestamp": "1769384183785", "event_type": "price_change"}}
{"_local_timestamp": "2026-01-25T23:36:24.153229+00:00", "data": {"market": "0xfaba55442a17a201a46f7ac19fd9394364f04959cdebfa420bc0c5ab2da00f59", "price_changes": [{"asset_id": "76829378806632943504106553503686063944439990588195206882350689917773385019771", "price": "0.14", "size": "1270.1", "side": "BUY", "hash": "494c83f2cf369d8252c672599b6c662c2d61b9ef", "best_bid": "0.65", "best_ask": "0.81"}, {"asset_id": "103206131584345534219777803662235735845312981950233075829729747631018349006817", "price": "0.86", "size": "1270.1", "side": "SELL", "hash": "e600c4c05e0bba548d44394a626db39ac0a6f7c4", "best_bid": "0.19", "best_ask": "0.35"}], "timestamp": "1769384184026", "event_type": "price_change"}}
{"_local_timestamp": "2026-01-25T23:36:24.153767+00:00", "data": {"market": "0xfaba55442a17a201a46f7ac19fd9394364f04959cdebfa420bc0c5ab2da00f59", "price_changes": [{"asset_id": "76829378806632943504106553503686063944439990588195206882350689917773385019771", "price": "0.14", "size": "2160.21", "side": "BUY", "hash": "1be6d49970db987aa157699978e488d4b73aae08", "best_bid": "0.65", "best_ask": "0.81"}, {"asset_id": "103206131584345534219777803662235735845312981950233075829729747631018349006817", "price": "0.86", "size": "2160.21", "side": "SELL", "hash": "1895ae086f39a0b6c5ab8b3cd0bb50c56811d5d7", "best_bid": "0.19", "best_ask": "0.35"}], "timestamp": "1769384184027", "event_type": "price_change"}}
{"_local_timestamp": "2026-01-25T23:36:24.173414+00:00", "data": {"market": "0xfaba55442a17a201a46f7ac19fd9394364f04959cdebfa420bc0c5ab2da00f59", "price_changes": [{"asset_id": "76829378806632943504106553503686063944439990588195206882350689917773385019771", "price": "0.14", "size": "4157.32", "side": "BUY", "hash": "1713c4e3a6b6a5eaa81dab643f22fba3f06fbc04", "best_bid": "0.65", "best_ask": "0.81"}, {"asset_id": "103206131584345534219777803662235735845312981950233075829729747631018349006817", "price": "0.86", "size": "4157.32", "side": "SELL", "hash": "8d08140e574116d37d3db038ed23742bae9f3aa0", "best_bid": "0.19", "best_ask": "0.35"}], "timestamp": "1769384184030", "event_type": "price_change"}}
{"_local_timestamp": "2026-01-25T23:36:31.121559+00:00", "data": {"market": "0xfaba55442a17a201a46f7ac19fd9394364f04959cdebfa420bc0c5ab2da00f59", "price_changes": [{"asset_id": "76829378806632943504106553503686063944439990588195206882350689917773385019771", "price": "0.12", "size": "100", "side": "BUY", "hash": "3b417577c9a77ac6292c42b76d39fda7a041c053", "best_bid": "0.65", "best_ask": "0.81"}, {"asset_id": "103206131584345534219777803662235735845312981950233075829729747631018349006817", "price": "0.88", "size": "100", "side": "SELL", "hash": "b76af87d703afbd091f553bc8ae2d8ebc826d56b", "best_bid": "0.19", "best_ask": "0.35"}], "timestamp": "1769384191048", "event_type": "price_change"}}
{"_local_timestamp": "2026-01-25T23:36:31.179891+00:00", "data": {"market": "0xfaba55442a17a201a46f7ac19fd9394364f04959cdebfa420bc0c5ab2da00f59", "price_changes": [{"asset_id": "76829378806632943504106553503686063944439990588195206882350689917773385019771", "price": "0.12", "size": "0", "side": "BUY", "hash": "685ac08e32bfa4fe26afbac7329477ac709e7b1a", "best_bid": "0.65", "best_ask": "0.81"}, {"asset_id": "103206131584345534219777803662235735845312981950233075829729747631018349006817", "price": "0.88", "size": "0", "side": "SELL", "hash": "79ee65f77cf5b69625d91f2652dc7456a1519161", "best_bid": "0.19", "best_ask": "0.35"}], "timestamp": "1769384191115", "event_type": "price_change"}}
{"_local_timestamp": "2026-01-25T23:36:31.233072+00:00", "data": {"market": "0xfaba55442a17a201a46f7ac19fd9394364f04959cdebfa420bc0c5ab2da00f59", "price_changes": [{"asset_id": "76829378806632943504106553503686063944439990588195206882350689917773385019771", "price": "0.14", "size": "0", "side": "BUY", "hash": "7e3ef106a77906cdc5fd1e802a6ebd66a3fc036c", "best_bid": "0.65", "best_ask": "0.81"}, {"asset_id": "103206131584345534219777803662235735845312981950233075829729747631018349006817", "price": "0.86", "size": "0", "side": "SELL", "hash": "a3259cb32fcef1abd2fa9048ac476caf9a3f6669", "best_bid": "0.19", "best_ask": "0.35"}], "timestamp": "1769384191167", "event_type": "price_change"}}
{"_local_timestamp": "2026-01-25T23:36:31.254429+00:00", "data": {"market": "0xfaba55442a17a201a46f7ac19fd9394364f04959cdebfa420bc0c5ab2da00f59", "price_changes": [{"asset_id": "76829378806632943504106553503686063944439990588195206882350689917773385019771", "price": "0.15", "size": "1140.11", "side": "BUY", "hash": "baea40332438b21eeb69436c5c3747e1d0f106c6", "best_bid": "0.65", "best_ask": "0.81"}, {"asset_id": "103206131584345534219777803662235735845312981950233075829729747631018349006817", "price": "0.85", "size": "1140.11", "side": "SELL", "hash": "bd7e24f5dea7d8d70c23dc885b8d5251dd3c6115", "best_bid": "0.19", "best_ask": "0.35"}], "timestamp": "1769384191175", "event_type": "price_change"}}
{"_local_timestamp": "2026-01-25T23:36:31.276157+00:00", "data": {"market": "0xfaba55442a17a201a46f7ac19fd9394364f04959cdebfa420bc0c5ab2da00f59", "price_changes": [{"asset_id": "76829378806632943504106553503686063944439990588195206882350689917773385019771", "price": "0.15", "size": "3137.22", "side": "BUY", "hash": "dbe150ad7e30438b8ed1ba02b5b766933f137888", "best_bid": "0.65", "best_ask": "0.81"}, {"asset_id": "103206131584345534219777803662235735845312981950233075829729747631018349006817", "price": "0.85", "size": "3137.22", "side": "SELL", "hash": "c91a0f747efb65fe3ec6072db540a950509fe680", "best_bid": "0.19", "best_ask": "0.35"}], "timestamp": "1769384191204", "event_type": "price_change"}}
{"_local_timestamp": "2026-01-25T23:36:31.276980+00:00", "data": {"market": "0xfaba55442a17a201a46f7ac19fd9394364f04959cdebfa420bc0c5ab2da00f59", "price_changes": [{"asset_id": "76829378806632943504106553503686063944439990588195206882350689917773385019771", "price": "0.15", "size": "4407.32", "side": "BUY", "hash": "6417ea35a9aeca7ce3fcb36bdef7e8e14f4c62a8", "best_bid": "0.65", "best_ask": "0.81"}, {"asset_id": "103206131584345534219777803662235735845312981950233075829729747631018349006817", "price": "0.85", "size": "4407.32", "side": "SELL", "hash": "788a7cd6700160751501613d962329855a271780", "best_bid": "0.19", "best_ask": "0.35"}], "timestamp": "1769384191205", "event_type": "price_change"}}
{"_local_timestamp": "2026-01-25T23:36:31.383808+00:00", "data": {"market": "0xfaba55442a17a201a46f7ac19fd9394364f04959cdebfa420bc0c5ab2da00f59", "price_changes": [{"asset_id": "76829378806632943504106553503686063944439990588195206882350689917773385019771", "price": "0.13", "size": "600", "side": "BUY", "hash": "f8116686123d2c1571d382b123b719d21df7ebd6", "best_bid": "0.65", "best_ask": "0.81"}, {"asset_id": "103206131584345534219777803662235735845312981950233075829729747631018349006817", "price": "0.87", "size": "600", "side": "SELL", "hash": "0cf5f9951740d644a28755df3c983a7b5d28a5d2", "best_bid": "0.19", "best_ask": "0.35"}], "timestamp": "1769384191313", "event_type": "price_change"}}
{"_local_timestamp": "2026-01-25T23:36:31.430772+00:00", "data": {"market": "0xfaba55442a17a201a46f7ac19fd9394364f04959cdebfa420bc0c5ab2da00f59", "price_changes": [{"asset_id": "76829378806632943504106553503686063944439990588195206882350689917773385019771", "price": "0.16", "size": "5999.11", "side": "BUY", "hash": "06e9bda6848dd1fe6879821c23b4c5c320d73363", "best_bid": "0.65", "best_ask": "0.81"}, {"asset_id": "103206131584345534219777803662235735845312981950233075829729747631018349006817", "price": "0.84", "size": "5999.11", "side": "SELL", "hash": "7403d1cd3d004b429652bf6330ca4c94d68fa459", "best_bid": "0.19", "best_ask": "0.35"}], "timestamp": "1769384191358", "event_type": "price_change"}}
{"_local_timestamp": "2026-01-25T23:36:31.956235+00:00", "data": {"market": "0xfaba55442a17a201a46f7ac19fd9394364f04959cdebfa420bc0c5ab2da00f59", "price_changes": [{"asset_id": "76829378806632943504106553503686063944439990588195206882350689917773385019771", "price": "0.13", "size": "700", "side": "BUY", "hash": "904b2ea2135bebf1053ff2165a3cf0323e323f41", "best_bid": "0.65", "best_ask": "0.81"}, {"asset_id": "103206131584345534219777803662235735845312981950233075829729747631018349006817", "price": "0.87", "size": "700", "side": "SELL", "hash": "3600b98c332669dcbf0fb0641562bfa7986673e0", "best_bid": "0.19", "best_ask": "0.35"}], "timestamp": "1769384191886", "event_type": "price_change"}}
