{"_local_timestamp": "2026-01-25T23:41:07.890707+00:00", "data": [{"market": "0xa10b3d27570f31a72d6f3423faaaf746ad969dc49f39325425041fcb80161608", "asset_id": "67502762968645714869002345805010352311871702593328714183166200318860465838709", "timestamp": "1769384465357", "hash": "d6d60f0079199cb417c8e69ff09965fbe8a529a0", "bids": [{"price": "0.01", "size": "9882.21"}, {"price": "0.02", "size": "2100"}, {"price": "0.03", "size": "9.45"}, {"price": "0.07", "size": "1700"}, {"price": "0.08", "size": "4657.32"}, {"price": "0.09", "size": "896.94"}, {"price": "0.1", "size": "200"}, {"price": "0.2", "size": "1290.11"}, {"price": "0.21", "size": "890.11"}, {"price": "0.35", "size": "130"}, {"price": "0.5", "size": "20"}, {"price": "0.52", "size": "50"}, {"price": "0.54", "size": "100"}, {"price": "0.56", "size": "1000"}, {"price": "0.57", "size": "43"}], "asks": [{"price": "0.99", "size": "9881.72"}, {"price": "0.98", "size": "2100"}, {"price": "0.97", "size": "9.18"}, {"price": "0.93", "size": "1700"}, {"price": "0.92", "size": "4857.32"}, {"price": "0.91", "size": "106.98"}, {"price": "0.68", "size": "112"}, {"price": "0.64", "size": "1268.11"}, {"price": "0.63", "size": "890.11"}, {"price": "0.62", "size": "23"}, {"price": "0.6", "size": "740.29"}, {"price": "0.59", "size": "410.52"}], "event_type": "book", "last_trade_price": "0.430"}, {"market": "0xa10b3d27570f31a72d6f3423faaaf746ad969dc49f39325425041fcb80161608", "asset_id": "84236884021542303032638452986954039824644750541397101214796644511947794899788", "timestamp": "1769384465357", "hash": "5d15f0c80cd90fcd2805ce9a1c454c13afb015ad", "bids": [{"price": "0.01", "size": "9881.72"}, {"price": "0.02", "size": "2100"}, {"price": "0.03", "size": "9.18"}, {"price": "0.07", "size": "1700"}, {"price": "0.08", "size": "4857.32"}, {"price": "0.09", "size": "106.98"}, {"price": "0.32", "size": "112"}, {"price": "0.36", "size": "1268.11"}, {"price": "0.37", "size": "890.11"}, {"price": "0.38", "size": "23"}, {"price": "0.4", "size": "740.29"}, {"price": "0.41", "size": "410.52"}], "asks": [{"price": "0.99", "size": "9882.21"}, {"price": "0.98", "size": "2100"}, {"price": "0.97", "size": "9.45"}, {"price": "0.93", "size": "1700"}, {"price": "0.92", "size": "4657.32"}, {"price": "0.91", "size": "896.94"}, {"price": "0.9", "size": "200"}, {"price": "0.8", "size": "1290.11"}, {"price": "0.79", "size": "890.11"}, {"price": "0.65", "size": "130"}, {"price": "0.5", "size": "20"}, {"price": "0.48", "size": "50"}, {"price": "0.46", "size": "100"}, {"price": "0.44", "size": "1000"}, {"price": "0.43", "size": "43"}], "event_type": "book", "last_trade_price": "0.430"}]}
{"_local_timestamp": "2026-01-25T23:41:09.382273+00:00", "data": {"market": "0xa10b3d27570f31a72d6f3423faaaf746ad969dc49f39325425041fcb80161608", "price_changes": [{"asset_id": "67502762968645714869002345805010352311871702593328714183166200318860465838709", "price": "0.1", "size": "100", "side": "BUY", "hash": "a893128e1143906b2c593c694f417f04963c1b6e", "best_bid": "0.57", "best_ask": "0.59"}, {"asset_id": "84236884021542303032638452986954039824644750541397101214796644511947794899788", "price": "0.9", "size": "100", "side": "SELL", "hash": "8bc997efb7806bcbaec7abebdb8994ef5bf6c093", "best_bid": "0.41", "best_ask": "0.43"}], "timestamp": "1769384469302", "event_type": "price_change"}}
{"_local_timestamp": "2026-01-25T23:41:09.435039+00:00", "data": {"market": "0xa10b3d27570f31a72d6f3423faaaf746ad969dc49f39325425041fcb80161608", "price_changes": [{"asset_id": "84236884021542303032638452986954039824644750541397101214796644511947794899788", "price": "0.08", "size": "700", "side": "BUY", "hash": "6064fb9033e8467a1463041c1adbabd4b9a6521c", "best_bid": "0.41", "best_ask": "0.43"}, {"asset_id": "67502762968645714869002345805010352311871702593328714183166200318860465838709", "price": "0.92", "size": "700", "side": "SELL", "hash": "0523c9b36792c773de498cf84134027c8644cc00", "best_bid": "0.57", "best_ask": "0.59"}], "timestamp": "1769384469362", "event_type": "price_change"}}
{"_local_timestamp": "2026-01-25T23:41:09.435509+00:00", "data": {"market": "0xa10b3d27570f31a72d6f3423faaaf746ad969dc49f39325425041fcb80161608", "price_changes": [{"asset_id": "67502762968645714869002345805010352311871702593328714183166200318860465838709", "price": "0.09", "size": "6.83", "side": "BUY", "hash": "4733df9dd1f6b7dbb13f00a493d097b32c3c3e43", "best_bid": "0.57", "best_ask": "0.59"}, {"asset_id": "84236884021542303032638452986954039824644750541397101214796644511947794899788", "price": "0.91", "size": "6.83", "side": "SELL", "hash": "c70e610329939df0c872fa907c4247c2f8577243", "best_bid": "0.41", "best_ask": "0.43"}], "timestamp": "1769384469363", "event_type": "price_change"}}
{"_local_timestamp": "2026-01-25T23:41:09.447412+00:00", "data": {"market": "0xa10b3d27570f31a72d6f3423faaaf746ad969dc49f39325425041fcb80161608", "price_changes": [{"asset_id": "84236884021542303032638452986954039824644750541397101214796644511947794899788", "price": "0.09", "size": "1377.08", "side": "BUY", "hash": "43d2cb377974fee7bc4fa1b828041d29bc6b427d", "best_bid": "0.41", "best_ask": "0.43"}, {"asset_id": "67502762968645714869002345805010352311871702593328714183166200318860465838709", "price": "0.91", "size": "1377.08", "side": "SELL", "hash": "66afcd1566ef337b2d05713295a8a58d265ff421", "best_bid": "0.57", "best_ask": "0.59"}], "timestamp": "1769384469366", "event_type": "price_change"}}
{"_local_timestamp": "2026-01-25T23:41:09.447775+00:00", "data": {"market": "0xa10b3d27570f31a72d6f3423faaaf746ad969dc49f39325425041fcb80161608", "price_changes": [{"asset_id": "84236884021542303032638452986954039824644750541397101214796644511947794899788", "price": "0.09", "size": "2267.19", "side": "BUY", "hash": "98f0e154cbf399af0a4ea1cd4f3122bf28d258e9", "best_bid": "0.41", "best_ask": "0.43"}, {"asset_id": "67502762968645714869002345805010352311871702593328714183166200318860465838709", "price": "0.91", "size": "2267.19", "side": "SELL", "hash": "e77a23cdd77d968ca86963911cf48edca176cd80", "best_bid": "0.57", "best_ask": "0.59"}], "timestamp": "1769384469367", "event_type": "price_change"}}
{"_local_timestamp": "2026-01-25T23:41:09.448045+00:00", "data": {"market": "0xa10b3d27570f31a72d6f3423faaaf746ad969dc49f39325425041fcb80161608", "price_changes": [{"asset_id": "84236884021542303032638452986954039824644750541397101214796644511947794899788", "price": "0.09", "size": "4264.3", "side": "BUY", "hash": "112c96adc533a751a9039a8b6eb44e4eda328758", "best_bid": "0.41", "best_ask": "0.43"}, {"asset_id": "67502762968645714869002345805010352311871702593328714183166200318860465838709", "price": "0.91", "size": "4264.3", "side": "SELL", "hash": "1ec72a0adddef86a367142c3a6cb98d4108acb23", "best_bid": "0.57", "best_ask": "0.59"}], "timestamp": "1769384469368", "event_type": "price_change"}}
{"_local_timestamp": "2026-01-25T23:41:09.691592+00:00", "data": {"market": "0xa10b3d27570f31a72d6f3423faaaf746ad969dc49f39325425041fcb80161608", "price_changes": [{"asset_id": "67502762968645714869002345805010352311871702593328714183166200318860465838709", "price": "0.08", "size": "4757.32", "side": "BUY", "hash": "9bc6aed16ae16860dec6e4796cbd9e3c9fe29d29", "best_bid": "0.57", "best_ask": "0.59"}, {"asset_id": "84236884021542303032638452986954039824644750541397101214796644511947794899788", "price": "0.92", "size": "4757.32", "side": "SELL", "hash": "694ed01fea6fecd4aec0789b210ef23251e2b215", "best_bid": "0.41", "best_ask": "0.43"}], "timestamp": "1769384469599", "event_type": "price_change"}}
{"_local_timestamp": "2026-01-25T23:41:11.741648+00:00", "data": {"market": "0xa10b3d27570f31a72d6f3423faaaf746ad969dc49f39325425041fcb80161608", "price_changes": [{"asset_id": "67502762968645714869002345805010352311871702593328714183166200318860465838709", "price": "0.1", "size": "0", "side": "BUY", "hash": "0e218aed9d95e2c4fa95e3d1ed84a90df2c8aa3d", "best_bid": "0.57", "best_ask": "0.59"}, {"asset_id": "84236884021542303032638452986954039824644750541397101214796644511947794899788", "price": "0.9", "size": "0", "side": "SELL", "hash": "dfc1a1711fe028b4ae365e0e623c148cc74ca499", "best_bid": "0.41", "best_ask": "0.43"}], "timestamp": "1769384471657", "event_type": "price_change"}}
{"_local_timestamp": "2026-01-25T23:41:12.052722+00:00", "data": {"market": "0xa10b3d27570f31a72d6f3423faaaf746ad969dc49f39325425041fcb80161608", "price_changes": [{"asset_id": "67502762968645714869002345805010352311871702593328714183166200318860465838709", "price": "0.08", "size": "4857.32", "side": "BUY", "hash": "0d098e59fdae28771e25db4de5e335e707f37bf3", "best_bid": "0.57", "best_ask": "0.59"}, {"asset_id": "84236884021542303032638452986954039824644750541397101214796644511947794899788", "price": "0.92", "size": "4857.32", "side": "SELL", "hash": "4d6a97986b915a2db05865db9f3af971327470f3", "best_bid": "0.41", "best_ask": "0.43"}], "timestamp": "1769384471944", "event_type": "price_change"}}
{"_local_timestamp": "2026-01-25T23:41:21.456599+00:00", "data": {"market": "0xa10b3d27570f31a72d6f3423faaaf746ad969dc49f39325425041fcb80161608", "price_changes": [{"asset_id": "67502762968645714869002345805010352311871702593328714183166200318860465838709", "price": "0.08", "size": "4957.32", "side": "BUY", "hash": "b74470df333fb3a3da9363e68546097080b530df", "best_bid": "0.57", "best_ask": "0.59"}, {"asset_id": "84236884021542303032638452986954039824644750541397101214796644511947794899788", "price": "0.92", "size": "4957.32", "side": "SELL", "hash": "05ecb86e313b1a2f3b6cb719b680f24a041bb48d", "best_bid": "0.41", "best_ask": "0.43"}], "timestamp": "1769384481356", "event_type": "price_change"}}
{"_local_timestamp": "2026-01-25T23:41:21.513468+00:00", "data": {"market": "0xa10b3d27570f31a72d6f3423faaaf746ad969dc49f39325425041fcb80161608", "price_changes": [{"asset_id": "67502762968645714869002345805010352311871702593328714183166200318860465838709", "price": "0.08", "size": "800", "side": "BUY", "hash": "4d46d0934565b865952dd017757b67d2bc5099c0", "best_bid": "0.57", "best_ask": "0.59"}, {"asset_id": "84236884021542303032638452986954039824644750541397101214796644511947794899788", "price": "0.92", "size": "800", "side": "SELL", "hash": "948e1182a896e72d44c95883f179658c60e3f322", "best_bid": "0.41", "best_ask": "0.43"}], "timestamp": "1769384481439", "event_type": "price_change"}}
{"_local_timestamp": "2026-01-25T23:41:21.644779+00:00", "data": {"market": "0xa10b3d27570f31a72d6f3423faaaf746ad969dc49f39325425041fcb80161608", "price_changes": [{"asset_id": "67502762968645714869002345805010352311871702593328714183166200318860465838709", "price": "0.09", "size": "1276.93", "side": "BUY", "hash": "b11a19f0a3a80dabb5b8e3453f5e6f367de27cf5", "best_bid": "0.57", "best_ask": "0.59"}, {"asset_id": "84236884021542303032638452986954039824644750541397101214796644511947794899788", "price": "0.91", "size": "1276.93", "side": "SELL", "hash": "b594e2fe5815c780f293744d0a1178c977c806d9", "best_bid": "0.41", "best_ask": "0.43"}], "timestamp": "1769384481567", "event_type": "price_change"}}
{"_local_timestamp": "2026-01-25T23:41:21.646961+00:00", "data": {"market": "0xa10b3d27570f31a72d6f3423faaaf746ad969dc49f39325425041fcb80161608", "price_changes": [{"asset_id": "67502762968645714869002345805010352311871702593328714183166200318860465838709", "price": "0.09", "size": "2167.04", "side": "BUY", "hash": "c3fdc8e428efd96c2a3973836db4799e24ddf7ba", "best_bid": "0.57", "best_ask": "0.59"}, {"asset_id": "84236884021542303032638452986954039824644750541397101214796644511947794899788", "price": "0.91", "size": "2167.04", "side": "SELL", "hash": "4fc5278c7464d428f4f2d328b69a9ae85b4b22b6", "best_bid": "0.41", "best_ask": "0.43"}], "timestamp": "1769384481568", "event_type": "price_change"}}
{"_local_timestamp": "2026-01-25T23:41:21.649866+00:00", "data": {"market": "0xa10b3d27570f31a72d6f3423faaaf746ad969dc49f39325425041fcb80161608", "price_changes": [{"asset_id": "67502762968645714869002345805010352311871702593328714183166200318860465838709", "price": "0.09", "size": "4164.15", "side": "BUY", "hash": "57e9b2510e09e33dd9288252ad6926d8b3ef9f0b", "best_bid": "0.57", "best_ask": "0.59"}, {"asset_id": "84236884021542303032638452986954039824644750541397101214796644511947794899788", "price": "0.91", "size": "4164.15", "side": "SELL", "hash": "70f6e34604e674b0b1e72ab58121047023416f84", "best_bid": "0.41", "best_ask": "0.43"}], "timestamp": "1769384481569", "event_type": "price_change"}}
{"_local_timestamp": "2026-01-25T23:41:27.932669+00:00", "data": {"market": "0xa10b3d27570f31a72d6f3423faaaf746ad969dc49f39325425041fcb80161608", "price_changes": [{"asset_id": "84236884021542303032638452986954039824644750541397101214796644511947794899788", "price": "0.08", "size": "300", "side": "BUY", "hash": "21131b795703ce1fafd090ffac18061b79829d50", "best_bid": "0.41", "best_ask": "0.43"}, {"asset_id": "67502762968645714869002345805010352311871702593328714183166200318860465838709", "price": "0.92", "size": "300", "side": "SELL", "hash": "1bdab80f754c999a395878ab3699f2f78447c3c9", "best_bid": "0.57", "best_ask": "0.59"}], "timestamp": "1769384487843", "event_type": "price_change"}}
{"_local_timestamp": "2026-01-25T23:41:28.035353+00:00", "data": {"market": "0xa10b3d27570f31a72d6f3423faaaf746ad969dc49f39325425041fcb80161608", "price_changes": [{"asset_id": "84236884021542303032638452986954039824644750541397101214796644511947794899788", "price": "0.08", "size": "1190.11", "side": "BUY", "hash": "c67ecad96505b012278879b3f35392fc53812c91", "best_bid": "0.41", "best_ask": "0.43"}, {"asset_id": "67502762968645714869002345805010352311871702593328714183166200318860465838709", "price": "0.92", "size": "1190.11", "side": "SELL", "hash": "09b0fadc4355be66adededc2c99005af098cc6e5", "best_bid": "0.57", "best_ask": "0.59"}], "timestamp": "1769384487960", "event_type": "price_change"}}
{"_local_timestamp": "2026-01-25T23:41:28.071341+00:00", "data": {"market": "0xa10b3d27570f31a72d6f3423faaaf746ad969dc49f39325425041fcb80161608", "price_changes": [{"asset_id": "84236884021542303032638452986954039824644750541397101214796644511947794899788", "price": "0.08", "size": "3187.22", "side": "BUY", "hash": "5f9d5a62ed53feb9cb8017c6a0b2eea9f7f98b79", "best_bid": "0.41", "best_ask": "0.43"}, {"asset_id": "67502762968645714869002345805010352311871702593328714183166200318860465838709", "price": "0.92", "size": "3187.22", "side": "SELL", "hash": "439cc12eb550377adf3fd429804e908dc1367f79", "best_bid": "0.57", "best_ask": "0.59"}], "timestamp": "1769384487995", "event_type": "price_change"}}
{"_local_timestamp": "2026-01-25T23:41:28.074145+00:00", "data": {"market": "0xa10b3d27570f31a72d6f3423faaaf746ad969dc49f39325425041fcb80161608", "price_changes": [{"asset_id": "84236884021542303032638452986954039824644750541397101214796644511947794899788", "price": "0.08", "size": "4457.32", "side": "BUY", "hash": "98a8f1836db198e273e538fac9e8e67264baaad3", "best_bid": "0.41", "best_ask": "0.43"}, {"asset_id": "67502762968645714869002345805010352311871702593328714183166200318860465838709", "price": "0.92", "size": "4457.32", "side": "SELL", "hash": "65bec1d01b687080773f782a4b987ff135188582", "best_bid": "0.57", "best_ask": "0.59"}], "timestamp": "1769384487997", "event_type": "price_change"}}
{"_local_timestamp": "2026-01-25T23:41:28.211963+00:00", "data": {"market": "0xa10b3d27570f31a72d6f3423faaaf746ad969dc49f39325425041fcb80161608", "price_changes": [{"asset_id": "84236884021542303032638452986954039824644750541397101214796644511947794899788", "price": "0.09", "size": "4664.3", "side": "BUY", "hash": "82fbb9f3112a5cb2789e2cd49edc7c04e50f5573", "best_bid": "0.41", "best_ask": "0.43"}, {"asset_id": "67502762968645714869002345805010352311871702593328714183166200318860465838709", "price": "0.91", "size": "4664.3", "side": "SELL", "hash": "5c410ca94917a38c2dee8314764e1b0f52850654", "best_bid": "0.57", "best_ask": "0.59"}], "timestamp": "1769384488133", "event_type": "price_change"}}
{"_local_timestamp": "2026-01-25T23:41:33.535669+00:00", "data": {"market": "0xa10b3d27570f31a72d6f3423faaaf746ad969dc49f39325425041fcb80161608", "price_changes": [{"asset_id": "67502762968645714869002345805010352311871702593328714183166200318860465838709", "price": "0.08", "size": "700", "side": "BUY", "hash": "6c31e279b0e696f67d9cc7a186df442aa3654fd3", "best_bid": "0.57", "best_ask": "0.59"}, {"asset_id": "84236884021542303032638452986954039824644750541397101214796644511947794899788", "price": "0.92", "size": "700", "side": "SELL", "hash": "9f787ecbf9a9b1041d1bbb77d185202b537d7e87", "best_bid": "0.41", "best_ask": "0.43"}], "timestamp": "1769384493429", "event_type": "price_change"}}
{"_local_timestamp": "2026-01-25T23:41:33.541158+00:00", "data": {"market": "0xa10b3d27570f31a72d6f3423faaaf746ad969dc49f39325425041fcb80161608", "price_changes": [{"asset_id": "84236884021542303032638452986954039824644750541397101214796644511947794899788", "price": "0.08", "size": "4357.32", "side": "BUY", "hash": "87d06d4bbd4f6fa1ead8a75cdacd21932dad60d9", "best_bid": "0.41", "best_ask": "0.43"}, {"asset_id": "67502762968645714869002345805010352311871702593328714183166200318860465838709", "price": "0.92", "size": "4357.32", "side": "SELL", "hash": "d6c17d80fc0e7ef3163bed8de80a64143806a6b3", "best_bid": "0.57", "best_ask": "0.59"}], "timestamp": "1769384493442", "event_type": "price_change"}}
{"_local_timestamp": "2026-01-25T23:41:33.646495+00:00", "data": {"market": "0xa10b3d27570f31a72d6f3423faaaf746ad969dc49f39325425041fcb80161608", "price_changes": [{"asset_id": "84236884021542303032638452986954039824644750541397101214796644511947794899788", "price": "0.09", "size": "506.98", "side": "BUY", "hash": "a7194874f2c5cc25ac3940f6b8486d8bebde7521", "best_bid": "0.41", "best_ask": "0.43"}, {"asset_id": "67502762968645714869002345805010352311871702593328714183166200318860465838709", "price": "0.91", "size": "506.98", "side": "SELL", "hash": "e61c3cf3445d70ab1cc22b272eeefc5696aa42f9", "best_bid": "0.57", "best_ask": "0.59"}], "timestamp": "1769384493572", "event_type": "price_change"}}
{"_local_timestamp": "2026-01-25T23:41:33.656050+00:00", "data": {"market": "0xa10b3d27570f31a72d6f3423faaaf746ad969dc49f39325425041fcb80161608", "price_changes": [{"asset_id": "84236884021542303032638452986954039824644750541397101214796644511947794899788", "price": "0.1", "size": "1997.11", "side": "BUY", "hash": "53731e59b15356d09216545c28008d5f1609822f", "best_bid": "0.41", "best_ask": "0.43"}, {"asset_id": "67502762968645714869002345805010352311871702593328714183166200318860465838709", "price": "0.9", "size": "1997.11", "side": "SELL", "hash": "247de24ecd4d18457ac8e167d6218accb74d1eef", "best_bid": "0.57", "best_ask": "0.59"}], "timestamp": "1769384493574", "event_type": "price_change"}}
{"_local_timestamp": "2026-01-25T23:41:33.656551+00:00", "data": {"market": "0xa10b3d27570f31a72d6f3423faaaf746ad969dc49f39325425041fcb80161608", "price_changes": [{"asset_id": "84236884021542303032638452986954039824644750541397101214796644511947794899788", "price": "0.1", "size": "7996.22", "side": "BUY", "hash": "12d7640c98b4bc230fbde74527194a8864fcb527", "best_bid": "0.41", "best_ask": "0.43"}, {"asset_id": "67502762968645714869002345805010352311871702593328714183166200318860465838709", "price": "0.9", "size": "7996.22", "side": "SELL", "hash": "ff01245fae9c90f2bb370ddc2651e172d4842c7d", "best_bid": "0.57", "best_ask": "0.59"}], "timestamp": "1769384493574", "event_type": "price_change"}}
{"_local_timestamp": "2026-01-25T23:41:33.656885+00:00", "data": {"market": "0xa10b3d27570f31a72d6f3423faaaf746ad969dc49f39325425041fcb80161608", "price_changes": [{"asset_id": "84236884021542303032638452986954039824644750541397101214796644511947794899788", "price": "0.1", "size": "9266.32", "side": "BUY", "hash": "661c3d0d4508083328085a9dca5d3f0d1e9e091e", "best_bid": "0.41", "best_ask": "0.43"}, {"asset_id": "67502762968645714869002345805010352311871702593328714183166200318860465838709", "price": "0.9", "size": "9266.32", "side": "SELL", "hash": "6b0c8a8b44d448ebc48e80c8b9e9eec28d160a6c", "best_bid": "0.57", "best_ask": "0.59"}], "timestamp": "1769384493575", "event_type": "price_change"}}
{"_local_timestamp": "2026-01-25T23:41:33.657305+00:00", "data": {"market": "0xa10b3d27570f31a72d6f3423faaaf746ad969dc49f39325425041fcb80161608", "price_changes": [{"asset_id": "84236884021542303032638452986954039824644750541397101214796644511947794899788", "price": "0.1", "size": "10156.43", "side": "BUY", "hash": "2526a20d4e86c24c1e8317bf483d5f9e62ac03fb", "best_bid": "0.41", "best_ask": "0.43"}, {"asset_id": "67502762968645714869002345805010352311871702593328714183166200318860465838709", "price": "0.9", "size": "10156.43", "side": "SELL", "hash": "b7447869115626046b6e29f046e975ff3905a828", "best_bid": "0.57", "best_ask": "0.59"}], "timestamp": "1769384493576", "event_type": "price_change"}}
{"_local_timestamp": "2026-01-25T23:41:33.714748+00:00", "data": {"market": "0xa10b3d27570f31a72d6f3423faaaf746ad969dc49f39325425041fcb80161608", "price_changes": [{"asset_id": "67502762968645714869002345805010352311871702593328714183166200318860465838709", "price": "0.09", "size": "4264.15", "side": "BUY", "hash": "9de3e1789c5d4825b3eee6471498712ac0bcd6f1", "best_bid": "0.57", "best_ask": "0.59"}, {"asset_id": "84236884021542303032638452986954039824644750541397101214796644511947794899788", "price": "0.91", "size": "4264.15", "side": "SELL", "hash": "a2d2024dddcf182c46751de001ff23109abc90bc", "best_bid": "0.41", "best_ask": "0.43"}], "timestamp": "1769384493645", "event_type": "price_change"}}
{"_local_timestamp": "2026-01-25T23:41:33.798579+00:00", "data": {"market": "0xa10b3d27570f31a72d6f3423faaaf746ad969dc49f39325425041fcb80161608", "price_changes": [{"asset_id": "84236884021542303032638452986954039824644750541397101214796644511947794899788", "price": "0.09", "size": "606.98", "side": "BUY", "hash": "d7c9c3caa30463bda6934812fc42514f14490dff", "best_bid": "0.41", "best_ask": "0.43"}, {"asset_id": "67502762968645714869002345805010352311871702593328714183166200318860465838709", "price": "0.91", "size": "606.98", "side": "SELL", "hash": "7a7ad7d003de75909c282ae86c323ed1df16fe18", "best_bid": "0.57", "best_ask": "0.59"}], "timestamp": "1769384493718", "event_type": "price_change"}}
{"_local_timestamp": "2026-01-25T23:41:42.463563+00:00", "data": {"market": "0xa10b3d27570f31a72d6f3423faaaf746ad969dc49f39325425041fcb80161608", "price_changes": [{"asset_id": "84236884021542303032638452986954039824644750541397101214796644511947794899788", "price": "0.08", "size": "4257.32", "side": "BUY", "hash": "cc60a49ba4e614b9f3b7d392bfc9f091ac36461c", "best_bid": "0.41", "best_ask": "0.43"}, {"asset_id": "67502762968645714869002345805010352311871702593328714183166200318860465838709", "price": "0.92", "size": "4257.32", "side": "SELL", "hash": "07e5e351023e9fa9c0335c05e721f1c8a8604a13", "best_bid": "0.57", "best_ask": "0.59"}], "timestamp": "1769384502378", "event_type": "price_change"}}
{"_local_timestamp": "2026-01-25T23:41:42.464157+00:00", "data": {"market": "0xa10b3d27570f31a72d6f3423faaaf746ad969dc49f39325425041fcb80161608", "price_changes": [{"asset_id": "67502762968645714869002345805010352311871702593328714183166200318860465838709", "price": "0.08", "size": "600", "side": "BUY", "hash": "19bfd971d5cfb92c4ecd5eb205f397db065f412a", "best_bid": "0.57", "best_ask": "0.59"}, {"asset_id": "84236884021542303032638452986954039824644750541397101214796644511947794899788", "price": "0.92", "size": "600", "side": "SELL", "hash": "bc98ce51596c51b08b6d14f15a64ae9a3e628aaa", "best_bid": "0.41", "best_ask": "0.43"}], "timestamp": "1769384502379", "event_type": "price_change"}}
{"_local_timestamp": "2026-01-25T23:41:42.574562+00:00", "data": {"market": "0xa10b3d27570f31a72d6f3423faaaf746ad969dc49f39325425041fcb80161608", "price_changes": [{"asset_id": "84236884021542303032638452986954039824644750541397101214796644511947794899788", "price": "0.11", "size": "890.11", "side": "BUY", "hash": "3582c67f870016cfdfccb3ec2b14f6c15b197523", "best_bid": "0.41", "best_ask": "0.43"}, {"asset_id": "67502762968645714869002345805010352311871702593328714183166200318860465838709", "price": "0.89", "size": "890.11", "side": "SELL", "hash": "a6ec7f0844fd1cc93673737708df4009d041ea87", "best_bid": "0.57", "best_ask": "0.59"}], "timestamp": "1769384502503", "event_type": "price_change"}}
{"_local_timestamp": "2026-01-25T23:41:42.575171+00:00", "data": {"market": "0xa10b3d27570f31a72d6f3423faaaf746ad969dc49f39325425041fcb80161608", "price_changes": [{"asset_id": "84236884021542303032638452986954039824644750541397101214796644511947794899788", "price": "0.11", "size": "2160.21", "side": "BUY", "hash": "b7082b212a83c48900f71af87d5b6ae1684cb2b1", "best_bid": "0.41", "best_ask": "0.43"}, {"asset_id": "67502762968645714869002345805010352311871702593328714183166200318860465838709", "price": "0.89", "size": "2160.21", "side": "SELL", "hash": "cf16b0b18ab34f013464138202ca264288635543", "best_bid": "0.57", "best_ask": "0.59"}], "timestamp": "1769384502504", "event_type": "price_change"}}
{"_local_timestamp": "2026-01-25T23:41:42.575562+00:00", "data": {"market": "0xa10b3d27570f31a72d6f3423faaaf746ad969dc49f39325425041fcb80161608", "price_changes": [{"asset_id": "84236884021542303032638452986954039824644750541397101214796644511947794899788", "price": "0.11", "size": "8159.32", "side": "BUY", "hash": "18294b919e479d083b7ce849ae15b42f5472772c", "best_bid": "0.41", "best_ask": "0.43"}, {"asset_id": "67502762968645714869002345805010352311871702593328714183166200318860465838709", "price": "0.89", "size": "8159.32", "side": "SELL", "hash": "aca3cc6279f9aaa393cc9d4347cdab5196e95348", "best_bid": "0.57", "best_ask": "0.59"}], "timestamp": "1769384502504", "event_type": "price_change"}}
{"_local_timestamp": "2026-01-25T23:41:42.576317+00:00", "data": {"market": "0xa10b3d27570f31a72d6f3423faaaf746ad969dc49f39325425041fcb80161608", "price_changes": [{"asset_id": "84236884021542303032638452986954039824644750541397101214796644511947794899788", "price": "0.11", "size": "10156.43", "side": "BUY", "hash": "640c154ffee3d6cd8610b566ce7f6db38847d310", "best_bid": "0.41", "best_ask": "0.43"}, {"asset_id": "67502762968645714869002345805010352311871702593328714183166200318860465838709", "price": "0.89", "size": "10156.43", "side": "SELL", "hash": "2a4875fe7521c23f832334cc293da8b1d1b267b8", "best_bid": "0.57", "best_ask": "0.59"}], "timestamp": "1769384502505", "event_type": "price_change"}}
{"_local_timestamp": "2026-01-25T23:41:42.599209+00:00", "data": {"market": "0xa10b3d27570f31a72d6f3423faaaf746ad969dc49f39325425041fcb80161608", "price_changes": [{"asset_id": "84236884021542303032638452986954039824644750541397101214796644511947794899788", "price": "0.08", "size": "100", "side": "BUY", "hash": "b3cf9dd30ad81ec28a44fae5b876315f97151986", "best_bid": "0.41", "best_ask": "0.43"}, {"asset_id": "67502762968645714869002345805010352311871702593328714183166200318860465838709", "price": "0.92", "size": "100", "side": "SELL", "hash": "93413e2d2a25aaa95db49f76ac97fe34b89b6f2b", "best_bid": "0.57", "best_ask": "0.59"}], "timestamp": "1769384502528", "event_type": "price_change"}}
{"_local_timestamp": "2026-01-25T23:41:42.599680+00:00", "data": {"market": "0xa10b3d27570f31a72d6f3423faaaf746ad969dc49f39325425041fcb80161608", "price_changes": [{"asset_id": "84236884021542303032638452986954039824644750541397101214796644511947794899788", "price": "0.1", "size": "4157.32", "side": "BUY", "hash": "b3cf9dd30ad81ec28a44fae5b876315f97151986", "best_bid": "0.41", "best_ask": "0.43"}, {"asset_id": "67502762968645714869002345805010352311871702593328714183166200318860465838709", "price": "0.9", "size": "4157.32", "side": "SELL", "hash": "93413e2d2a25aaa95db49f76ac97fe34b89b6f2b", "best_bid": "0.57", "best_ask": "0.59"}], "timestamp": "1769384502528", "event_type": "price_change"}}
{"_local_timestamp": "2026-01-25T23:41:42.734150+00:00", "data": {"market": "0xa10b3d27570f31a72d6f3423faaaf746ad969dc49f39325425041fcb80161608", "price_changes": [{"asset_id": "67502762968645714869002345805010352311871702593328714183166200318860465838709", "price": "0.09", "size": "4364.15", "side": "BUY", "hash": "27f0882ade93d9a399b6580a1dd2ecc0f8efc78f", "best_bid": "0.57", "best_ask": "0.59"}, {"asset_id": "84236884021542303032638452986954039824644750541397101214796644511947794899788", "price": "0.91", "size": "4364.15", "side": "SELL", "hash": "05a8b339da64bb582c6daafb5066c74ce4b0637a", "best_bid": "0.41", "best_ask": "0.43"}], "timestamp": "1769384502662", "event_type": "price_change"}}
{"_local_timestamp": "2026-01-25T23:41:42.739405+00:00", "data": {"market": "0xa10b3d27570f31a72d6f3423faaaf746ad969dc49f39325425041fcb80161608", "price_changes": [{"asset_id": "84236884021542303032638452986954039824644750541397101214796644511947794899788", "price": "0.09", "size": "706.98", "side": "BUY", "hash": "bbe19e6bc8dcdbc3a76fc218bf651bfa9ec8d4c0", "best_bid": "0.41", "best_ask": "0.43"}, {"asset_id": "67502762968645714869002345805010352311871702593328714183166200318860465838709", "price": "0.91", "size": "706.98", "side": "SELL", "hash": "8a33e2c16b4b1bf3176d78338cb6431e1f386b5e", "best_bid": "0.57", "best_ask": "0.59"}], "timestamp": "1769384502663", "event_type": "price_change"}}
{"_local_timestamp": "2026-01-25T23:41:44.470699+00:00", "data": {"market": "0xa10b3d27570f31a72d6f3423faaaf746ad969dc49f39325425041fcb80161608", "price_changes": [{"asset_id": "84236884021542303032638452986954039824644750541397101214796644511947794899788", "price": "0.08", "size": "0", "side": "BUY", "hash": "3f4a6b3cfa358ce04eb5491bdef2c5f8a12db45b", "best_bid": "0.41", "best_ask": "0.43"}, {"asset_id": "67502762968645714869002345805010352311871702593328714183166200318860465838709", "price": "0.92", "size": "0", "side": "SELL", "hash": "c34d424c3ceaa96da99bd75182d4079ba05ff834", "best_bid": "0.57", "best_ask": "0.59"}], "timestamp": "1769384504396", "event_type": "price_change"}}
{"_local_timestamp": "2026-01-25T23:41:44.758854+00:00", "data": {"market": "0xa10b3d27570f31a72d6f3423faaaf746ad969dc49f39325425041fcb80161608", "price_changes": [{"asset_id": "84236884021542303032638452986954039824644750541397101214796644511947794899788", "price": "0.09", "size": "806.98", "side": "BUY", "hash": "59239aaf684ff34316c97b35935530e125ca940e", "best_bid": "0.41", "best_ask": "0.43"}, {"asset_id": "67502762968645714869002345805010352311871702593328714183166200318860465838709", "price": "0.91", "size": "806.98", "side": "SELL", "hash": "416496453eb44ff2b9aaa9aacc578fb25f426286", "best_bid": "0.57", "best_ask": "0.59"}], "timestamp": "1769384504683", "event_type": "price_change"}}
{"_local_timestamp": "2026-01-25T23:41:45.866789+00:00", "data": {"market": "0xa10b3d27570f31a72d6f3423faaaf746ad969dc49f39325425041fcb80161608", "price_changes": [{"asset_id": "84236884021542303032638452986954039824644750541397101214796644511947794899788", "price": "0.09", "size": "706.98", "side": "BUY", "hash": "20a9a3c792eec13786304f8c1e887a8185a22737", "best_bid": "0.41", "best_ask": "0.43"}, {"asset_id": "67502762968645714869002345805010352311871702593328714183166200318860465838709", "price": "0.91", "size": "706.98", "side": "SELL", "hash": "8f35d602ef450bf2d4de8ed1ba05aab3ea36421e", "best_bid": "0.57", "best_ask": "0.59"}], "timestamp": "1769384505796", "event_type": "price_change"}}
{"_local_timestamp": "2026-01-25T23:41:45.977332+00:00", "data": {"market": "0xa10b3d27570f31a72d6f3423faaaf746ad969dc49f39325425041fcb80161608", "price_changes": [{"asset_id": "84236884021542303032638452986954039824644750541397101214796644511947794899788", "price": "0.11", "size": "0", "side": "BUY", "hash": "393ac4f58eb9da02ea6e35ff26333c351b071d41", "best_bid": "0.41", "best_ask": "0.43"}, {"asset_id": "67502762968645714869002345805010352311871702593328714183166200318860465838709", "price": "0.89", "size": "0", "side": "SELL", "hash": "bd2c01588b66adc33be930713e77385085178f38", "best_bid": "0.57", "best_ask": "0.59"}], "timestamp": "1769384505906", "event_type": "price_change"}}
{"_local_timestamp": "2026-01-25T23:41:46.101366+00:00", "data": {"market": "0xa10b3d27570f31a72d6f3423faaaf746ad969dc49f39325425041fcb80161608", "price_changes": [{"asset_id": "84236884021542303032638452986954039824644750541397101214796644511947794899788", "price": "0.1", "size": "4257.32", "side": "BUY", "hash": "750eacfe643ae3108c719315cd9ecc845fb7b3db", "best_bid": "0.41", "best_ask": "0.43"}, {"asset_id": "67502762968645714869002345805010352311871702593328714183166200318860465838709", "price": "0.9", "size": "4257.32", "side": "SELL", "hash": "c57e06538ce46dc7e9bf19f68c8aa0e48392c1fb", "best_bid": "0.57", "best_ask": "0.59"}], "timestamp": "1769384506006", "event_type": "price_change"}}
{"_local_timestamp": "2026-01-25T23:41:48.642490+00:00", "data": {"market": "0xa10b3d27570f31a72d6f3423faaaf746ad969dc49f39325425041fcb80161608", "price_changes": [{"asset_id": "67502762968645714869002345805010352311871702593328714183166200318860465838709", "price": "0.08", "size": "200", "side": "BUY", "hash": "7248dd53675d09a0941066d4da0b26a241fc0309", "best_bid": "0.57", "best_ask": "0.59"}, {"asset_id": "84236884021542303032638452986954039824644750541397101214796644511947794899788", "price": "0.92", "size": "200", "side": "SELL", "hash": "14845c997e93d24d5c8471475e411f9a697c5f2f", "best_bid": "0.41", "best_ask": "0.43"}], "timestamp": "1769384508569", "event_type": "price_change"}}
{"_local_timestamp": "2026-01-25T23:41:48.661693+00:00", "data": {"market": "0xa10b3d27570f31a72d6f3423faaaf746ad969dc49f39325425041fcb80161608", "price_changes": [{"asset_id": "84236884021542303032638452986954039824644750541397101214796644511947794899788", "price": "0.09", "size": "306.98", "side": "BUY", "hash": "0e46e4e9b6a05cf37fbbac123f9e0da0657d40e1", "best_bid": "0.41", "best_ask": "0.43"}, {"asset_id": "67502762968645714869002345805010352311871702593328714183166200318860465838709", "price": "0.91", "size": "306.98", "side": "SELL", "hash": "c877061b746d18e30e1561ad7639760c2c4c8b00", "best_bid": "0.57", "best_ask": "0.59"}], "timestamp": "1769384508569", "event_type": "price_change"}}
{"_local_timestamp": "2026-01-25T23:41:48.713649+00:00", "data": {"market": "0xa10b3d27570f31a72d6f3423faaaf746ad969dc49f39325425041fcb80161608", "price_changes": [{"asset_id": "67502762968645714869002345805010352311871702593328714183166200318860465838709", "price": "0.08", "size": "2197.11", "side": "BUY", "hash": "4e695f52fb5b6fc50308e909b41d69423dadb290", "best_bid": "0.57", "best_ask": "0.59"}, {"asset_id": "84236884021542303032638452986954039824644750541397101214796644511947794899788", "price": "0.92", "size": "2197.11", "side": "SELL", "hash": "a4179fd3d29683a36dca589679807cd352d83080", "best_bid": "0.41", "best_ask": "0.43"}], "timestamp": "1769384508647", "event_type": "price_change"}}
{"_local_timestamp": "2026-01-25T23:41:48.722722+00:00", "data": {"market": "0xa10b3d27570f31a72d6f3423faaaf746ad969dc49f39325425041fcb80161608", "price_changes": [{"asset_id": "67502762968645714869002345805010352311871702593328714183166200318860465838709", "price": "0.08", "size": "3467.21", "side": "BUY", "hash": "62ab6a9f153484ecafc80760dbba53ba32dffa73", "best_bid": "0.57", "best_ask": "0.59"}, {"asset_id": "84236884021542303032638452986954039824644750541397101214796644511947794899788", "price": "0.92", "size": "3467.21", "side": "SELL", "hash": "eb1885b8358e167f89b0cc8f2540f2598aee7819", "best_bid": "0.41", "best_ask": "0.43"}], "timestamp": "1769384508648", "event_type": "price_change"}}
{"_local_timestamp": "2026-01-25T23:41:48.757453+00:00", "data": {"market": "0xa10b3d27570f31a72d6f3423faaaf746ad969dc49f39325425041fcb80161608", "price_changes": [{"asset_id": "67502762968645714869002345805010352311871702593328714183166200318860465838709", "price": "0.08", "size": "4357.32", "side": "BUY", "hash": "cbf91e99b77e4af7986c75c8ac1c891dfa133568", "best_bid": "0.57", "best_ask": "0.59"}, {"asset_id": "84236884021542303032638452986954039824644750541397101214796644511947794899788", "price": "0.92", "size": "4357.32", "side": "SELL", "hash": "32483aec88a78d4218a2e0ff65e768a5c88f820a", "best_bid": "0.41", "best_ask": "0.43"}], "timestamp": "1769384508684", "event_type": "price_change"}}
{"_local_timestamp": "2026-01-25T23:41:48.910510+00:00", "data": {"market": "0xa10b3d27570f31a72d6f3423faaaf746ad969dc49f39325425041fcb80161608", "price_changes": [{"asset_id": "67502762968645714869002345805010352311871702593328714183166200318860465838709", "price": "0.09", "size": "4764.15", "side": "BUY", "hash": "494036ff727502d83ebd2afa410ef3cc80d3eff5", "best_bid": "0.57", "best_ask": "0.59"}, {"asset_id": "84236884021542303032638452986954039824644750541397101214796644511947794899788", "price": "0.91", "size": "4764.15", "side": "SELL", "hash": "cd63703c955e1baf65958774de2c1dae2703be82", "best_bid": "0.41", "best_ask": "0.43"}], "timestamp": "1769384508840", "event_type": "price_change"}}
{"_local_timestamp": "2026-01-25T23:41:48.911170+00:00", "data": {"market": "0xa10b3d27570f31a72d6f3423faaaf746ad969dc49f39325425041fcb80161608", "price_changes": [{"asset_id": "84236884021542303032638452986954039824644750541397101214796644511947794899788", "price": "0.1", "size": "4657.32", "side": "BUY", "hash": "5234b7167c491a7d6b78ec3a2bc93b24669ec24e", "best_bid": "0.41", "best_ask": "0.43"}, {"asset_id": "67502762968645714869002345805010352311871702593328714183166200318860465838709", "price": "0.9", "size": "4657.32", "side": "SELL", "hash": "b04746a01db6ab47321bf0b282f0c440a5593d80", "best_bid": "0.57", "best_ask": "0.59"}], "timestamp": "1769384508841", "event_type": "price_change"}}
{"_local_timestamp": "2026-01-25T23:41:59.954933+00:00", "data": {"market": "0xa10b3d27570f31a72d6f3423faaaf746ad969dc49f39325425041fcb80161608", "price_changes": [{"asset_id": "84236884021542303032638452986954039824644750541397101214796644511947794899788", "price": "0.09", "size": "206.98", "side": "BUY", "hash": "76bdf0101e44a129d4ab6b7bb292f4b9f0c18bcf", "best_bid": "0.41", "best_ask": "0.43"}, {"asset_id": "67502762968645714869002345805010352311871702593328714183166200318860465838709", "price": "0.91", "size": "206.98", "side": "SELL", "hash": "cac7bf15f80c642a8f77c4d3e5c90eb180cd4628", "best_bid": "0.57", "best_ask": "0.59"}], "timestamp": "1769384519868", "event_type": "price_change"}}
{"_local_timestamp": "2026-01-25T23:41:59.956019+00:00", "data": {"market": "0xa10b3d27570f31a72d6f3423faaaf746ad969dc49f39325425041fcb80161608", "price_changes": [{"asset_id": "67502762968645714869002345805010352311871702593328714183166200318860465838709", "price": "0.08", "size": "4257.32", "side": "BUY", "hash": "4918d5a486fe9238855917afc7ed8b360cfbcea9", "best_bid": "0.57", "best_ask": "0.59"}, {"asset_id": "84236884021542303032638452986954039824644750541397101214796644511947794899788", "price": "0.92", "size": "4257.32", "side": "SELL", "hash": "200deec055aa9e81f047dba4e51ad53f1ae382cf", "best_bid": "0.41", "best_ask": "0.43"}], "timestamp": "1769384519868", "event_type": "price_change"}}
{"_local_timestamp": "2026-01-25T23:42:00.002979+00:00", "data": {"market": "0xa10b3d27570f31a72d6f3423faaaf746ad969dc49f39325425041fcb80161608", "price_changes": [{"asset_id": "67502762968645714869002345805010352311871702593328714183166200318860465838709", "price": "0.1", "size": "1270.1", "side": "BUY", "hash": "20bfc2f1e0f59792510e70b52d2c395898d19146", "best_bid": "0.57", "best_ask": "0.59"}, {"asset_id": "84236884021542303032638452986954039824644750541397101214796644511947794899788", "price": "0.9", "size": "1270.1", "side": "SELL", "hash": "1daa5d41c3bb7070a91f4e3115d6b94f44532c9a", "best_bid": "0.41", "best_ask": "0.43"}], "timestamp": "1769384519929", "event_type": "price_change"}}
{"_local_timestamp": "2026-01-25T23:42:00.003467+00:00", "data": {"market": "0xa10b3d27570f31a72d6f3423faaaf746ad969dc49f39325425041fcb80161608", "price_changes": [{"asset_id": "67502762968645714869002345805010352311871702593328714183166200318860465838709", "price": "0.1", "size": "3267.21", "side": "BUY", "hash": "4922f1973fd2e2d26c92c0a8b1a20ce234d98824", "best_bid": "0.57", "best_ask": "0.59"}, {"asset_id": "84236884021542303032638452986954039824644750541397101214796644511947794899788", "price": "0.9", "size": "3267.21", "side": "SELL", "hash": "58fa7fb1269d59abd60808f17f7a1624491148a8", "best_bid": "0.41", "best_ask": "0.43"}], "timestamp": "1769384519930", "event_type": "price_change"}}
{"_local_timestamp": "2026-01-25T23:42:00.003891+00:00", "data": {"market": "0xa10b3d27570f31a72d6f3423faaaf746ad969dc49f39325425041fcb80161608", "price_changes": [{"asset_id": "67502762968645714869002345805010352311871702593328714183166200318860465838709", "price": "0.1", "size": "4157.32", "side": "BUY", "hash": "e63ca611c42deed95ea6992a484d0d07f056476a", "best_bid": "0.57", "best_ask": "0.59"}, {"asset_id": "84236884021542303032638452986954039824644750541397101214796644511947794899788", "price": "0.9", "size": "4157.32", "side": "SELL", "hash": "b455015a7fd1553a1bbd210c367c90d1ab774fae", "best_bid": "0.41", "best_ask": "0.43"}], "timestamp": "1769384519931", "event_type": "price_change"}}
{"_local_timestamp": "2026-01-25T23:42:00.004329+00:00", "data": {"market": "0xa10b3d27570f31a72d6f3423faaaf746ad969dc49f39325425041fcb80161608", "price_changes": [{"asset_id": "84236884021542303032638452986954039824644750541397101214796644511947794899788", "price": "0.08", "size": "1997.11", "side": "BUY", "hash": "f44bc1b70090966460633ba8f3bd61b84193f324", "best_bid": "0.41", "best_ask": "0.43"}, {"asset_id": "67502762968645714869002345805010352311871702593328714183166200318860465838709", "price": "0.92", "size": "1997.11", "side": "SELL", "hash": "eb2f325991e63316c347be1ea236c70279d1802e", "best_bid": "0.57", "best_ask": "0.59"}], "timestamp": "1769384519931", "event_type": "price_change"}}
{"_local_timestamp": "2026-01-25T23:42:00.004820+00:00", "data": {"market": "0xa10b3d27570f31a72d6f3423faaaf746ad969dc49f39325425041fcb80161608", "price_changes": [{"asset_id": "84236884021542303032638452986954039824644750541397101214796644511947794899788", "price": "0.08", "size": "2887.22", "side": "BUY", "hash": "0ea264b5fad35c0d4dc7e49c88add7d405978c9b", "best_bid": "0.41", "best_ask": "0.43"}, {"asset_id": "67502762968645714869002345805010352311871702593328714183166200318860465838709", "price": "0.92", "size": "2887.22", "side": "SELL", "hash": "c9de7fcb5ed4e6c992e6d4b39737c042d493e8bc", "best_bid": "0.57", "best_ask": "0.59"}], "timestamp": "1769384519932", "event_type": "price_change"}}
{"_local_timestamp": "2026-01-25T23:42:00.008582+00:00", "data": {"market": "0xa10b3d27570f31a72d6f3423faaaf746ad969dc49f39325425041fcb80161608", "price_changes": [{"asset_id": "84236884021542303032638452986954039824644750541397101214796644511947794899788", "price": "0.08", "size": "4157.32", "side": "BUY", "hash": "c05a39dc816e9ebdbd3baed2341b6bb97f31ba94", "best_bid": "0.41", "best_ask": "0.43"}, {"asset_id": "67502762968645714869002345805010352311871702593328714183166200318860465838709", "price": "0.92", "size": "4157.32", "side": "SELL", "hash": "dbc5050bb2df3723bc0f18715b87c3f12838a1cb", "best_bid": "0.57", "best_ask": "0.59"}], "timestamp": "1769384519933", "event_type": "price_change"}}
{"_local_timestamp": "2026-01-25T23:42:00.009161+00:00", "data": {"market": "0xa10b3d27570f31a72d6f3423faaaf746ad969dc49f39325425041fcb80161608", "price_changes": [{"asset_id": "84236884021542303032638452986954039824644750541397101214796644511947794899788", "price": "0.1", "size": "500", "side": "BUY", "hash": "b1fca12ae0c43edc40c5810a8606700917c4f3d5", "best_bid": "0.41", "best_ask": "0.43"}, {"asset_id": "67502762968645714869002345805010352311871702593328714183166200318860465838709", "price": "0.9", "size": "500", "side": "SELL", "hash": "c0c39b01efbff7b396fb3bffbf9d292d7df0b4d7", "best_bid": "0.57", "best_ask": "0.59"}], "timestamp": "1769384519937", "event_type": "price_change"}}
{"_local_timestamp": "2026-01-25T23:42:00.009590+00:00", "data": {"market": "0xa10b3d27570f31a72d6f3423faaaf746ad969dc49f39325425041fcb80161608", "price_changes": [{"asset_id": "67502762968645714869002345805010352311871702593328714183166200318860465838709", "price": "0.09", "size": "606.83", "side": "BUY", "hash": "96a9ad071f4b8bdbf69118dd1b0a4a9acb31cbcb", "best_bid": "0.57", "best_ask": "0.59"}, {"asset_id": "84236884021542303032638452986954039824644750541397101214796644511947794899788", "price": "0.91", "size": "606.83", "side": "SELL", "hash": "8306bb37d86b07813cce5003902024525fb5f61e", "best_bid": "0.41", "best_ask": "0.43"}], "timestamp": "1769384519938", "event_type": "price_change"}}
{"_local_timestamp": "2026-01-25T23:42:00.077666+00:00", "data": {"market": "0xa10b3d27570f31a72d6f3423faaaf746ad969dc49f39325425041fcb80161608", "price_changes": [{"asset_id": "67502762968645714869002345805010352311871702593328714183166200318860465838709", "price": "0.08", "size": "100", "side": "BUY", "hash": "96a9ad071f4b8bdbf69118dd1b0a4a9acb31cbcb", "best_bid": "0.57", "best_ask": "0.59"}, {"asset_id": "84236884021542303032638452986954039824644750541397101214796644511947794899788", "price": "0.92", "size": "100", "side": "SELL", "hash": "8306bb37d86b07813cce5003902024525fb5f61e", "best_bid": "0.41", "best_ask": "0.43"}], "timestamp": "1769384519938", "event_type": "price_change"}}
{"_local_timestamp": "2026-01-25T23:42:00.078204+00:00", "data": {"market": "0xa10b3d27570f31a72d6f3423faaaf746ad969dc49f39325425041fcb80161608", "price_changes": [{"asset_id": "84236884021542303032638452986954039824644750541397101214796644511947794899788", "price": "0.11", "size": "5999.11", "side": "BUY", "hash": "8911f4eb1c90b463b7324c69cd4cea4d264ff0c7", "best_bid": "0.41", "best_ask": "0.43"}, {"asset_id": "67502762968645714869002345805010352311871702593328714183166200318860465838709", "price": "0.89", "size": "5999.11", "side": "SELL", "hash": "ad29729bc9509d74bea3d7bf175930de177da743", "best_bid": "0.57", "best_ask": "0.59"}], "timestamp": "1769384519974", "event_type": "price_change"}}
{"_local_timestamp": "2026-01-25T23:42:00.078641+00:00", "data": {"market": "0xa10b3d27570f31a72d6f3423faaaf746ad969dc49f39325425041fcb80161608", "price_changes": [{"asset_id": "67502762968645714869002345805010352311871702593328714183166200318860465838709", "price": "0.1", "size": "10156.43", "side": "BUY", "hash": "85f823ee669ad819a03cb7f879db1b239a611537", "best_bid": "0.57", "best_ask": "0.59"}, {"asset_id": "84236884021542303032638452986954039824644750541397101214796644511947794899788", "price": "0.9", "size": "10156.43", "side": "SELL", "hash": "bced056a22d0e13995b90878a1c405608a44ec41", "best_bid": "0.41", "best_ask": "0.43"}], "timestamp": "1769384519974", "event_type": "price_change"}}
{"_local_timestamp": "2026-01-25T23:42:00.219347+00:00", "data": {"market": "0xa10b3d27570f31a72d6f3423faaaf746ad969dc49f39325425041fcb80161608", "price_changes": [{"asset_id": "67502762968645714869002345805010352311871702593328714183166200318860465838709", "price": "0.09", "size": "706.83", "side": "BUY", "hash": "7bdb335f444a07d3a5418544b64bcb958694322e", "best_bid": "0.57", "best_ask": "0.59"}, {"asset_id": "84236884021542303032638452986954039824644750541397101214796644511947794899788", "price": "0.91", "size": "706.83", "side": "SELL", "hash": "68848588094526847e0dee19f03e69903a27d5fb", "best_bid": "0.41", "best_ask": "0.43"}], "timestamp": "1769384520148", "event_type": "price_change"}}
{"_local_timestamp": "2026-01-25T23:42:00.219982+00:00", "data": {"market": "0xa10b3d27570f31a72d6f3423faaaf746ad969dc49f39325425041fcb80161608", "price_changes": [{"asset_id": "84236884021542303032638452986954039824644750541397101214796644511947794899788", "price": "0.1", "size": "600", "side": "BUY", "hash": "7ba264f4f51370285918c5afd52eef0ed796dd65", "best_bid": "0.41", "best_ask": "0.43"}, {"asset_id": "67502762968645714869002345805010352311871702593328714183166200318860465838709", "price": "0.9", "size": "600", "side": "SELL", "hash": "fdad22eec28a51b6719c3131189fb45f14d100ee", "best_bid": "0.57", "best_ask": "0.59"}], "timestamp": "1769384520150", "event_type": "price_change"}}
{"_local_timestamp": "2026-01-25T23:42:10.148620+00:00", "data": {"market": "0xa10b3d27570f31a72d6f3423faaaf746ad969dc49f39325425041fcb80161608", "price_changes": [{"asset_id": "84236884021542303032638452986954039824644750541397101214796644511947794899788", "price": "0.09", "size": "106.98", "side": "BUY", "hash": "4519e7d68476305b98fe1b86a95eb7cf91548f53", "best_bid": "0.41", "best_ask": "0.43"}, {"asset_id": "67502762968645714869002345805010352311871702593328714183166200318860465838709", "price": "0.91", "size": "106.98", "side": "SELL", "hash": "d9f6668114d0b76ff217dbbcf3c694fcebd6963b", "best_bid": "0.57", "best_ask": "0.59"}], "timestamp": "1769384530048", "event_type": "price_change"}}
{"_local_timestamp": "2026-01-25T23:42:10.206415+00:00", "data": {"market": "0xa10b3d27570f31a72d6f3423faaaf746ad969dc49f39325425041fcb80161608", "price_changes": [{"asset_id": "84236884021542303032638452986954039824644750541397101214796644511947794899788", "price": "0.11", "size": "7996.22", "side": "BUY", "hash": "57b2b4463689fa02b3dae7728e3921c001e04f30", "best_bid": "0.41", "best_ask": "0.43"}, {"asset_id": "67502762968645714869002345805010352311871702593328714183166200318860465838709", "price": "0.89", "size": "7996.22", "side": "SELL", "hash": "da5309c996ebd57914031399c2a478d4aeba8fe8", "best_bid": "0.57", "best_ask": "0.59"}], "timestamp": "1769384530128", "event_type": "price_change"}}
{"_local_timestamp": "2026-01-25T23:42:10.206982+00:00", "data": {"market": "0xa10b3d27570f31a72d6f3423faaaf746ad969dc49f39325425041fcb80161608", "price_changes": [{"asset_id": "84236884021542303032638452986954039824644750541397101214796644511947794899788", "price": "0.11", "size": "8886.33", "side": "BUY", "hash": "4f88f58d92a75c2f66e434ddde83f1b03ee17fda", "best_bid": "0.41", "best_ask": "0.43"}, {"asset_id": "67502762968645714869002345805010352311871702593328714183166200318860465838709", "price": "0.89", "size": "8886.33", "side": "SELL", "hash": "900b733a26b4bf6aa335ecfa5a506431def09135", "best_bid": "0.57", "best_ask": "0.59"}], "timestamp": "1769384530128", "event_type": "price_change"}}
{"_local_timestamp": "2026-01-25T23:42:10.207463+00:00", "data": {"market": "0xa10b3d27570f31a72d6f3423faaaf746ad969dc49f39325425041fcb80161608", "price_changes": [{"asset_id": "84236884021542303032638452986954039824644750541397101214796644511947794899788", "price": "0.11", "size": "10156.43", "side": "BUY", "hash": "2927ea09e6544b58813ffac3e29a7c2a0e9895e9", "best_bid": "0.41", "best_ask": "0.43"}, {"asset_id": "67502762968645714869002345805010352311871702593328714183166200318860465838709", "price": "0.89", "size": "10156.43", "side": "SELL", "hash": "30cefbeec9315aabc3fbe7aa058a19b7253d355f", "best_bid": "0.57", "best_ask": "0.59"}], "timestamp": "1769384530129", "event_type": "price_change"}}
{"_local_timestamp": "2026-01-25T23:42:10.215178+00:00", "data": {"market": "0xa10b3d27570f31a72d6f3423faaaf746ad969dc49f39325425041fcb80161608", "price_changes": [{"asset_id": "67502762968645714869002345805010352311871702593328714183166200318860465838709", "price": "0.1", "size": "4157.32", "side": "BUY", "hash": "b5ab504b7d3a0aedf179b06040f571c76fb01619", "best_bid": "0.57", "best_ask": "0.59"}, {"asset_id": "84236884021542303032638452986954039824644750541397101214796644511947794899788", "price": "0.9", "size": "4157.32", "side": "SELL", "hash": "cef4618cbd56fbb6dc3af4d0cc454610f7187031", "best_bid": "0.41", "best_ask": "0.43"}], "timestamp": "1769384530147", "event_type": "price_change"}}
{"_local_timestamp": "2026-01-25T23:42:10.219514+00:00", "data": {"market": "0xa10b3d27570f31a72d6f3423faaaf746ad969dc49f39325425041fcb80161608", "price_changes": [{"asset_id": "84236884021542303032638452986954039824644750541397101214796644511947794899788", "price": "0.08", "size": "0", "side": "BUY", "hash": "0db861be23e06b2f793298954f7dbf6a29d4c248", "best_bid": "0.41", "best_ask": "0.43"}, {"asset_id": "67502762968645714869002345805010352311871702593328714183166200318860465838709", "price": "0.92", "size": "0", "side": "SELL", "hash": "3c012f73f69c742aa6318192544371eaed1c13fa", "best_bid": "0.57", "best_ask": "0.59"}], "timestamp": "1769384530147", "event_type": "price_change"}}
{"_local_timestamp": "2026-01-25T23:42:10.224525+00:00", "data": {"market": "0xa10b3d27570f31a72d6f3423faaaf746ad969dc49f39325425041fcb80161608", "price_changes": [{"asset_id": "84236884021542303032638452986954039824644750541397101214796644511947794899788", "price": "0.11", "size": "4157.32", "side": "BUY", "hash": "0db861be23e06b2f793298954f7dbf6a29d4c248", "best_bid": "0.41", "best_ask": "0.43"}, {"asset_id": "67502762968645714869002345805010352311871702593328714183166200318860465838709", "price": "0.89", "size": "4157.32", "side": "SELL", "hash": "3c012f73f69c742aa6318192544371eaed1c13fa", "best_bid": "0.57", "best_ask": "0.59"}], "timestamp": "1769384530147", "event_type": "price_change"}}
{"_local_timestamp": "2026-01-25T23:42:10.260819+00:00", "data": {"market": "0xa10b3d27570f31a72d6f3423faaaf746ad969dc49f39325425041fcb80161608", "price_changes": [{"asset_id": "67502762968645714869002345805010352311871702593328714183166200318860465838709", "price": "0.11", "size": "5999.11", "side": "BUY", "hash": "455b5739faf384b4ec09fb0d0f86811fe603773d", "best_bid": "0.57", "best_ask": "0.59"}, {"asset_id": "84236884021542303032638452986954039824644750541397101214796644511947794899788", "price": "0.89", "size": "5999.11", "side": "SELL", "hash": "9b73b5698cb41e8b65a508d3dae8e50827beaca3", "best_bid": "0.41", "best_ask": "0.43"}], "timestamp": "1769384530173", "event_type": "price_change"}}
{"_local_timestamp": "2026-01-25T23:42:10.261402+00:00", "data": {"market": "0xa10b3d27570f31a72d6f3423faaaf746ad969dc49f39325425041fcb80161608", "price_changes": [{"asset_id": "84236884021542303032638452986954039824644750541397101214796644511947794899788", "price": "0.12", "size": "5999.11", "side": "BUY", "hash": "3758f15303e65c2c3118f284132797fb162cf2c9", "best_bid": "0.41", "best_ask": "0.43"}, {"asset_id": "67502762968645714869002345805010352311871702593328714183166200318860465838709", "price": "0.88", "size": "5999.11", "side": "SELL", "hash": "0cca9ca5416adf1aba371459629a1861fed79d78", "best_bid": "0.57", "best_ask": "0.59"}], "timestamp": "1769384530174", "event_type": "price_change"}}
{"_local_timestamp": "2026-01-25T23:42:10.408419+00:00", "data": {"market": "0xa10b3d27570f31a72d6f3423faaaf746ad969dc49f39325425041fcb80161608", "price_changes": [{"asset_id": "84236884021542303032638452986954039824644750541397101214796644511947794899788", "price": "0.1", "size": "700", "side": "BUY", "hash": "0bc790488908085da094987beb3a055ae2220bf3", "best_bid": "0.41", "best_ask": "0.43"}, {"asset_id": "67502762968645714869002345805010352311871702593328714183166200318860465838709", "price": "0.9", "size": "700", "side": "SELL", "hash": "f4e5fd23ceb75345c46edee6ec53894e070b1267", "best_bid": "0.57", "best_ask": "0.59"}], "timestamp": "1769384530335", "event_type": "price_change"}}
{"_local_timestamp": "2026-01-25T23:42:10.608608+00:00", "data": {"market": "0xa10b3d27570f31a72d6f3423faaaf746ad969dc49f39325425041fcb80161608", "price_changes": [{"asset_id": "84236884021542303032638452986954039824644750541397101214796644511947794899788", "price": "0.1", "size": "600", "side": "BUY", "hash": "88f278110dafecd9a06da1d6e75b80e738d5ed2e", "best_bid": "0.41", "best_ask": "0.43"}, {"asset_id": "67502762968645714869002345805010352311871702593328714183166200318860465838709", "price": "0.9", "size": "600", "side": "SELL", "hash": "b78edd98d68bd6b74d03ebee143baaf1a703ed82", "best_bid": "0.57", "best_ask": "0.59"}], "timestamp": "1769384530536", "event_type": "price_change"}}
{"_local_timestamp": "2026-01-25T23:42:10.609289+00:00", "data": {"market": "0xa10b3d27570f31a72d6f3423faaaf746ad969dc49f39325425041fcb80161608", "price_changes": [{"asset_id": "67502762968645714869002345805010352311871702593328714183166200318860465838709", "price": "0.09", "size": "606.83", "side": "BUY", "hash": "bb82e826b50e1deb9c2bd012735fc705cb34c7d8", "best_bid": "0.57", "best_ask": "0.59"}, {"asset_id": "84236884021542303032638452986954039824644750541397101214796644511947794899788", "price": "0.91", "size": "606.83", "side": "SELL", "hash": "b940e23fb6ef3ceb2afd0c2f642fc394d1ea44c1", "best_bid": "0.41", "best_ask": "0.43"}], "timestamp": "1769384530537", "event_type": "price_change"}}
{"_local_timestamp": "2026-01-25T23:42:10.861910+00:00", "data": {"market": "0xa10b3d27570f31a72d6f3423faaaf746ad969dc49f39325425041fcb80161608", "price_changes": [{"asset_id": "84236884021542303032638452986954039824644750541397101214796644511947794899788", "price": "0.11", "size": "4257.32", "side": "BUY", "hash": "3bb8007fc08516bbf7d41f4a052026fb11a963a2", "best_bid": "0.41", "best_ask": "0.43"}, {"asset_id": "67502762968645714869002345805010352311871702593328714183166200318860465838709", "price": "0.89", "size": "4257.32", "side": "SELL", "hash": "c7e23fab18b339c63a4001bf875a8faed068da11", "best_bid": "0.57", "best_ask": "0.59"}], "timestamp": "1769384530771", "event_type": "price_change"}}
{"_local_timestamp": "2026-01-25T23:42:10.862627+00:00", "data": {"market": "0xa10b3d27570f31a72d6f3423faaaf746ad969dc49f39325425041fcb80161608", "price_changes": [{"asset_id": "67502762968645714869002345805010352311871702593328714183166200318860465838709", "price": "0.1", "size": "4257.32", "side": "BUY", "hash": "34de7a40dd5eb7224af128ec8f329093339d99ba", "best_bid": "0.57", "best_ask": "0.59"}, {"asset_id": "84236884021542303032638452986954039824644750541397101214796644511947794899788", "price": "0.9", "size": "4257.32", "side": "SELL", "hash": "dc397b0068972a4199fea81079d3124286e3783e", "best_bid": "0.41", "best_ask": "0.43"}], "timestamp": "1769384530771", "event_type": "price_change"}}
{"_local_timestamp": "2026-01-25T23:42:13.603562+00:00", "data": {"market": "0xa10b3d27570f31a72d6f3423faaaf746ad969dc49f39325425041fcb80161608", "price_changes": [{"asset_id": "84236884021542303032638452986954039824644750541397101214796644511947794899788", "price": "0.09", "size": "6.98", "side": "BUY", "hash": "44f96627e166bc4b43c951e3c3fc3758246fd90b", "best_bid": "0.41", "best_ask": "0.43"}, {"asset_id": "67502762968645714869002345805010352311871702593328714183166200318860465838709", "price": "0.91", "size": "6.98", "side": "SELL", "hash": "ea91a584c28b6a544534e762169caa63047fe62c", "best_bid": "0.57", "best_ask": "0.59"}], "timestamp": "1769384533513", "event_type": "price_change"}}
{"_local_timestamp": "2026-01-25T23:42:13.605913+00:00", "data": {"market": "0xa10b3d27570f31a72d6f3423faaaf746ad969dc49f39325425041fcb80161608", "price_changes": [{"asset_id": "67502762968645714869002345805010352311871702593328714183166200318860465838709", "price": "0.08", "size": "0", "side": "BUY", "hash": "5ce06b2375b6f892dc97c8c997b33a6b1863cb9e", "best_bid": "0.57", "best_ask": "0.59"}, {"asset_id": "84236884021542303032638452986954039824644750541397101214796644511947794899788", "price": "0.92", "size": "0", "side": "SELL", "hash": "85f4705f1f398e449a466d8082b31ab6fa11a908", "best_bid": "0.41", "best_ask": "0.43"}], "timestamp": "1769384533513", "event_type": "price_change"}}
{"_local_timestamp": "2026-01-25T23:42:13.652379+00:00", "data": {"market": "0xa10b3d27570f31a72d6f3423faaaf746ad969dc49f39325425041fcb80161608", "price_changes": [{"asset_id": "67502762968645714869002345805010352311871702593328714183166200318860465838709", "price": "0.11", "size": "0", "side": "BUY", "hash": "b0918669310c19e5611e0987f8139d52f200ecf2", "best_bid": "0.57", "best_ask": "0.59"}, {"asset_id": "84236884021542303032638452986954039824644750541397101214796644511947794899788", "price": "0.89", "size": "0", "side": "SELL", "hash": "157c2535d3efeb3c83b5b97dd34de7ff5c2535c2", "best_bid": "0.41", "best_ask": "0.43"}], "timestamp": "1769384533574", "event_type": "price_change"}}
{"_local_timestamp": "2026-01-25T23:42:13.653003+00:00", "data": {"market": "0xa10b3d27570f31a72d6f3423faaaf746ad969dc49f39325425041fcb80161608", "price_changes": [{"asset_id": "84236884021542303032638452986954039824644750541397101214796644511947794899788", "price": "0.12", "size": "0", "side": "BUY", "hash": "796f17b86b2381e59907fec86568dfb01065150f", "best_bid": "0.41", "best_ask": "0.43"}, {"asset_id": "67502762968645714869002345805010352311871702593328714183166200318860465838709", "price": "0.88", "size": "0", "side": "SELL", "hash": "e2ff11bd47c6038fa12a63d9c380c637e3e8f7fb", "best_bid": "0.57", "best_ask": "0.59"}], "timestamp": "1769384533574", "event_type": "price_change"}}
{"_local_timestamp": "2026-01-25T23:42:13.684997+00:00", "data": {"market": "0xa10b3d27570f31a72d6f3423faaaf746ad969dc49f39325425041fcb80161608", "price_changes": [{"asset_id": "84236884021542303032638452986954039824644750541397101214796644511947794899788", "price": "0.13", "size": "890.11", "side": "BUY", "hash": "ec7ea766489105e7b42b85df060a14a92928fca8", "best_bid": "0.41", "best_ask": "0.43"}, {"asset_id": "67502762968645714869002345805010352311871702593328714183166200318860465838709", "price": "0.87", "size": "890.11", "side": "SELL", "hash": "6f5bcaf3dffe643867e4afd2faacadb7224481c5", "best_bid": "0.57", "best_ask": "0.59"}], "timestamp": "1769384533617", "event_type": "price_change"}}
{"_local_timestamp": "2026-01-25T23:42:13.848592+00:00", "data": {"market": "0xa10b3d27570f31a72d6f3423faaaf746ad969dc49f39325425041fcb80161608", "price_changes": [{"asset_id": "67502762968645714869002345805010352311871702593328714183166200318860465838709", "price": "0.09", "size": "706.83", "side": "BUY", "hash": "39d7d33fcb747da76d1bf2f64640cd8b2cba4d74", "best_bid": "0.57", "best_ask": "0.59"}, {"asset_id": "84236884021542303032638452986954039824644750541397101214796644511947794899788", "price": "0.91", "size": "706.83", "side": "SELL", "hash": "dca63b617c926eb427e77d40bf7d02e1789145ce", "best_bid": "0.41", "best_ask": "0.43"}], "timestamp": "1769384533776", "event_type": "price_change"}}
{"_local_timestamp": "2026-01-25T23:42:13.849350+00:00", "data": {"market": "0xa10b3d27570f31a72d6f3423faaaf746ad969dc49f39325425041fcb80161608", "price_changes": [{"asset_id": "84236884021542303032638452986954039824644750541397101214796644511947794899788", "price": "0.1", "size": "700", "side": "BUY", "hash": "2c0823ad5b1d8fd1c16e896e0a06970529a5de92", "best_bid": "0.41", "best_ask": "0.43"}, {"asset_id": "67502762968645714869002345805010352311871702593328714183166200318860465838709", "price": "0.9", "size": "700", "side": "SELL", "hash": "d77cbbb31146f5527b107ff295775ccf033fc8ee", "best_bid": "0.57", "best_ask": "0.59"}], "timestamp": "1769384533777", "event_type": "price_change"}}
{"_local_timestamp": "2026-01-25T23:42:13.912007+00:00", "data": {"market": "0xa10b3d27570f31a72d6f3423faaaf746ad969dc49f39325425041fcb80161608", "price_changes": [{"asset_id": "84236884021542303032638452986954039824644750541397101214796644511947794899788", "price": "0.13", "size": "6889.22", "side": "BUY", "hash": "4670022bdb69ff75eead063d93a8fa47344ea04c", "best_bid": "0.41", "best_ask": "0.43"}, {"asset_id": "67502762968645714869002345805010352311871702593328714183166200318860465838709", "price": "0.87", "size": "6889.22", "side": "SELL", "hash": "7feafdad0a6144fb2e02513e78b112f5fea4caee", "best_bid": "0.57", "best_ask": "0.59"}], "timestamp": "1769384533844", "event_type": "price_change"}}
{"_local_timestamp": "2026-01-25T23:42:13.912687+00:00", "data": {"market": "0xa10b3d27570f31a72d6f3423faaaf746ad969dc49f39325425041fcb80161608", "price_changes": [{"asset_id": "84236884021542303032638452986954039824644750541397101214796644511947794899788", "price": "0.13", "size": "8159.32", "side": "BUY", "hash": "a529ebaf92e4c97265db9587a8375e36241c0468", "best_bid": "0.41", "best_ask": "0.43"}, {"asset_id": "67502762968645714869002345805010352311871702593328714183166200318860465838709", "price": "0.87", "size": "8159.32", "side": "SELL", "hash": "7f4c1c1651f94230e7f89ab5c5878c18348af4e9", "best_bid": "0.57", "best_ask": "0.59"}], "timestamp": "1769384533845", "event_type": "price_change"}}
{"_local_timestamp": "2026-01-25T23:42:13.916243+00:00", "data": {"market": "0xa10b3d27570f31a72d6f3423faaaf746ad969dc49f39325425041fcb80161608", "price_changes": [{"asset_id": "84236884021542303032638452986954039824644750541397101214796644511947794899788", "price": "0.13", "size": "10156.43", "side": "BUY", "hash": "c288131f617482779a1fe09132c4474e6e124120", "best_bid": "0.41", "best_ask": "0.43"}, {"asset_id": "67502762968645714869002345805010352311871702593328714183166200318860465838709", "price": "0.87", "size": "10156.43", "side": "SELL", "hash": "13fdd75e7abcee22275bbc844514e9b8884688ed", "best_bid": "0.57", "best_ask": "0.59"}], "timestamp": "1769384533846", "event_type": "price_change"}}
{"_local_timestamp": "2026-01-25T23:42:23.214283+00:00", "data": {"market": "0xa10b3d27570f31a72d6f3423faaaf746ad969dc49f39325425041fcb80161608", "price_changes": [{"asset_id": "84236884021542303032638452986954039824644750541397101214796644511947794899788", "price": "0.11", "size": "4157.32", "side": "BUY", "hash": "70d92c5a29e26181490b8cbc0ee5d83fa2f506d0", "best_bid": "0.41", "best_ask": "0.43"}, {"asset_id": "67502762968645714869002345805010352311871702593328714183166200318860465838709", "price": "0.89", "size": "4157.32", "side": "SELL", "hash": "348055dd234ac462ac73e9a25f5d78c1edf1aa58", "best_bid": "0.57", "best_ask": "0.59"}], "timestamp": "1769384543021", "event_type": "price_change"}}
{"_local_timestamp": "2026-01-25T23:42:23.267283+00:00", "data": {"market": "0xa10b3d27570f31a72d6f3423faaaf746ad969dc49f39325425041fcb80161608", "price_changes": [{"asset_id": "84236884021542303032638452986954039824644750541397101214796644511947794899788", "price": "0.13", "size": "890.11", "side": "BUY", "hash": "40e6b48bdc4d157373b4f30d4447d1f64563a4c3", "best_bid": "0.41", "best_ask": "0.43"}, {"asset_id": "67502762968645714869002345805010352311871702593328714183166200318860465838709", "price": "0.87", "size": "890.11", "side": "SELL", "hash": "01937cd051faa50a13781ee049c7f8cbe682f1b2", "best_bid": "0.57", "best_ask": "0.59"}], "timestamp": "1769384543116", "event_type": "price_change"}}
{"_local_timestamp": "2026-01-25T23:42:23.356104+00:00", "data": {"market": "0xa10b3d27570f31a72d6f3423faaaf746ad969dc49f39325425041fcb80161608", "price_changes": [{"asset_id": "84236884021542303032638452986954039824644750541397101214796644511947794899788", "price": "0.13", "size": "0", "side": "BUY", "hash": "cc6061f6177032d5ea28a44c4af742c7808d7756", "best_bid": "0.41", "best_ask": "0.43"}, {"asset_id": "67502762968645714869002345805010352311871702593328714183166200318860465838709", "price": "0.87", "size": "0", "side": "SELL", "hash": "b4384a2673950d6859d9abfb5ee1360b3a7ddc8a", "best_bid": "0.57", "best_ask": "0.59"}], "timestamp": "1769384543200", "event_type": "price_change"}}
{"_local_timestamp": "2026-01-25T23:42:23.418727+00:00", "data": {"market": "0xa10b3d27570f31a72d6f3423faaaf746ad969dc49f39325425041fcb80161608", "price_changes": [{"asset_id": "84236884021542303032638452986954039824644750541397101214796644511947794899788", "price": "0.13", "size": "100", "side": "BUY", "hash": "de3e23bdede56f8af2531979b56c9f22320a60d6", "best_bid": "0.41", "best_ask": "0.43"}, {"asset_id": "67502762968645714869002345805010352311871702593328714183166200318860465838709", "price": "0.87", "size": "100", "side": "SELL", "hash": "0423ea95a9624b37d7488400b8e7a1a8595cc0c2", "best_bid": "0.57", "best_ask": "0.59"}], "timestamp": "1769384543257", "event_type": "price_change"}}
{"_local_timestamp": "2026-01-25T23:42:23.995844+00:00", "data": {"market": "0xa10b3d27570f31a72d6f3423faaaf746ad969dc49f39325425041fcb80161608", "price_changes": [{"asset_id": "67502762968645714869002345805010352311871702593328714183166200318860465838709", "price": "0.09", "size": "606.83", "side": "BUY", "hash": "f9b2458e514730a1820f9fd8e19a48de746bf83d", "best_bid": "0.57", "best_ask": "0.59"}, {"asset_id": "84236884021542303032638452986954039824644750541397101214796644511947794899788", "price": "0.91", "size": "606.83", "side": "SELL", "hash": "de3164c39db9bca37c5a8a98edae1b1f4daedbfe", "best_bid": "0.41", "best_ask": "0.43"}], "timestamp": "1769384543831", "event_type": "price_change"}}
{"_local_timestamp": "2026-01-25T23:42:23.996588+00:00", "data": {"market": "0xa10b3d27570f31a72d6f3423faaaf746ad969dc49f39325425041fcb80161608", "price_changes": [{"asset_id": "84236884021542303032638452986954039824644750541397101214796644511947794899788", "price": "0.1", "size": "600", "side": "BUY", "hash": "2e677ba6ddc3965426d8122caae9084ca0feace7", "best_bid": "0.41", "best_ask": "0.43"}, {"asset_id": "67502762968645714869002345805010352311871702593328714183166200318860465838709", "price": "0.9", "size": "600", "side": "SELL", "hash": "18195379ae59445ecdd1f033c742acfc02580ce0", "best_bid": "0.57", "best_ask": "0.59"}], "timestamp": "1769384543831", "event_type": "price_change"}}
{"_local_timestamp": "2026-01-25T23:42:24.292387+00:00", "data": {"market": "0xa10b3d27570f31a72d6f3423faaaf746ad969dc49f39325425041fcb80161608", "price_changes": [{"asset_id": "67502762968645714869002345805010352311871702593328714183166200318860465838709", "price": "0.1", "size": "4357.32", "side": "BUY", "hash": "d326123a06bca8064eb122755ae690492bbb36c8", "best_bid": "0.57", "best_ask": "0.59"}, {"asset_id": "84236884021542303032638452986954039824644750541397101214796644511947794899788", "price": "0.9", "size": "4357.32", "side": "SELL", "hash": "4756fa67faf7efd8e2921bfe7c7dfe6061032ce5", "best_bid": "0.41", "best_ask": "0.43"}], "timestamp": "1769384544125", "event_type": "price_change"}}
{"_local_timestamp": "2026-01-25T23:42:24.293141+00:00", "data": {"market": "0xa10b3d27570f31a72d6f3423faaaf746ad969dc49f39325425041fcb80161608", "price_changes": [{"asset_id": "84236884021542303032638452986954039824644750541397101214796644511947794899788", "price": "0.11", "size": "4257.32", "side": "BUY", "hash": "bf3784a5b2ffaf5f06f33e3fe6b9fd054b632e5a", "best_bid": "0.41", "best_ask": "0.43"}, {"asset_id": "67502762968645714869002345805010352311871702593328714183166200318860465838709", "price": "0.89", "size": "4257.32", "side": "SELL", "hash": "2958da07d95fa587052061775745d2ad65a1cb3f", "best_bid": "0.57", "best_ask": "0.59"}], "timestamp": "1769384544126", "event_type": "price_change"}}
{"_local_timestamp": "2026-01-25T23:42:34.113178+00:00", "data": {"market": "0xa10b3d27570f31a72d6f3423faaaf746ad969dc49f39325425041fcb80161608", "price_changes": [{"asset_id": "84236884021542303032638452986954039824644750541397101214796644511947794899788", "price": "0.1", "size": "200", "side": "BUY", "hash": "bac8efb7684462d9abb3d5a8498601aaf8d8db10", "best_bid": "0.41", "best_ask": "0.43"}, {"asset_id": "67502762968645714869002345805010352311871702593328714183166200318860465838709", "price": "0.9", "size": "200", "side": "SELL", "hash": "2cf56eb66dc6f5a412f00277a263dce340c3a30d", "best_bid": "0.57", "best_ask": "0.59"}], "timestamp": "1769384553926", "event_type": "price_change"}}
{"_local_timestamp": "2026-01-25T23:42:34.116102+00:00", "data": {"market": "0xa10b3d27570f31a72d6f3423faaaf746ad969dc49f39325425041fcb80161608", "price_changes": [{"asset_id": "67502762968645714869002345805010352311871702593328714183166200318860465838709", "price": "0.09", "size": "206.83", "side": "BUY", "hash": "6495d6a4da6f08b0e1182970933a283c7917d07d", "best_bid": "0.57", "best_ask": "0.59"}, {"asset_id": "84236884021542303032638452986954039824644750541397101214796644511947794899788", "price": "0.91", "size": "206.83", "side": "SELL", "hash": "144bb62c467121d566ea48bb1d3abc23d03c2f81", "best_bid": "0.41", "best_ask": "0.43"}], "timestamp": "1769384553927", "event_type": "price_change"}}
{"_local_timestamp": "2026-01-25T23:42:34.214824+00:00", "data": {"market": "0xa10b3d27570f31a72d6f3423faaaf746ad969dc49f39325425041fcb80161608", "price_changes": [{"asset_id": "84236884021542303032638452986954039824644750541397101214796644511947794899788", "price": "0.08", "size": "890.11", "side": "BUY", "hash": "134125faf115ef756cf37acc84c48250cbc03881", "best_bid": "0.41", "best_ask": "0.43"}, {"asset_id": "67502762968645714869002345805010352311871702593328714183166200318860465838709", "price": "0.92", "size": "890.11", "side": "SELL", "hash": "308b7a588789f8f032ad5f4030a19e7f78ed1d9e", "best_bid": "0.57", "best_ask": "0.59"}], "timestamp": "1769384554012", "event_type": "price_change"}}
{"_local_timestamp": "2026-01-25T23:42:34.215464+00:00", "data": {"market": "0xa10b3d27570f31a72d6f3423faaaf746ad969dc49f39325425041fcb80161608", "price_changes": [{"asset_id": "84236884021542303032638452986954039824644750541397101214796644511947794899788", "price": "0.08", "size": "2887.22", "side": "BUY", "hash": "8d17919483ec45c2a5ae66760acceae263076799", "best_bid": "0.41", "best_ask": "0.43"}, {"asset_id": "67502762968645714869002345805010352311871702593328714183166200318860465838709", "price": "0.92", "size": "2887.22", "side": "SELL", "hash": "c67a3fb0ec74db70c766d1e3cb8805f895c3607b", "best_bid": "0.57", "best_ask": "0.59"}], "timestamp": "1769384554012", "event_type": "price_change"}}
{"_local_timestamp": "2026-01-25T23:42:34.216226+00:00", "data": {"market": "0xa10b3d27570f31a72d6f3423faaaf746ad969dc49f39325425041fcb80161608", "price_changes": [{"asset_id": "84236884021542303032638452986954039824644750541397101214796644511947794899788", "price": "0.08", "size": "4157.32", "side": "BUY", "hash": "e9233c81749feb9b062093e804e1348bbf30006e", "best_bid": "0.41", "best_ask": "0.43"}, {"asset_id": "67502762968645714869002345805010352311871702593328714183166200318860465838709", "price": "0.92", "size": "4157.32", "side": "SELL", "hash": "4090db69a54d7ea163bed0dc4ff5fc2019adcdcf", "best_bid": "0.57", "best_ask": "0.59"}], "timestamp": "1769384554013", "event_type": "price_change"}}
{"_local_timestamp": "2026-01-25T23:42:34.394254+00:00", "data": {"market": "0xa10b3d27570f31a72d6f3423faaaf746ad969dc49f39325425041fcb80161608", "price_changes": [{"asset_id": "67502762968645714869002345805010352311871702593328714183166200318860465838709", "price": "0.1", "size": "4757.32", "side": "BUY", "hash": "0af6334174832ef069026d3e81b41224edcd507c", "best_bid": "0.57", "best_ask": "0.59"}, {"asset_id": "84236884021542303032638452986954039824644750541397101214796644511947794899788", "price": "0.9", "size": "4757.32", "side": "SELL", "hash": "628da84343226e1e8e8ec479f6ca8fd554b00bcf", "best_bid": "0.41", "best_ask": "0.43"}], "timestamp": "1769384554215", "event_type": "price_change"}}
{"_local_timestamp": "2026-01-25T23:42:34.978264+00:00", "data": {"market": "0xa10b3d27570f31a72d6f3423faaaf746ad969dc49f39325425041fcb80161608", "price_changes": [{"asset_id": "84236884021542303032638452986954039824644750541397101214796644511947794899788", "price": "0.13", "size": "0", "side": "BUY", "hash": "5f65bd84ad7857b7409a8f61bc8643575a17180a", "best_bid": "0.41", "best_ask": "0.43"}, {"asset_id": "67502762968645714869002345805010352311871702593328714183166200318860465838709", "price": "0.87", "size": "0", "side": "SELL", "hash": "6d15b0433315ba03df09b29f1f3e4a6df9620461", "best_bid": "0.57", "best_ask": "0.59"}], "timestamp": "1769384554797", "event_type": "price_change"}}
{"_local_timestamp": "2026-01-25T23:42:35.227033+00:00", "data": {"market": "0xa10b3d27570f31a72d6f3423faaaf746ad969dc49f39325425041fcb80161608", "price_changes": [{"asset_id": "84236884021542303032638452986954039824644750541397101214796644511947794899788", "price": "0.11", "size": "4357.32", "side": "BUY", "hash": "9c9044ec1461998604148caeb034251a25d3fa9f", "best_bid": "0.41", "best_ask": "0.43"}, {"asset_id": "67502762968645714869002345805010352311871702593328714183166200318860465838709", "price": "0.89", "size": "4357.32", "side": "SELL", "hash": "367ab3e99d8d41fb88c30d902f03035bf1fda7c7", "best_bid": "0.57", "best_ask": "0.59"}], "timestamp": "1769384555019", "event_type": "price_change"}}
{"_local_timestamp": "2026-01-25T23:42:41.417980+00:00", "data": {"market": "0xa10b3d27570f31a72d6f3423faaaf746ad969dc49f39325425041fcb80161608", "price_changes": [{"asset_id": "67502762968645714869002345805010352311871702593328714183166200318860465838709", "price": "0.09", "size": "106.83", "side": "BUY", "hash": "8d2935d4de6c1eb22e0fd269f25e7ff6c7ddaa91", "best_bid": "0.57", "best_ask": "0.59"}, {"asset_id": "84236884021542303032638452986954039824644750541397101214796644511947794899788", "price": "0.91", "size": "106.83", "side": "SELL", "hash": "a320243855b21eb9b8d47e425454aea6a176704c", "best_bid": "0.41", "best_ask": "0.43"}], "timestamp": "1769384561293", "event_type": "price_change"}}
{"_local_timestamp": "2026-01-25T23:42:41.418674+00:00", "data": {"market": "0xa10b3d27570f31a72d6f3423faaaf746ad969dc49f39325425041fcb80161608", "price_changes": [{"asset_id": "84236884021542303032638452986954039824644750541397101214796644511947794899788", "price": "0.1", "size": "100", "side": "BUY", "hash": "264b7d809b9f281e1c82bc021b43b592afeef48a", "best_bid": "0.41", "best_ask": "0.43"}, {"asset_id": "67502762968645714869002345805010352311871702593328714183166200318860465838709", "price": "0.9", "size": "100", "side": "SELL", "hash": "2bf05d1a1a8c26fc12c55146ded4cee4d4ca4e0f", "best_bid": "0.57", "best_ask": "0.59"}], "timestamp": "1769384561294", "event_type": "price_change"}}
{"_local_timestamp": "2026-01-25T23:42:41.524552+00:00", "data": {"market": "0xa10b3d27570f31a72d6f3423faaaf746ad969dc49f39325425041fcb80161608", "price_changes": [{"asset_id": "67502762968645714869002345805010352311871702593328714183166200318860465838709", "price": "0.11", "size": "5999.11", "side": "BUY", "hash": "58163f54f924f2f2a42ef774b03b43b17eb581e2", "best_bid": "0.57", "best_ask": "0.59"}, {"asset_id": "84236884021542303032638452986954039824644750541397101214796644511947794899788", "price": "0.89", "size": "5999.11", "side": "SELL", "hash": "b0c7ef9cd0018ec332734bdf806769072abd7f2d", "best_bid": "0.41", "best_ask": "0.43"}], "timestamp": "1769384561379", "event_type": "price_change"}}
{"_local_timestamp": "2026-01-25T23:42:41.525272+00:00", "data": {"market": "0xa10b3d27570f31a72d6f3423faaaf746ad969dc49f39325425041fcb80161608", "price_changes": [{"asset_id": "67502762968645714869002345805010352311871702593328714183166200318860465838709", "price": "0.11", "size": "6889.22", "side": "BUY", "hash": "bedbca508e307d72c9a1ed367f95a291ec1919d7", "best_bid": "0.57", "best_ask": "0.59"}, {"asset_id": "84236884021542303032638452986954039824644750541397101214796644511947794899788", "price": "0.89", "size": "6889.22", "side": "SELL", "hash": "004675928e8f3ae531e279f3392416fe97ca5193", "best_bid": "0.41", "best_ask": "0.43"}], "timestamp": "1769384561380", "event_type": "price_change"}}
{"_local_timestamp": "2026-01-25T23:42:41.525798+00:00", "data": {"market": "0xa10b3d27570f31a72d6f3423faaaf746ad969dc49f39325425041fcb80161608", "price_changes": [{"asset_id": "67502762968645714869002345805010352311871702593328714183166200318860465838709", "price": "0.11", "size": "8159.32", "side": "BUY", "hash": "2c679325549aa2a5d9a9977f02be880c24c78d59", "best_bid": "0.57", "best_ask": "0.59"}, {"asset_id": "84236884021542303032638452986954039824644750541397101214796644511947794899788", "price": "0.89", "size": "8159.32", "side": "SELL", "hash": "5856a623cb39b475cbe1938b85a31e21acd432bb", "best_bid": "0.41", "best_ask": "0.43"}], "timestamp": "1769384561381", "event_type": "price_change"}}
{"_local_timestamp": "2026-01-25T23:42:41.528963+00:00", "data": {"market": "0xa10b3d27570f31a72d6f3423faaaf746ad969dc49f39325425041fcb80161608", "price_changes": [{"asset_id": "67502762968645714869002345805010352311871702593328714183166200318860465838709", "price": "0.11", "size": "10156.43", "side": "BUY", "hash": "21a7ffe025b7d1247d0d51ce0391712e67a78d20", "best_bid": "0.57", "best_ask": "0.59"}, {"asset_id": "84236884021542303032638452986954039824644750541397101214796644511947794899788", "price": "0.89", "size": "10156.43", "side": "SELL", "hash": "b2d7382e9a9d4a5731b331872671bb79f6426b01", "best_bid": "0.41", "best_ask": "0.43"}], "timestamp": "1769384561412", "event_type": "price_change"}}
{"_local_timestamp": "2026-01-25T23:42:41.585844+00:00", "data": {"market": "0xa10b3d27570f31a72d6f3423faaaf746ad969dc49f39325425041fcb80161608", "price_changes": [{"asset_id": "67502762968645714869002345805010352311871702593328714183166200318860465838709", "price": "0.1", "size": "600", "side": "BUY", "hash": "80a63e09121b51527389baa4c0ded70a1e5caaf4", "best_bid": "0.57", "best_ask": "0.59"}, {"asset_id": "84236884021542303032638452986954039824644750541397101214796644511947794899788", "price": "0.9", "size": "600", "side": "SELL", "hash": "599e82d32bed481011c89cc0f0b85a4764defdc1", "best_bid": "0.41", "best_ask": "0.43"}], "timestamp": "1769384561456", "event_type": "price_change"}}
{"_local_timestamp": "2026-01-25T23:42:41.586429+00:00", "data": {"market": "0xa10b3d27570f31a72d6f3423faaaf746ad969dc49f39325425041fcb80161608", "price_changes": [{"asset_id": "84236884021542303032638452986954039824644750541397101214796644511947794899788", "price": "0.11", "size": "200", "side": "BUY", "hash": "456a62bb66dd36e1036e6b9c8fa3210d0d2c8387", "best_bid": "0.41", "best_ask": "0.43"}, {"asset_id": "67502762968645714869002345805010352311871702593328714183166200318860465838709", "price": "0.89", "size": "200", "side": "SELL", "hash": "85b75f750a3dca51c2fba589fa46bf727f38c1fa", "best_bid": "0.57", "best_ask": "0.59"}], "timestamp": "1769384561456", "event_type": "price_change"}}
{"_local_timestamp": "2026-01-25T23:42:41.748393+00:00", "data": {"market": "0xa10b3d27570f31a72d6f3423faaaf746ad969dc49f39325425041fcb80161608", "price_changes": [{"asset_id": "67502762968645714869002345805010352311871702593328714183166200318860465838709", "price": "0.1", "size": "700", "side": "BUY", "hash": "49533400a639e9d540a460fe447d1e2614c16eaf", "best_bid": "0.57", "best_ask": "0.59"}, {"asset_id": "84236884021542303032638452986954039824644750541397101214796644511947794899788", "price": "0.9", "size": "700", "side": "SELL", "hash": "95e697778573584b3f5dbd9b7b1325a8312117c0", "best_bid": "0.41", "best_ask": "0.43"}], "timestamp": "1769384561629", "event_type": "price_change"}}
{"_local_timestamp": "2026-01-25T23:42:42.875116+00:00", "data": {"market": "0xa10b3d27570f31a72d6f3423faaaf746ad969dc49f39325425041fcb80161608", "price_changes": [{"asset_id": "84236884021542303032638452986954039824644750541397101214796644511947794899788", "price": "0.1", "size": "0", "side": "BUY", "hash": "c5406ae52646cc1397eaff7214f003d926656f81", "best_bid": "0.41", "best_ask": "0.43"}, {"asset_id": "67502762968645714869002345805010352311871702593328714183166200318860465838709", "price": "0.9", "size": "0", "side": "SELL", "hash": "d1e7595cecabecf0754ca5c5b6dd471c78fc68c5", "best_bid": "0.57", "best_ask": "0.59"}], "timestamp": "1769384562757", "event_type": "price_change"}}
{"_local_timestamp": "2026-01-25T23:42:42.876098+00:00", "data": {"market": "0xa10b3d27570f31a72d6f3423faaaf746ad969dc49f39325425041fcb80161608", "price_changes": [{"asset_id": "67502762968645714869002345805010352311871702593328714183166200318860465838709", "price": "0.09", "size": "6.83", "side": "BUY", "hash": "9af30e1cc3141d1c0a846a8a31aed8d8880accfa", "best_bid": "0.57", "best_ask": "0.59"}, {"asset_id": "84236884021542303032638452986954039824644750541397101214796644511947794899788", "price": "0.91", "size": "6.83", "side": "SELL", "hash": "17e5443c6b832396eee4d7c9464745aedaf3c3d5", "best_bid": "0.41", "best_ask": "0.43"}], "timestamp": "1769384562757", "event_type": "price_change"}}
{"_local_timestamp": "2026-01-25T23:42:43.141985+00:00", "data": {"market": "0xa10b3d27570f31a72d6f3423faaaf746ad969dc49f39325425041fcb80161608", "price_changes": [{"asset_id": "67502762968645714869002345805010352311871702593328714183166200318860465838709", "price": "0.1", "size": "800", "side": "BUY", "hash": "98cb12665fa16eae04dc0a0c9ee76db0686f571a", "best_bid": "0.57", "best_ask": "0.59"}, {"asset_id": "84236884021542303032638452986954039824644750541397101214796644511947794899788", "price": "0.9", "size": "800", "side": "SELL", "hash": "3fb74870b4f6513e869c7165c1a37000dc6bfb9c", "best_bid": "0.41", "best_ask": "0.43"}], "timestamp": "1769384563019", "event_type": "price_change"}}
{"_local_timestamp": "2026-01-25T23:42:55.440531+00:00", "data": {"market": "0xa10b3d27570f31a72d6f3423faaaf746ad969dc49f39325425041fcb80161608", "price_changes": [{"asset_id": "84236884021542303032638452986954039824644750541397101214796644511947794899788", "price": "0.11", "size": "600", "side": "BUY", "hash": "00d3b3191b16ef22694b6c4dc1f851c88947cb6e", "best_bid": "0.41", "best_ask": "0.43"}, {"asset_id": "67502762968645714869002345805010352311871702593328714183166200318860465838709", "price": "0.89", "size": "600", "side": "SELL", "hash": "472eb707ac14e5d6fc04ef1000acdef26be1569f", "best_bid": "0.57", "best_ask": "0.59"}], "timestamp": "1769384575332", "event_type": "price_change"}}
{"_local_timestamp": "2026-01-25T23:42:55.497799+00:00", "data": {"market": "0xa10b3d27570f31a72d6f3423faaaf746ad969dc49f39325425041fcb80161608", "price_changes": [{"asset_id": "84236884021542303032638452986954039824644750541397101214796644511947794899788", "price": "0.12", "size": "1270.1", "side": "BUY", "hash": "d48430e7df5d3128a377a321a6eadd5ddb97d5ae", "best_bid": "0.41", "best_ask": "0.43"}, {"asset_id": "67502762968645714869002345805010352311871702593328714183166200318860465838709", "price": "0.88", "size": "1270.1", "side": "SELL", "hash": "31609a39d04bfd16c3e3a7671f2af0a7dda3e7dd", "best_bid": "0.57", "best_ask": "0.59"}], "timestamp": "1769384575379", "event_type": "price_change"}}
{"_local_timestamp": "2026-01-25T23:42:55.498467+00:00", "data": {"market": "0xa10b3d27570f31a72d6f3423faaaf746ad969dc49f39325425041fcb80161608", "price_changes": [{"asset_id": "84236884021542303032638452986954039824644750541397101214796644511947794899788", "price": "0.12", "size": "2160.21", "side": "BUY", "hash": "9f816b47a7d2e131d40a489d3ff5ddd7532de177", "best_bid": "0.41", "best_ask": "0.43"}, {"asset_id": "67502762968645714869002345805010352311871702593328714183166200318860465838709", "price": "0.88", "size": "2160.21", "side": "SELL", "hash": "c38b27dd5853643045df7e0626f608ce21e7699d", "best_bid": "0.57", "best_ask": "0.59"}], "timestamp": "1769384575380", "event_type": "price_change"}}
{"_local_timestamp": "2026-01-25T23:42:55.499064+00:00", "data": {"market": "0xa10b3d27570f31a72d6f3423faaaf746ad969dc49f39325425041fcb80161608", "price_changes": [{"asset_id": "84236884021542303032638452986954039824644750541397101214796644511947794899788", "price": "0.12", "size": "4157.32", "side": "BUY", "hash": "3cd20af58d11943bdbcf69d3732676de3f0a6c4f", "best_bid": "0.41", "best_ask": "0.43"}, {"asset_id": "67502762968645714869002345805010352311871702593328714183166200318860465838709", "price": "0.88", "size": "4157.32", "side": "SELL", "hash": "9ff9acb4536d18bf20ac08b8c7b31c53ca16dd3e", "best_bid": "0.57", "best_ask": "0.59"}], "timestamp": "1769384575380", "event_type": "price_change"}}
{"_local_timestamp": "2026-01-25T23:42:55.499618+00:00", "data": {"market": "0xa10b3d27570f31a72d6f3423faaaf746ad969dc49f39325425041fcb80161608", "price_changes": [{"asset_id": "67502762968645714869002345805010352311871702593328714183166200318860465838709", "price": "0.11", "size": "4157.32", "side": "BUY", "hash": "5b8516db229ed0487e4cf84eebd826f6f753ff43", "best_bid": "0.57", "best_ask": "0.59"}, {"asset_id": "84236884021542303032638452986954039824644750541397101214796644511947794899788", "price": "0.89", "size": "4157.32", "side": "SELL", "hash": "158b19af0079a8a3c02a373c5d3c2423689fccf6", "best_bid": "0.41", "best_ask": "0.43"}], "timestamp": "1769384575385", "event_type": "price_change"}}
{"_local_timestamp": "2026-01-25T23:42:55.711388+00:00", "data": {"market": "0xa10b3d27570f31a72d6f3423faaaf746ad969dc49f39325425041fcb80161608", "price_changes": [{"asset_id": "67502762968645714869002345805010352311871702593328714183166200318860465838709", "price": "0.12", "size": "5999.11", "side": "BUY", "hash": "f43c6859b34faaca553ebdf15bfa72768b5f75d7", "best_bid": "0.57", "best_ask": "0.59"}, {"asset_id": "84236884021542303032638452986954039824644750541397101214796644511947794899788", "price": "0.88", "size": "5999.11", "side": "SELL", "hash": "60fec674bd3bfb0d7a7a2f7f64e6de445292a046", "best_bid": "0.41", "best_ask": "0.43"}], "timestamp": "1769384575606", "event_type": "price_change"}}
{"_local_timestamp": "2026-01-25T23:42:56.690130+00:00", "data": {"market": "0xa10b3d27570f31a72d6f3423faaaf746ad969dc49f39325425041fcb80161608", "price_changes": [{"asset_id": "67502762968645714869002345805010352311871702593328714183166200318860465838709", "price": "0.09", "size": "0", "side": "BUY", "hash": "82aa138e70e46d2d7db2f95ce094f8565f7a387c", "best_bid": "0.57", "best_ask": "0.59"}, {"asset_id": "84236884021542303032638452986954039824644750541397101214796644511947794899788", "price": "0.91", "size": "0", "side": "SELL", "hash": "e4d0d92dd0fd33198441392544e32224730eb6b6", "best_bid": "0.41", "best_ask": "0.43"}], "timestamp": "1769384576592", "event_type": "price_change"}}
{"_local_timestamp": "2026-01-25T23:42:57.282268+00:00", "data": {"market": "0xa10b3d27570f31a72d6f3423faaaf746ad969dc49f39325425041fcb80161608", "price_changes": [{"asset_id": "67502762968645714869002345805010352311871702593328714183166200318860465838709", "price": "0.11", "size": "4162.91", "side": "BUY", "hash": "af8be73aaeeee3de0e807b4aaaafc66222edd7d6", "best_bid": "0.57", "best_ask": "0.59"}, {"asset_id": "84236884021542303032638452986954039824644750541397101214796644511947794899788", "price": "0.89", "size": "4162.91", "side": "SELL", "hash": "86728e5870d1f9739857c8921c6e7da04624a825", "best_bid": "0.41", "best_ask": "0.43"}], "timestamp": "1769384577185", "event_type": "price_change"}}
{"_local_timestamp": "2026-01-25T23:42:59.874395+00:00", "data": {"market": "0xa10b3d27570f31a72d6f3423faaaf746ad969dc49f39325425041fcb80161608", "price_changes": [{"asset_id": "67502762968645714869002345805010352311871702593328714183166200318860465838709", "price": "0.1", "size": "700", "side": "BUY", "hash": "b279ec3d6960007931d7141b206cb32bace28ed0", "best_bid": "0.57", "best_ask": "0.59"}, {"asset_id": "84236884021542303032638452986954039824644750541397101214796644511947794899788", "price": "0.9", "size": "700", "side": "SELL", "hash": "b549d5acff0e8b5852c1ab89371db4bac765ac1f", "best_bid": "0.41", "best_ask": "0.43"}], "timestamp": "1769384579763", "event_type": "price_change"}}
{"_local_timestamp": "2026-01-25T23:42:59.875120+00:00", "data": {"market": "0xa10b3d27570f31a72d6f3423faaaf746ad969dc49f39325425041fcb80161608", "price_changes": [{"asset_id": "84236884021542303032638452986954039824644750541397101214796644511947794899788", "price": "0.11", "size": "500", "side": "BUY", "hash": "dbb5829ffca419be72868ae291dc005802ecaad4", "best_bid": "0.41", "best_ask": "0.43"}, {"asset_id": "67502762968645714869002345805010352311871702593328714183166200318860465838709", "price": "0.89", "size": "500", "side": "SELL", "hash": "4b6dc7589e089aa561ab0cd1790bae1a6d7cae74", "best_bid": "0.57", "best_ask": "0.59"}], "timestamp": "1769384579764", "event_type": "price_change"}}
{"_local_timestamp": "2026-01-25T23:42:59.914105+00:00", "data": {"market": "0xa10b3d27570f31a72d6f3423faaaf746ad969dc49f39325425041fcb80161608", "price_changes": [{"asset_id": "67502762968645714869002345805010352311871702593328714183166200318860465838709", "price": "0.12", "size": "0", "side": "BUY", "hash": "60a83268bc34afcc0dedba8f2b58f928e67b3367", "best_bid": "0.57", "best_ask": "0.59"}, {"asset_id": "84236884021542303032638452986954039824644750541397101214796644511947794899788", "price": "0.88", "size": "0", "side": "SELL", "hash": "480a420da8d0d2712fee400a89e18e86b125c7d2", "best_bid": "0.41", "best_ask": "0.43"}], "timestamp": "1769384579798", "event_type": "price_change"}}
{"_local_timestamp": "2026-01-25T23:43:00.110187+00:00", "data": {"market": "0xa10b3d27570f31a72d6f3423faaaf746ad969dc49f39325425041fcb80161608", "price_changes": [{"asset_id": "84236884021542303032638452986954039824644750541397101214796644511947794899788", "price": "0.08", "size": "4257.32", "side": "BUY", "hash": "4f5376e62d3ab019d9ab79a72c6a93def42ba55c", "best_bid": "0.41", "best_ask": "0.43"}, {"asset_id": "67502762968645714869002345805010352311871702593328714183166200318860465838709", "price": "0.92", "size": "4257.32", "side": "SELL", "hash": "8791d17bf99ffe42b1256f851f8f8de4ba056bd5", "best_bid": "0.57", "best_ask": "0.59"}], "timestamp": "1769384579999", "event_type": "price_change"}}
{"_local_timestamp": "2026-01-25T23:43:12.348675+00:00", "data": {"market": "0xa10b3d27570f31a72d6f3423faaaf746ad969dc49f39325425041fcb80161608", "price_changes": [{"asset_id": "84236884021542303032638452986954039824644750541397101214796644511947794899788", "price": "0.08", "size": "4157.32", "side": "BUY", "hash": "f2a6abe35d7b171797919201cc14f662c5c2ca89", "best_bid": "0.41", "best_ask": "0.43"}, {"asset_id": "67502762968645714869002345805010352311871702593328714183166200318860465838709", "price": "0.92", "size": "4157.32", "side": "SELL", "hash": "4b743f44726422ce7316e057336bde471d8b4494", "best_bid": "0.57", "best_ask": "0.59"}], "timestamp": "1769384592222", "event_type": "price_change"}}
{"_local_timestamp": "2026-01-25T23:43:12.424451+00:00", "data": {"market": "0xa10b3d27570f31a72d6f3423faaaf746ad969dc49f39325425041fcb80161608", "price_changes": [{"asset_id": "84236884021542303032638452986954039824644750541397101214796644511947794899788", "price": "0.12", "size": "0", "side": "BUY", "hash": "9069f0c4959912fc1819046829f5a6ae70e0c1d0", "best_bid": "0.41", "best_ask": "0.43"}, {"asset_id": "67502762968645714869002345805010352311871702593328714183166200318860465838709", "price": "0.88", "size": "0", "side": "SELL", "hash": "577dc29af0dfe20dd405b532bb15b27531f7ff99", "best_bid": "0.57", "best_ask": "0.59"}], "timestamp": "1769384592299", "event_type": "price_change"}}
{"_local_timestamp": "2026-01-25T23:43:12.585169+00:00", "data": {"market": "0xa10b3d27570f31a72d6f3423faaaf746ad969dc49f39325425041fcb80161608", "price_changes": [{"asset_id": "84236884021542303032638452986954039824644750541397101214796644511947794899788", "price": "0.12", "size": "100", "side": "BUY", "hash": "656fa65ff2f150805460e9f99b0cd7eb33627c54", "best_bid": "0.41", "best_ask": "0.43"}, {"asset_id": "67502762968645714869002345805010352311871702593328714183166200318860465838709", "price": "0.88", "size": "100", "side": "SELL", "hash": "a58486601f2fbe2462d4c309869df6f12d3fad67", "best_bid": "0.57", "best_ask": "0.59"}], "timestamp": "1769384592456", "event_type": "price_change"}}
{"_local_timestamp": "2026-01-25T23:43:14.089477+00:00", "data": {"market": "0xa10b3d27570f31a72d6f3423faaaf746ad969dc49f39325425041fcb80161608", "price_changes": [{"asset_id": "67502762968645714869002345805010352311871702593328714183166200318860465838709", "price": "0.1", "size": "600", "side": "BUY", "hash": "fe241d1dc691425887321355bb154c0fc06ca2cd", "best_bid": "0.57", "best_ask": "0.59"}, {"asset_id": "84236884021542303032638452986954039824644750541397101214796644511947794899788", "price": "0.9", "size": "600", "side": "SELL", "hash": "dfb1700fa22a0f769a938f6a3a98a53effc66b56", "best_bid": "0.41", "best_ask": "0.43"}], "timestamp": "1769384593953", "event_type": "price_change"}}
{"_local_timestamp": "2026-01-25T23:43:14.396947+00:00", "data": {"market": "0xa10b3d27570f31a72d6f3423faaaf746ad969dc49f39325425041fcb80161608", "price_changes": [{"asset_id": "67502762968645714869002345805010352311871702593328714183166200318860465838709", "price": "0.11", "size": "4262.91", "side": "BUY", "hash": "49a75074c84330b53547fe728aec6ba3a559425f", "best_bid": "0.57", "best_ask": "0.59"}, {"asset_id": "84236884021542303032638452986954039824644750541397101214796644511947794899788", "price": "0.89", "size": "4262.91", "side": "SELL", "hash": "416e0803e3096e876519df6a2386c0344bf9cad1", "best_bid": "0.41", "best_ask": "0.43"}], "timestamp": "1769384594252", "event_type": "price_change"}}
{"_local_timestamp": "2026-01-25T23:43:14.400596+00:00", "data": {"market": "0xa10b3d27570f31a72d6f3423faaaf746ad969dc49f39325425041fcb80161608", "price_changes": [{"asset_id": "84236884021542303032638452986954039824644750541397101214796644511947794899788", "price": "0.08", "size": "4257.32", "side": "BUY", "hash": "953a489bbe5c50ed52219faf95046c41c28baf63", "best_bid": "0.41", "best_ask": "0.43"}, {"asset_id": "67502762968645714869002345805010352311871702593328714183166200318860465838709", "price": "0.92", "size": "4257.32", "side": "SELL", "hash": "a0393357fcff83bba06915adc533c207c7594193", "best_bid": "0.57", "best_ask": "0.59"}], "timestamp": "1769384594253", "event_type": "price_change"}}
{"_local_timestamp": "2026-01-25T23:43:15.583442+00:00", "data": {"market": "0xa10b3d27570f31a72d6f3423faaaf746ad969dc49f39325425041fcb80161608", "price_changes": [{"asset_id": "84236884021542303032638452986954039824644750541397101214796644511947794899788", "price": "0.11", "size": "100", "side": "BUY", "hash": "ff27400c88a6172ba14f7f5e62e059b4021e51df", "best_bid": "0.41", "best_ask": "0.43"}, {"asset_id": "67502762968645714869002345805010352311871702593328714183166200318860465838709", "price": "0.89", "size": "100", "side": "SELL", "hash": "d4f7360d9372084ee90538abef04e3beadb87770", "best_bid": "0.57", "best_ask": "0.59"}], "timestamp": "1769384595443", "event_type": "price_change"}}
{"_local_timestamp": "2026-01-25T23:43:15.584572+00:00", "data": {"market": "0xa10b3d27570f31a72d6f3423faaaf746ad969dc49f39325425041fcb80161608", "price_changes": [{"asset_id": "67502762968645714869002345805010352311871702593328714183166200318860465838709", "price": "0.1", "size": "200", "side": "BUY", "hash": "1d6d8d469853fe5f498f4b8834e19be973af5ccd", "best_bid": "0.57", "best_ask": "0.59"}, {"asset_id": "84236884021542303032638452986954039824644750541397101214796644511947794899788", "price": "0.9", "size": "200", "side": "SELL", "hash": "6f153fe0995a94f1394df13c83650d28eb7f19c1", "best_bid": "0.41", "best_ask": "0.43"}], "timestamp": "1769384595443", "event_type": "price_change"}}
{"_local_timestamp": "2026-01-25T23:43:15.656806+00:00", "data": {"market": "0xa10b3d27570f31a72d6f3423faaaf746ad969dc49f39325425041fcb80161608", "price_changes": [{"asset_id": "67502762968645714869002345805010352311871702593328714183166200318860465838709", "price": "0.08", "size": "890.11", "side": "BUY", "hash": "ea962396c3f30842fc264caedf31fec10602c4d8", "best_bid": "0.57", "best_ask": "0.59"}, {"asset_id": "84236884021542303032638452986954039824644750541397101214796644511947794899788", "price": "0.92", "size": "890.11", "side": "SELL", "hash": "c8adbcc4c7c52792d1cce5690842eebc0cd4f44e", "best_bid": "0.41", "best_ask": "0.43"}], "timestamp": "1769384595517", "event_type": "price_change"}}
{"_local_timestamp": "2026-01-25T23:43:15.657565+00:00", "data": {"market": "0xa10b3d27570f31a72d6f3423faaaf746ad969dc49f39325425041fcb80161608", "price_changes": [{"asset_id": "67502762968645714869002345805010352311871702593328714183166200318860465838709", "price": "0.08", "size": "2887.22", "side": "BUY", "hash": "1c968289ec003960dc2c87ef3e5a9f9588090313", "best_bid": "0.57", "best_ask": "0.59"}, {"asset_id": "84236884021542303032638452986954039824644750541397101214796644511947794899788", "price": "0.92", "size": "2887.22", "side": "SELL", "hash": "0c8930b7d4ee0ad71978861fe5b663a3bf987570", "best_bid": "0.41", "best_ask": "0.43"}], "timestamp": "1769384595518", "event_type": "price_change"}}
