{"_local_timestamp": "2026-01-25T23:34:24.094152+00:00", "data": [{"market": "0xcf3bdf479e31addf0d920776325a8759c37e977d8ccd16d84bb8a7c9b319f5b4", "asset_id": "19423897484252245381031724860563835455358662770351298411785241621776824540110", "timestamp": "1769384061841", "hash": "7a075199d5dab3d2e6a246a148f404cb1ba7e9f6", "bids": [{"price": "0.01", "size": "8789.27"}, {"price": "0.02", "size": "1800"}, {"price": "0.03", "size": "9.51"}, {"price": "0.07", "size": "1500"}, {"price": "0.08", "size": "4164.98"}, {"price": "0.09", "size": "200"}, {"price": "0.1", "size": "500"}, {"price": "0.11", "size": "4157.32"}, {"price": "0.14", "size": "200"}, {"price": "0.22", "size": "300"}, {"price": "0.24", "size": "1090.11"}, {"price": "0.25", "size": "890.11"}, {"price": "0.26", "size": "125"}, {"price": "0.27", "size": "62"}, {"price": "0.28", "size": "75"}, {"price": "0.5", "size": "10"}, {"price": "0.52", "size": "50"}, {"price": "0.54", "size": "169"}], "asks": [{"price": "0.99", "size": "8389.4"}, {"price": "0.98", "size": "1800"}, {"price": "0.97", "size": "9.19"}, {"price": "0.93", "size": "1500"}, {"price": "0.92", "size": "4157.32"}, {"price": "0.85", "size": "300"}, {"price": "0.83", "size": "200"}, {"price": "0.81", "size": "1315.11"}, {"price": "0.8", "size": "965.11"}, {"price": "0.76", "size": "10"}, {"price": "0.67", "size": "50"}, {"price": "0.63", "size": "150"}, {"price": "0.62", "size": "31"}], "event_type": "book", "last_trade_price": "0.540"}, {"market": "0xcf3bdf479e31addf0d920776325a8759c37e977d8ccd16d84bb8a7c9b319f5b4", "asset_id": "79800804285394431406313674956566735663577258418418362056340026872565628701860", "timestamp": "1769384061841", "hash": "5682addabd95c9575ea9a12e12939a8dfed05c70", "bids": [{"price": "0.01", "size": "8389.4"}, {"price": "0.02", "size": "1800"}, {"price": "0.03", "size": "9.19"}, {"price": "0.07", "size": "1500"}, {"price": "0.08", "size": "4157.32"}, {"price": "0.15", "size": "300"}, {"price": "0.17", "size": "200"}, {"price": "0.19", "size": "1315.11"}, {"price": "0.2", "size": "965.11"}, {"price": "0.24", "size": "10"}, {"price": "0.33", "size": "50"}, {"price": "0.37", "size": "150"}, {"price": "0.38", "size": "31"}], "asks": [{"price": "0.99", "size": "8789.27"}, {"price": "0.98", "size": "1800"}, {"price": "0.97", "size": "9.51"}, {"price": "0.93", "size": "1500"}, {"price": "0.92", "size": "4164.98"}, {"price": "0.91", "size": "200"}, {"price": "0.9", "size": "500"}, {"price": "0.89", "size": "4157.32"}, {"price": "0.86", "size": "200"}, {"price": "0.78", "size": "300"}, {"price": "0.76", "size": "1090.11"}, {"price": "0.75", "size": "890.11"}, {"price": "0.74", "size": "125"}, {"price": "0.73", "size": "62"}, {"price": "0.72", "size": "75"}, {"price": "0.5", "size": "10"}, {"price": "0.48", "size": "50"}, {"price": "0.46", "size": "169"}], "event_type": "book", "last_trade_price": "0.540"}]}
{"_local_timestamp": "2026-01-25T23:34:29.444086+00:00", "data": {"market": "0xcf3bdf479e31addf0d920776325a8759c37e977d8ccd16d84bb8a7c9b319f5b4", "price_changes": [{"asset_id": "19423897484252245381031724860563835455358662770351298411785241621776824540110", "price": "0.09", "size": "100", "side": "BUY", "hash": "8e60f02774c574d6c710358ebb896bcf7e364542", "best_bid": "0.54", "best_ask": "0.62"}, {"asset_id": "79800804285394431406313674956566735663577258418418362056340026872565628701860", "price": "0.91", "size": "100", "side": "SELL", "hash": "a670def61f5a1efc062279a752d65112d2a36871", "best_bid": "0.38", "best_ask": "0.46"}], "timestamp": "1769384069205", "event_type": "price_change"}}
{"_local_timestamp": "2026-01-25T23:34:29.533836+00:00", "data": {"market": "0xcf3bdf479e31addf0d920776325a8759c37e977d8ccd16d84bb8a7c9b319f5b4", "price_changes": [{"asset_id": "19423897484252245381031724860563835455358662770351298411785241621776824540110", "price": "0.11", "size": "0", "side": "BUY", "hash": "f8223d4e8f4583c33d3e9e924e5cfedfad8cdf27", "best_bid": "0.54", "best_ask": "0.62"}, {"asset_id": "79800804285394431406313674956566735663577258418418362056340026872565628701860", "price": "0.89", "size": "0", "side": "SELL", "hash": "bdb70d363acdaaa4d21dc1a03493d1758cb9fa87", "best_bid": "0.38", "best_ask": "0.46"}], "timestamp": "1769384069304", "event_type": "price_change"}}
{"_local_timestamp": "2026-01-25T23:34:29.721647+00:00", "data": {"market": "0xcf3bdf479e31addf0d920776325a8759c37e977d8ccd16d84bb8a7c9b319f5b4", "price_changes": [{"asset_id": "19423897484252245381031724860563835455358662770351298411785241621776824540110", "price": "0.1", "size": "600", "side": "BUY", "hash": "72909d6ab592e81732b54930fdf098904c9a9c7f", "best_bid": "0.54", "best_ask": "0.62"}, {"asset_id": "79800804285394431406313674956566735663577258418418362056340026872565628701860", "price": "0.9", "size": "600", "side": "SELL", "hash": "02a7a18c93c4a92c79b571f7f146773a489e22ea", "best_bid": "0.38", "best_ask": "0.46"}], "timestamp": "1769384069496", "event_type": "price_change"}}
{"_local_timestamp": "2026-01-25T23:34:29.780633+00:00", "data": {"market": "0xcf3bdf479e31addf0d920776325a8759c37e977d8ccd16d84bb8a7c9b319f5b4", "price_changes": [{"asset_id": "19423897484252245381031724860563835455358662770351298411785241621776824540110", "price": "0.11", "size": "1270.1", "side": "BUY", "hash": "1027c0477e09fb4a374dd6f09285d24aa67fd3fe", "best_bid": "0.54", "best_ask": "0.62"}, {"asset_id": "79800804285394431406313674956566735663577258418418362056340026872565628701860", "price": "0.89", "size": "1270.1", "side": "SELL", "hash": "0adef547646cc3dcc147bb52384d8c53a93e2d95", "best_bid": "0.38", "best_ask": "0.46"}], "timestamp": "1769384069546", "event_type": "price_change"}}
{"_local_timestamp": "2026-01-25T23:34:30.125305+00:00", "data": {"market": "0xcf3bdf479e31addf0d920776325a8759c37e977d8ccd16d84bb8a7c9b319f5b4", "price_changes": [{"asset_id": "19423897484252245381031724860563835455358662770351298411785241621776824540110", "price": "0.11", "size": "3267.21", "side": "BUY", "hash": "b1dc8b2c5e72bc5f43201422db39905b682aab7f", "best_bid": "0.54", "best_ask": "0.62"}, {"asset_id": "79800804285394431406313674956566735663577258418418362056340026872565628701860", "price": "0.89", "size": "3267.21", "side": "SELL", "hash": "6715d4750b2a2a14b1998b47afd99830d2853a04", "best_bid": "0.38", "best_ask": "0.46"}], "timestamp": "1769384069779", "event_type": "price_change"}}
{"_local_timestamp": "2026-01-25T23:34:30.125774+00:00", "data": {"market": "0xcf3bdf479e31addf0d920776325a8759c37e977d8ccd16d84bb8a7c9b319f5b4", "price_changes": [{"asset_id": "19423897484252245381031724860563835455358662770351298411785241621776824540110", "price": "0.11", "size": "4157.32", "side": "BUY", "hash": "555ef7239f46c30672d8b21e19153f5ba0328b4f", "best_bid": "0.54", "best_ask": "0.62"}, {"asset_id": "79800804285394431406313674956566735663577258418418362056340026872565628701860", "price": "0.89", "size": "4157.32", "side": "SELL", "hash": "44b93607d87722a362587c23c55708eb8c1bd9ea", "best_bid": "0.38", "best_ask": "0.46"}], "timestamp": "1769384069780", "event_type": "price_change"}}
{"_local_timestamp": "2026-01-25T23:34:31.961234+00:00", "data": {"market": "0xcf3bdf479e31addf0d920776325a8759c37e977d8ccd16d84bb8a7c9b319f5b4", "price_changes": [{"asset_id": "19423897484252245381031724860563835455358662770351298411785241621776824540110", "price": "0.09", "size": "0", "side": "BUY", "hash": "7f85591748dd12614a3651d437c728b5f85ea88c", "best_bid": "0.54", "best_ask": "0.62"}, {"asset_id": "79800804285394431406313674956566735663577258418418362056340026872565628701860", "price": "0.91", "size": "0", "side": "SELL", "hash": "fadb304561ce1fba9c36593435947e509404d149", "best_bid": "0.38", "best_ask": "0.46"}], "timestamp": "1769384071737", "event_type": "price_change"}}
{"_local_timestamp": "2026-01-25T23:34:32.401146+00:00", "data": {"market": "0xcf3bdf479e31addf0d920776325a8759c37e977d8ccd16d84bb8a7c9b319f5b4", "price_changes": [{"asset_id": "19423897484252245381031724860563835455358662770351298411785241621776824540110", "price": "0.1", "size": "700", "side": "BUY", "hash": "8aff0a3513f6cd729958b5393039f0129c0b048b", "best_bid": "0.54", "best_ask": "0.62"}, {"asset_id": "79800804285394431406313674956566735663577258418418362056340026872565628701860", "price": "0.9", "size": "700", "side": "SELL", "hash": "2471b74a736042457dcc54bcba4f344b3b19b002", "best_bid": "0.38", "best_ask": "0.46"}], "timestamp": "1769384072120", "event_type": "price_change"}}
{"_local_timestamp": "2026-01-25T23:34:32.515861+00:00", "data": {"market": "0xcf3bdf479e31addf0d920776325a8759c37e977d8ccd16d84bb8a7c9b319f5b4", "price_changes": [{"asset_id": "19423897484252245381031724860563835455358662770351298411785241621776824540110", "price": "0.08", "size": "7.66", "side": "BUY", "hash": "c964871a90e5bcda4f574ac7229654ad90ec54e3", "best_bid": "0.54", "best_ask": "0.62"}, {"asset_id": "79800804285394431406313674956566735663577258418418362056340026872565628701860", "price": "0.92", "size": "7.66", "side": "SELL", "hash": "5584a0116a233ccc7be476e5cd2d1230625f2915", "best_bid": "0.38", "best_ask": "0.46"}], "timestamp": "1769384072260", "event_type": "price_change"}}
{"_local_timestamp": "2026-01-25T23:34:50.611904+00:00", "data": {"market": "0xcf3bdf479e31addf0d920776325a8759c37e977d8ccd16d84bb8a7c9b319f5b4", "price_changes": [{"asset_id": "19423897484252245381031724860563835455358662770351298411785241621776824540110", "price": "0.1", "size": "600", "side": "BUY", "hash": "1d76c32139b389874197597d48609902f9064201", "best_bid": "0.54", "best_ask": "0.62"}, {"asset_id": "79800804285394431406313674956566735663577258418418362056340026872565628701860", "price": "0.9", "size": "600", "side": "SELL", "hash": "4fa2b1d8b5c62a3996626fd809263662d50e5e13", "best_bid": "0.38", "best_ask": "0.46"}], "timestamp": "1769384090191", "event_type": "price_change"}}
{"_local_timestamp": "2026-01-25T23:34:50.650848+00:00", "data": {"market": "0xcf3bdf479e31addf0d920776325a8759c37e977d8ccd16d84bb8a7c9b319f5b4", "price_changes": [{"asset_id": "19423897484252245381031724860563835455358662770351298411785241621776824540110", "price": "0.11", "size": "4257.32", "side": "BUY", "hash": "14c561c5a2267a3bfd662bcf9cbb655b39111ec0", "best_bid": "0.54", "best_ask": "0.62"}, {"asset_id": "79800804285394431406313674956566735663577258418418362056340026872565628701860", "price": "0.89", "size": "4257.32", "side": "SELL", "hash": "1e04b7cc56071d66675d09d48540f3622c006539", "best_bid": "0.38", "best_ask": "0.46"}], "timestamp": "1769384090481", "event_type": "price_change"}}
{"_local_timestamp": "2026-01-25T23:34:50.791897+00:00", "data": {"market": "0xcf3bdf479e31addf0d920776325a8759c37e977d8ccd16d84bb8a7c9b319f5b4", "price_changes": [{"asset_id": "19423897484252245381031724860563835455358662770351298411785241621776824540110", "price": "0.1", "size": "200", "side": "BUY", "hash": "df902ea59fd3ea34880ff97725d69c49e5321510", "best_bid": "0.54", "best_ask": "0.62"}, {"asset_id": "79800804285394431406313674956566735663577258418418362056340026872565628701860", "price": "0.9", "size": "200", "side": "SELL", "hash": "88eb667d94ddfb15e5e562c7ed1b424f4f8b7d6b", "best_bid": "0.38", "best_ask": "0.46"}], "timestamp": "1769384090657", "event_type": "price_change"}}
{"_local_timestamp": "2026-01-25T23:34:50.861375+00:00", "data": {"market": "0xcf3bdf479e31addf0d920776325a8759c37e977d8ccd16d84bb8a7c9b319f5b4", "price_changes": [{"asset_id": "19423897484252245381031724860563835455358662770351298411785241621776824540110", "price": "0.08", "size": "1277.76", "side": "BUY", "hash": "ccb131deb57473e09ddf33bf1166e05360abdb55", "best_bid": "0.54", "best_ask": "0.62"}, {"asset_id": "79800804285394431406313674956566735663577258418418362056340026872565628701860", "price": "0.92", "size": "1277.76", "side": "SELL", "hash": "b0bbb63a08be820de693a84dcdce0f4f3647fb2e", "best_bid": "0.38", "best_ask": "0.46"}], "timestamp": "1769384090722", "event_type": "price_change"}}
{"_local_timestamp": "2026-01-25T23:34:50.861791+00:00", "data": {"market": "0xcf3bdf479e31addf0d920776325a8759c37e977d8ccd16d84bb8a7c9b319f5b4", "price_changes": [{"asset_id": "19423897484252245381031724860563835455358662770351298411785241621776824540110", "price": "0.08", "size": "2167.87", "side": "BUY", "hash": "c38361e6fbe739f2c52c7e08bb969312a769565d", "best_bid": "0.54", "best_ask": "0.62"}, {"asset_id": "79800804285394431406313674956566735663577258418418362056340026872565628701860", "price": "0.92", "size": "2167.87", "side": "SELL", "hash": "d6ebb473b6a0d73a9c9bd13b78db6e747dba180e", "best_bid": "0.38", "best_ask": "0.46"}], "timestamp": "1769384090723", "event_type": "price_change"}}
{"_local_timestamp": "2026-01-25T23:34:50.905091+00:00", "data": {"market": "0xcf3bdf479e31addf0d920776325a8759c37e977d8ccd16d84bb8a7c9b319f5b4", "price_changes": [{"asset_id": "19423897484252245381031724860563835455358662770351298411785241621776824540110", "price": "0.08", "size": "4164.98", "side": "BUY", "hash": "3716288272c995937d67a196126e1075cb194f3d", "best_bid": "0.54", "best_ask": "0.62"}, {"asset_id": "79800804285394431406313674956566735663577258418418362056340026872565628701860", "price": "0.92", "size": "4164.98", "side": "SELL", "hash": "c7e9ea8122c8fffb2089744a4f4e1e489240935f", "best_bid": "0.38", "best_ask": "0.46"}], "timestamp": "1769384090762", "event_type": "price_change"}}
{"_local_timestamp": "2026-01-25T23:34:51.089759+00:00", "data": {"market": "0xcf3bdf479e31addf0d920776325a8759c37e977d8ccd16d84bb8a7c9b319f5b4", "price_changes": [{"asset_id": "19423897484252245381031724860563835455358662770351298411785241621776824540110", "price": "0.11", "size": "4657.32", "side": "BUY", "hash": "7cd409084d4fedeb1f4fcf8f2123e554822680a0", "best_bid": "0.54", "best_ask": "0.62"}, {"asset_id": "79800804285394431406313674956566735663577258418418362056340026872565628701860", "price": "0.89", "size": "4657.32", "side": "SELL", "hash": "56d395abce5367caddbf95fdcb67d9b117e3c1be", "best_bid": "0.38", "best_ask": "0.46"}], "timestamp": "1769384090939", "event_type": "price_change"}}
{"_local_timestamp": "2026-01-25T23:34:56.675318+00:00", "data": {"market": "0xcf3bdf479e31addf0d920776325a8759c37e977d8ccd16d84bb8a7c9b319f5b4", "price_changes": [{"asset_id": "19423897484252245381031724860563835455358662770351298411785241621776824540110", "price": "0.1", "size": "100", "side": "BUY", "hash": "92e8631e35acd7fc8674f4c3434b4ecf28950f1c", "best_bid": "0.54", "best_ask": "0.62"}, {"asset_id": "79800804285394431406313674956566735663577258418418362056340026872565628701860", "price": "0.9", "size": "100", "side": "SELL", "hash": "ae75eaf957676d34c92a6b5d96bd55f53274358f", "best_bid": "0.38", "best_ask": "0.46"}], "timestamp": "1769384096592", "event_type": "price_change"}}
{"_local_timestamp": "2026-01-25T23:34:56.746849+00:00", "data": {"market": "0xcf3bdf479e31addf0d920776325a8759c37e977d8ccd16d84bb8a7c9b319f5b4", "price_changes": [{"asset_id": "19423897484252245381031724860563835455358662770351298411785241621776824540110", "price": "0.11", "size": "1390.11", "side": "BUY", "hash": "8cf7e745893b9d1de29a9214c8020eb88e484f88", "best_bid": "0.54", "best_ask": "0.62"}, {"asset_id": "79800804285394431406313674956566735663577258418418362056340026872565628701860", "price": "0.89", "size": "1390.11", "side": "SELL", "hash": "ed27d7e8cdaf19921838cfd79f01c2d3d670db90", "best_bid": "0.38", "best_ask": "0.46"}], "timestamp": "1769384096672", "event_type": "price_change"}}
{"_local_timestamp": "2026-01-25T23:34:56.838969+00:00", "data": {"market": "0xcf3bdf479e31addf0d920776325a8759c37e977d8ccd16d84bb8a7c9b319f5b4", "price_changes": [{"asset_id": "19423897484252245381031724860563835455358662770351298411785241621776824540110", "price": "0.11", "size": "500", "side": "BUY", "hash": "1aaa74d5fd6128eb742924d5c49b63cff8685ca1", "best_bid": "0.54", "best_ask": "0.62"}, {"asset_id": "79800804285394431406313674956566735663577258418418362056340026872565628701860", "price": "0.89", "size": "500", "side": "SELL", "hash": "6022f44e165d8ff91e8da51550f73a6c49535f26", "best_bid": "0.38", "best_ask": "0.46"}], "timestamp": "1769384096758", "event_type": "price_change"}}
{"_local_timestamp": "2026-01-25T23:34:56.943149+00:00", "data": {"market": "0xcf3bdf479e31addf0d920776325a8759c37e977d8ccd16d84bb8a7c9b319f5b4", "price_changes": [{"asset_id": "19423897484252245381031724860563835455358662770351298411785241621776824540110", "price": "0.11", "size": "600", "side": "BUY", "hash": "7bdd0785c42fc0cf254b717571095caf15a2cbf2", "best_bid": "0.54", "best_ask": "0.62"}, {"asset_id": "79800804285394431406313674956566735663577258418418362056340026872565628701860", "price": "0.89", "size": "600", "side": "SELL", "hash": "de1bf9c202ff120ee72ca934c506a58a8a7ee04c", "best_bid": "0.38", "best_ask": "0.46"}], "timestamp": "1769384096853", "event_type": "price_change"}}
{"_local_timestamp": "2026-01-25T23:34:56.957750+00:00", "data": {"market": "0xcf3bdf479e31addf0d920776325a8759c37e977d8ccd16d84bb8a7c9b319f5b4", "price_changes": [{"asset_id": "19423897484252245381031724860563835455358662770351298411785241621776824540110", "price": "0.12", "size": "1270.1", "side": "BUY", "hash": "6e2bfe28128cefb8c6f1fb1ed47781d0b9651e61", "best_bid": "0.54", "best_ask": "0.62"}, {"asset_id": "79800804285394431406313674956566735663577258418418362056340026872565628701860", "price": "0.88", "size": "1270.1", "side": "SELL", "hash": "79c86786ee817538b4f662721e94d7bffe0c2ce5", "best_bid": "0.38", "best_ask": "0.46"}], "timestamp": "1769384096884", "event_type": "price_change"}}
{"_local_timestamp": "2026-01-25T23:34:56.961176+00:00", "data": {"market": "0xcf3bdf479e31addf0d920776325a8759c37e977d8ccd16d84bb8a7c9b319f5b4", "price_changes": [{"asset_id": "19423897484252245381031724860563835455358662770351298411785241621776824540110", "price": "0.12", "size": "2160.21", "side": "BUY", "hash": "5fa83a5c52be542a7d8fcd43bb2c26cf21c44300", "best_bid": "0.54", "best_ask": "0.62"}, {"asset_id": "79800804285394431406313674956566735663577258418418362056340026872565628701860", "price": "0.88", "size": "2160.21", "side": "SELL", "hash": "1cc0c08810f03daf001536194bf69b7bf007af70", "best_bid": "0.38", "best_ask": "0.46"}], "timestamp": "1769384096885", "event_type": "price_change"}}
{"_local_timestamp": "2026-01-25T23:34:56.961682+00:00", "data": {"market": "0xcf3bdf479e31addf0d920776325a8759c37e977d8ccd16d84bb8a7c9b319f5b4", "price_changes": [{"asset_id": "19423897484252245381031724860563835455358662770351298411785241621776824540110", "price": "0.12", "size": "4157.32", "side": "BUY", "hash": "bd9cacd918150dc8e74091c7ec4da0aa37dcddef", "best_bid": "0.54", "best_ask": "0.62"}, {"asset_id": "79800804285394431406313674956566735663577258418418362056340026872565628701860", "price": "0.88", "size": "4157.32", "side": "SELL", "hash": "161ad262319540be8eee976b5b40b243690472e2", "best_bid": "0.38", "best_ask": "0.46"}], "timestamp": "1769384096885", "event_type": "price_change"}}
{"_local_timestamp": "2026-01-25T23:35:01.798913+00:00", "data": {"market": "0xcf3bdf479e31addf0d920776325a8759c37e977d8ccd16d84bb8a7c9b319f5b4", "price_changes": [{"asset_id": "19423897484252245381031724860563835455358662770351298411785241621776824540110", "price": "0.1", "size": "0", "side": "BUY", "hash": "500728cd53c04bac576a8adca61e22da47718cd7", "best_bid": "0.54", "best_ask": "0.62"}, {"asset_id": "79800804285394431406313674956566735663577258418418362056340026872565628701860", "price": "0.9", "size": "0", "side": "SELL", "hash": "591319b118c973d47548ab1b9773a95b4a1524ad", "best_bid": "0.38", "best_ask": "0.46"}], "timestamp": "1769384101730", "event_type": "price_change"}}
{"_local_timestamp": "2026-01-25T23:35:01.896329+00:00", "data": {"market": "0xcf3bdf479e31addf0d920776325a8759c37e977d8ccd16d84bb8a7c9b319f5b4", "price_changes": [{"asset_id": "19423897484252245381031724860563835455358662770351298411785241621776824540110", "price": "0.08", "size": "897.77", "side": "BUY", "hash": "acaf15edfa248d41565e4c39ccf6d314211f0911", "best_bid": "0.54", "best_ask": "0.62"}, {"asset_id": "79800804285394431406313674956566735663577258418418362056340026872565628701860", "price": "0.92", "size": "897.77", "side": "SELL", "hash": "d33d8baef8b45ba9aaa4bb1c35285286a1baa7f8", "best_bid": "0.38", "best_ask": "0.46"}], "timestamp": "1769384101815", "event_type": "price_change"}}
{"_local_timestamp": "2026-01-25T23:35:01.994040+00:00", "data": {"market": "0xcf3bdf479e31addf0d920776325a8759c37e977d8ccd16d84bb8a7c9b319f5b4", "price_changes": [{"asset_id": "19423897484252245381031724860563835455358662770351298411785241621776824540110", "price": "0.08", "size": "7.66", "side": "BUY", "hash": "274fd0fd8eaed2f013bddad94acfefeb4b30edb6", "best_bid": "0.54", "best_ask": "0.62"}, {"asset_id": "79800804285394431406313674956566735663577258418418362056340026872565628701860", "price": "0.92", "size": "7.66", "side": "SELL", "hash": "600c3f2caddf81af7e5b1d5991a6f2367dc473b4", "best_bid": "0.38", "best_ask": "0.46"}], "timestamp": "1769384101917", "event_type": "price_change"}}
{"_local_timestamp": "2026-01-25T23:35:02.080028+00:00", "data": {"market": "0xcf3bdf479e31addf0d920776325a8759c37e977d8ccd16d84bb8a7c9b319f5b4", "price_changes": [{"asset_id": "19423897484252245381031724860563835455358662770351298411785241621776824540110", "price": "0.11", "size": "700", "side": "BUY", "hash": "c905684cf9a0161bb5c6e632147a0cc1ebf7b38d", "best_bid": "0.54", "best_ask": "0.62"}, {"asset_id": "79800804285394431406313674956566735663577258418418362056340026872565628701860", "price": "0.89", "size": "700", "side": "SELL", "hash": "d2225aefa4f346a35edbd8c66bf5e3bb6a043016", "best_bid": "0.38", "best_ask": "0.46"}], "timestamp": "1769384102000", "event_type": "price_change"}}
{"_local_timestamp": "2026-01-25T23:35:12.502333+00:00", "data": {"market": "0xcf3bdf479e31addf0d920776325a8759c37e977d8ccd16d84bb8a7c9b319f5b4", "price_changes": [{"asset_id": "19423897484252245381031724860563835455358662770351298411785241621776824540110", "price": "0.11", "size": "300", "side": "BUY", "hash": "f6a9017122e129ff0d049b35ecc7f555460c772e", "best_bid": "0.54", "best_ask": "0.62"}, {"asset_id": "79800804285394431406313674956566735663577258418418362056340026872565628701860", "price": "0.89", "size": "300", "side": "SELL", "hash": "2893bb35a71d27617a16baaabc13de58d79934b2", "best_bid": "0.38", "best_ask": "0.46"}], "timestamp": "1769384112431", "event_type": "price_change"}}
{"_local_timestamp": "2026-01-25T23:35:12.787502+00:00", "data": {"market": "0xcf3bdf479e31addf0d920776325a8759c37e977d8ccd16d84bb8a7c9b319f5b4", "price_changes": [{"asset_id": "19423897484252245381031724860563835455358662770351298411785241621776824540110", "price": "0.12", "size": "4557.32", "side": "BUY", "hash": "6c8d9487a57d97fdb97f1ff8347adfb83d70f1c2", "best_bid": "0.54", "best_ask": "0.62"}, {"asset_id": "79800804285394431406313674956566735663577258418418362056340026872565628701860", "price": "0.88", "size": "4557.32", "side": "SELL", "hash": "b37b8fa133c70dfd55a4ebd78a7979c128776a9a", "best_bid": "0.38", "best_ask": "0.46"}], "timestamp": "1769384112711", "event_type": "price_change"}}
{"_local_timestamp": "2026-01-25T23:35:12.823177+00:00", "data": {"market": "0xcf3bdf479e31addf0d920776325a8759c37e977d8ccd16d84bb8a7c9b319f5b4", "price_changes": [{"asset_id": "19423897484252245381031724860563835455358662770351298411785241621776824540110", "price": "0.08", "size": "2004.77", "side": "BUY", "hash": "84db4d516ac3a2827c488d1cb2b60e6627097c57", "best_bid": "0.54", "best_ask": "0.62"}, {"asset_id": "79800804285394431406313674956566735663577258418418362056340026872565628701860", "price": "0.92", "size": "2004.77", "side": "SELL", "hash": "63c2b4ac8ff14815093f7382d09e8753ba8c7a77", "best_bid": "0.38", "best_ask": "0.46"}], "timestamp": "1769384112751", "event_type": "price_change"}}
{"_local_timestamp": "2026-01-25T23:35:12.826232+00:00", "data": {"market": "0xcf3bdf479e31addf0d920776325a8759c37e977d8ccd16d84bb8a7c9b319f5b4", "price_changes": [{"asset_id": "19423897484252245381031724860563835455358662770351298411785241621776824540110", "price": "0.08", "size": "2894.88", "side": "BUY", "hash": "33ff2d7ee6cdad190d38a610cd95df7598aa74fa", "best_bid": "0.54", "best_ask": "0.62"}, {"asset_id": "79800804285394431406313674956566735663577258418418362056340026872565628701860", "price": "0.92", "size": "2894.88", "side": "SELL", "hash": "429160d2b3748e6d2958eb7b84fac68ea4339ef1", "best_bid": "0.38", "best_ask": "0.46"}], "timestamp": "1769384112752", "event_type": "price_change"}}
{"_local_timestamp": "2026-01-25T23:35:12.827030+00:00", "data": {"market": "0xcf3bdf479e31addf0d920776325a8759c37e977d8ccd16d84bb8a7c9b319f5b4", "price_changes": [{"asset_id": "19423897484252245381031724860563835455358662770351298411785241621776824540110", "price": "0.08", "size": "4164.98", "side": "BUY", "hash": "83ed331a5d474baf0c37d5681a3f85825b32824f", "best_bid": "0.54", "best_ask": "0.62"}, {"asset_id": "79800804285394431406313674956566735663577258418418362056340026872565628701860", "price": "0.92", "size": "4164.98", "side": "SELL", "hash": "732637c9799adf16bad17ae58619b69d0cf3f082", "best_bid": "0.38", "best_ask": "0.46"}], "timestamp": "1769384112753", "event_type": "price_change"}}
{"_local_timestamp": "2026-01-25T23:35:26.818931+00:00", "data": {"market": "0xcf3bdf479e31addf0d920776325a8759c37e977d8ccd16d84bb8a7c9b319f5b4", "price_changes": [{"asset_id": "19423897484252245381031724860563835455358662770351298411785241621776824540110", "price": "0.11", "size": "200", "side": "BUY", "hash": "fa7ab9ae3bef244adfda7df4edfab450c9bcab18", "best_bid": "0.54", "best_ask": "0.62"}, {"asset_id": "79800804285394431406313674956566735663577258418418362056340026872565628701860", "price": "0.89", "size": "200", "side": "SELL", "hash": "e76dccddefeb79442dbf0248d342d63056cd7128", "best_bid": "0.38", "best_ask": "0.46"}], "timestamp": "1769384126629", "event_type": "price_change"}}
{"_local_timestamp": "2026-01-25T23:35:26.922001+00:00", "data": {"market": "0xcf3bdf479e31addf0d920776325a8759c37e977d8ccd16d84bb8a7c9b319f5b4", "price_changes": [{"asset_id": "19423897484252245381031724860563835455358662770351298411785241621776824540110", "price": "0.12", "size": "400", "side": "BUY", "hash": "67929b2eda55d365f30ff3634678431c5005526d", "best_bid": "0.54", "best_ask": "0.62"}, {"asset_id": "79800804285394431406313674956566735663577258418418362056340026872565628701860", "price": "0.88", "size": "400", "side": "SELL", "hash": "fb74158fc2b60dbb2c36327b35c3826f37a9b090", "best_bid": "0.38", "best_ask": "0.46"}], "timestamp": "1769384126833", "event_type": "price_change"}}
{"_local_timestamp": "2026-01-25T23:35:27.247934+00:00", "data": {"market": "0xcf3bdf479e31addf0d920776325a8759c37e977d8ccd16d84bb8a7c9b319f5b4", "price_changes": [{"asset_id": "19423897484252245381031724860563835455358662770351298411785241621776824540110", "price": "0.12", "size": "500", "side": "BUY", "hash": "b52f2580f9819ae590bf6706e425cfba3f28b9f7", "best_bid": "0.54", "best_ask": "0.62"}, {"asset_id": "79800804285394431406313674956566735663577258418418362056340026872565628701860", "price": "0.88", "size": "500", "side": "SELL", "hash": "641ee82ae48cae291f7c90804f68591ffc94d2ba", "best_bid": "0.38", "best_ask": "0.46"}], "timestamp": "1769384126971", "event_type": "price_change"}}
{"_local_timestamp": "2026-01-25T23:35:28.356069+00:00", "data": {"market": "0xcf3bdf479e31addf0d920776325a8759c37e977d8ccd16d84bb8a7c9b319f5b4", "price_changes": [{"asset_id": "19423897484252245381031724860563835455358662770351298411785241621776824540110", "price": "0.11", "size": "100", "side": "BUY", "hash": "14c15f53d3ebddcbe41814ccd589e4c5f7de8312", "best_bid": "0.54", "best_ask": "0.62"}, {"asset_id": "79800804285394431406313674956566735663577258418418362056340026872565628701860", "price": "0.89", "size": "100", "side": "SELL", "hash": "fc6af8f42a5476dd3e0b204868e4620af8e4fe56", "best_bid": "0.38", "best_ask": "0.46"}], "timestamp": "1769384128279", "event_type": "price_change"}}
{"_local_timestamp": "2026-01-25T23:35:28.615436+00:00", "data": {"market": "0xcf3bdf479e31addf0d920776325a8759c37e977d8ccd16d84bb8a7c9b319f5b4", "price_changes": [{"asset_id": "19423897484252245381031724860563835455358662770351298411785241621776824540110", "price": "0.12", "size": "600", "side": "BUY", "hash": "535cc6c5be617c2c9353beaecb0813759c3e0361", "best_bid": "0.54", "best_ask": "0.62"}, {"asset_id": "79800804285394431406313674956566735663577258418418362056340026872565628701860", "price": "0.88", "size": "600", "side": "SELL", "hash": "6baf9829db64353539d5efd84f37d105c86c9772", "best_bid": "0.38", "best_ask": "0.46"}], "timestamp": "1769384128552", "event_type": "price_change"}}
{"_local_timestamp": "2026-01-25T23:35:28.696478+00:00", "data": {"market": "0xcf3bdf479e31addf0d920776325a8759c37e977d8ccd16d84bb8a7c9b319f5b4", "price_changes": [{"asset_id": "19423897484252245381031724860563835455358662770351298411785241621776824540110", "price": "0.13", "size": "1997.11", "side": "BUY", "hash": "1128f20987e549e0943bd4f62f33d3867e731ba1", "best_bid": "0.54", "best_ask": "0.62"}, {"asset_id": "79800804285394431406313674956566735663577258418418362056340026872565628701860", "price": "0.87", "size": "1997.11", "side": "SELL", "hash": "d9264a1be7ed39130c7e6bccab63954a536dd543", "best_bid": "0.38", "best_ask": "0.46"}], "timestamp": "1769384128623", "event_type": "price_change"}}
{"_local_timestamp": "2026-01-25T23:35:28.697057+00:00", "data": {"market": "0xcf3bdf479e31addf0d920776325a8759c37e977d8ccd16d84bb8a7c9b319f5b4", "price_changes": [{"asset_id": "19423897484252245381031724860563835455358662770351298411785241621776824540110", "price": "0.13", "size": "2887.22", "side": "BUY", "hash": "d905e525a0f042fe0fc6c0dbe13d1e65b8b4bdba", "best_bid": "0.54", "best_ask": "0.62"}, {"asset_id": "79800804285394431406313674956566735663577258418418362056340026872565628701860", "price": "0.87", "size": "2887.22", "side": "SELL", "hash": "dbffc4e0c83b89623e7de27e1f5e527d61312f9e", "best_bid": "0.38", "best_ask": "0.46"}], "timestamp": "1769384128624", "event_type": "price_change"}}
{"_local_timestamp": "2026-01-25T23:35:28.729516+00:00", "data": {"market": "0xcf3bdf479e31addf0d920776325a8759c37e977d8ccd16d84bb8a7c9b319f5b4", "price_changes": [{"asset_id": "19423897484252245381031724860563835455358662770351298411785241621776824540110", "price": "0.13", "size": "4157.32", "side": "BUY", "hash": "11dc3530a1adedbcffd5f61f8014447f8cd11655", "best_bid": "0.54", "best_ask": "0.62"}, {"asset_id": "79800804285394431406313674956566735663577258418418362056340026872565628701860", "price": "0.87", "size": "4157.32", "side": "SELL", "hash": "0e019ea2482ea2b23c3140fbba669eb2596ec55c", "best_bid": "0.38", "best_ask": "0.46"}], "timestamp": "1769384128660", "event_type": "price_change"}}
{"_local_timestamp": "2026-01-25T23:35:32.908621+00:00", "data": {"market": "0xcf3bdf479e31addf0d920776325a8759c37e977d8ccd16d84bb8a7c9b319f5b4", "price_changes": [{"asset_id": "19423897484252245381031724860563835455358662770351298411785241621776824540110", "price": "0.11", "size": "0", "side": "BUY", "hash": "a2b9d0f4aef7fc556caa8a9cc592b94763651f94", "best_bid": "0.54", "best_ask": "0.62"}, {"asset_id": "79800804285394431406313674956566735663577258418418362056340026872565628701860", "price": "0.89", "size": "0", "side": "SELL", "hash": "182dca654040219bf94bd922d36b472013397a1e", "best_bid": "0.38", "best_ask": "0.46"}], "timestamp": "1769384132834", "event_type": "price_change"}}
{"_local_timestamp": "2026-01-25T23:35:32.962735+00:00", "data": {"market": "0xcf3bdf479e31addf0d920776325a8759c37e977d8ccd16d84bb8a7c9b319f5b4", "price_changes": [{"asset_id": "19423897484252245381031724860563835455358662770351298411785241621776824540110", "price": "0.08", "size": "897.77", "side": "BUY", "hash": "28b026129a92290d1f288ad62537cd94d570f104", "best_bid": "0.54", "best_ask": "0.62"}, {"asset_id": "79800804285394431406313674956566735663577258418418362056340026872565628701860", "price": "0.92", "size": "897.77", "side": "SELL", "hash": "ebc2d0a9e605c5089083a26b8244509ee29fbd2a", "best_bid": "0.38", "best_ask": "0.46"}], "timestamp": "1769384132893", "event_type": "price_change"}}
{"_local_timestamp": "2026-01-25T23:35:33.068533+00:00", "data": {"market": "0xcf3bdf479e31addf0d920776325a8759c37e977d8ccd16d84bb8a7c9b319f5b4", "price_changes": [{"asset_id": "19423897484252245381031724860563835455358662770351298411785241621776824540110", "price": "0.08", "size": "7.66", "side": "BUY", "hash": "14157e90dbe0f5c1b94b32927a1e9aedd9a8e26c", "best_bid": "0.54", "best_ask": "0.62"}, {"asset_id": "79800804285394431406313674956566735663577258418418362056340026872565628701860", "price": "0.92", "size": "7.66", "side": "SELL", "hash": "2d62b881ab8adef0a728c1dfa63dc3e31fea008b", "best_bid": "0.38", "best_ask": "0.46"}], "timestamp": "1769384132980", "event_type": "price_change"}}
{"_local_timestamp": "2026-01-25T23:35:33.210515+00:00", "data": {"market": "0xcf3bdf479e31addf0d920776325a8759c37e977d8ccd16d84bb8a7c9b319f5b4", "price_changes": [{"asset_id": "19423897484252245381031724860563835455358662770351298411785241621776824540110", "price": "0.12", "size": "700", "side": "BUY", "hash": "d47871a1a7ad52c8304fdc6d9e9c44eda8a40cc4", "best_bid": "0.54", "best_ask": "0.62"}, {"asset_id": "79800804285394431406313674956566735663577258418418362056340026872565628701860", "price": "0.88", "size": "700", "side": "SELL", "hash": "9e1b2d6b702d25bbb68b55e528976958238e62c5", "best_bid": "0.38", "best_ask": "0.46"}], "timestamp": "1769384133121", "event_type": "price_change"}}
