{"_local_timestamp": "2026-01-25T23:41:28.898142+00:00", "data": [{"market": "0x8c03e43bdade2fc8b6d4b42641628ca4f2ebabce33f1408a97f97d6f07a2c551", "asset_id": "77971686823944505245998654649570728138906483396386406032696700452891123471193", "timestamp": "1769384146496", "hash": "d1322176935643e6ea493d792acd046a7eded592", "bids": [{"price": "0.01", "size": "10411.47"}, {"price": "0.02", "size": "20.48"}, {"price": "0.03", "size": "1140.11"}, {"price": "0.04", "size": "929.35"}], "asks": [{"price": "0.99", "size": "10404.22"}, {"price": "0.98", "size": "42.6"}, {"price": "0.94", "size": "1140.11"}, {"price": "0.93", "size": "895.58"}], "event_type": "book", "last_trade_price": ""}, {"market": "0x9b7f41d257380c960afe5baadf8224eafb78e1453258c4a5128ffca74d2d1ab3", "asset_id": "80236103211521680982574555212173852472688983117232368666043083870120280500550", "timestamp": "1769383983582", "hash": "1c57a5dce89ca7049d2e5a348b29b78b5af07ae0", "bids": [{"price": "0.01", "size": "7884.01"}, {"price": "0.02", "size": "11053.57"}, {"price": "0.03", "size": "12.74"}, {"price": "0.05", "size": "7"}, {"price": "0.06", "size": "177.95"}], "asks": [{"price": "0.99", "size": "1884.9"}, {"price": "0.98", "size": "5054.46"}, {"price": "0.97", "size": "23.71"}, {"price": "0.94", "size": "1140.11"}, {"price": "0.93", "size": "1033.11"}], "event_type": "book", "last_trade_price": ""}, {"market": "0x2cd5ce7a857857ee278f88a0b70571b9099536198193d2e9c33368bdf26f7091", "asset_id": "42344517171103205821512724044036048795777381658124834386631851649689374995523", "timestamp": "1769383983982", "hash": "1a12bcd47923e8aaa3bf3c18f1d40e8460a13702", "bids": [{"price": "0.01", "size": "10348.82"}, {"price": "0.02", "size": "49.27"}, {"price": "0.08", "size": "1140.11"}, {"price": "0.09", "size": "890.11"}], "asks": [{"price": "0.99", "size": "10355.24"}, {"price": "0.98", "size": "25.56"}, {"price": "0.97", "size": "4157.32"}, {"price": "0.96", "size": "1140.11"}, {"price": "0.95", "size": "896.12"}], "event_type": "book", "last_trade_price": ""}, {"market": "0xaaf9c97d41fe3cd20f89434da4a2a30e6ac9e4571cb2e89543c15125c3334363", "asset_id": "17446002811121401295276676630411923177096509501182976889261615360225712433037", "timestamp": "1769383974421", "hash": "7962addc2b11cfec2860e4afe7e2688764efb509", "bids": [{"price": "0.01", "size": "11241.33"}, {"price": "0.02", "size": "26.15"}, {"price": "0.05", "size": "250"}, {"price": "0.06", "size": "10.95"}], "asks": [{"price": "0.99", "size": "11248.58"}, {"price": "0.98", "size": "20.46"}, {"price": "0.97", "size": "250"}, {"price": "0.96", "size": "39.24"}], "event_type": "book", "last_trade_price": ""}, {"market": "0x8c03e43bdade2fc8b6d4b42641628ca4f2ebabce33f1408a97f97d6f07a2c551", "asset_id": "91127612877358479616534029335326292719506607413550073866497440380785160686994", "timestamp": "1769384146496", "hash": "67cd48de6f2a510779c8e3e7db7c3bd90f5c5d23", "bids": [{"price": "0.01", "size": "10404.22"}, {"price": "0.02", "size": "42.6"}, {"price": "0.06", "size": "1140.11"}, {"price": "0.07", "size": "895.58"}], "asks": [{"price": "0.99", "size": "10411.47"}, {"price": "0.98", "size": "20.48"}, {"price": "0.97", "size": "1140.11"}, {"price": "0.96", "size": "929.35"}], "event_type": "book", "last_trade_price": ""}, {"market": "0x9b7f41d257380c960afe5baadf8224eafb78e1453258c4a5128ffca74d2d1ab3", "asset_id": "13591991151685092421746265884432176609286592051432586020242273140673134879650", "timestamp": "1769383983582", "hash": "f313fa808191120f7da9c9f86ea02a3b5148f500", "bids": [{"price": "0.01", "size": "1884.9"}, {"price": "0.02", "size": "5054.46"}, {"price": "0.03", "size": "23.71"}, {"price": "0.06", "size": "1140.11"}, {"price": "0.07", "size": "1033.11"}], "asks": [{"price": "0.99", "size": "7884.01"}, {"price": "0.98", "size": "11053.57"}, {"price": "0.97", "size": "12.74"}, {"price": "0.95", "size": "7"}, {"price": "0.94", "size": "177.95"}], "event_type": "book", "last_trade_price": ""}, {"market": "0x9e47145baaf2202a208c89b6cf418547d9dcd68594666cf18757c2fe15f5a279", "asset_id": "97691760742382012665107890681886880976366379104292070260202756391254813451500", "timestamp": "1769384438124", "hash": "99ca92b874d9e5390dad49a8a9b1d37b1ca0366b", "bids": [{"price": "0.01", "size": "203.97"}, {"price": "0.02", "size": "97.03"}, {"price": "0.03", "size": "20.65"}, {"price": "0.04", "size": "5.47"}], "asks": [{"price": "0.99", "size": "202.04"}, {"price": "0.98", "size": "117.48"}, {"price": "0.97", "size": "18.99"}, {"price": "0.96", "size": "29.99"}], "event_type": "book", "last_trade_price": ""}, {"market": "0x9e47145baaf2202a208c89b6cf418547d9dcd68594666cf18757c2fe15f5a279", "asset_id": "77527855928616728678227235523703347129752127670139127845926938071302229093565", "timestamp": "1769384438124", "hash": "2f16f2841428d1683c1012265fd6cee33d19b13b", "bids": [{"price": "0.01", "size": "202.04"}, {"price": "0.02", "size": "117.48"}, {"price": "0.03", "size": "18.99"}, {"price": "0.04", "size": "29.99"}], "asks": [{"price": "0.99", "size": "203.97"}, {"price": "0.98", "size": "97.03"}, {"price": "0.97", "size": "20.65"}, {"price": "0.96", "size": "5.47"}], "event_type": "book", "last_trade_price": ""}, {"market": "0xaaf9c97d41fe3cd20f89434da4a2a30e6ac9e4571cb2e89543c15125c3334363", "asset_id": "19933571569591961478642798146195655663245214176035318039841478863062068099314", "timestamp": "1769383974421", "hash": "c04c05f5eceee33d8154d5fccd81f358dff284cb", "bids": [{"price": "0.01", "size": "11248.58"}, {"price": "0.02", "size": "20.46"}, {"price": "0.03", "size": "250"}, {"price": "0.04", "size": "39.24"}], "asks": [{"price": "0.99", "size": "11241.33"}, {"price": "0.98", "size": "26.15"}, {"price": "0.95", "size": "250"}, {"price": "0.94", "size": "10.95"}], "event_type": "book", "last_trade_price": ""}, {"market": "0x2cd5ce7a857857ee278f88a0b70571b9099536198193d2e9c33368bdf26f7091", "asset_id": "52840474195495457424087329238387194188527647402715994812669547554156163206566", "timestamp": "1769383983982", "hash": "50768e7dd45692d346a95405247f9e7e7ab6c5d0", "bids": [{"price": "0.01", "size": "10355.24"}, {"price": "0.02", "size": "25.56"}, {"price": "0.03", "size": "4157.32"}, {"price": "0.04", "size": "1140.11"}, {"price": "0.05", "size": "896.12"}], "asks": [{"price": "0.99", "size": "10348.82"}, {"price": "0.98", "size": "49.27"}, {"price": "0.92", "size": "1140.11"}, {"price": "0.91", "size": "890.11"}], "event_type": "book", "last_trade_price": ""}]}
