{"_local_timestamp": "2026-01-25T23:34:13.198794+00:00", "data": [{"market": "0x833c705c303d5c6ba5920134325b2bc9b6739355d8c919ae9daf38819f70a23b", "asset_id": "86960458565907402887724563283813185279962333708418383141332052857132193514334", "timestamp": "1769380874187", "hash": "93c85bd096dcbe7fff3915ddf8443043117b8dcf", "bids": [{"price": "0.01", "size": "344.79"}, {"price": "0.02", "size": "26.15"}, {"price": "0.05", "size": "100"}, {"price": "0.06", "size": "38.48"}], "asks": [{"price": "0.99", "size": "1335.73"}, {"price": "0.98", "size": "12.37"}, {"price": "0.95", "size": "100"}, {"price": "0.94", "size": "33"}, {"price": "0.93", "size": "15.4"}, {"price": "0.63", "size": "120"}], "event_type": "book", "last_trade_price": ""}, {"market": "0x37a2a8f43108504d768012984de442ad727183c192ea4282bf22c28f467d1ae9", "asset_id": "20433031826617634564864446320072745267511700140444160083894490218868960052047", "timestamp": "1769384006773", "hash": "3766133ffd591acda36ead32d8763fbd5db3f345", "bids": [{"price": "0.01", "size": "10586.43"}, {"price": "0.02", "size": "13.21"}, {"price": "0.05", "size": "100"}, {"price": "0.06", "size": "33"}, {"price": "0.07", "size": "10.51"}, {"price": "0.26", "size": "100"}, {"price": "0.27", "size": "1390.11"}, {"price": "0.28", "size": "890.11"}], "asks": [{"price": "0.99", "size": "7439.05"}, {"price": "0.98", "size": "4157.32"}, {"price": "0.97", "size": "5.71"}, {"price": "0.95", "size": "100"}, {"price": "0.94", "size": "33"}, {"price": "0.93", "size": "10.41"}, {"price": "0.8", "size": "200"}, {"price": "0.73", "size": "200"}, {"price": "0.38", "size": "1390.11"}, {"price": "0.37", "size": "890.11"}, {"price": "0.36", "size": "100"}], "event_type": "book", "last_trade_price": ""}, {"market": "0x833c705c303d5c6ba5920134325b2bc9b6739355d8c919ae9daf38819f70a23b", "asset_id": "56966343151823154939583923699817542630550497876451227939542707236631190126974", "timestamp": "1769380874187", "hash": "e0e25edf3d14a3d06c470eb0b80769cf9882ed86", "bids": [{"price": "0.01", "size": "1335.73"}, {"price": "0.02", "size": "12.37"}, {"price": "0.05", "size": "100"}, {"price": "0.06", "size": "33"}, {"price": "0.07", "size": "15.4"}, {"price": "0.37", "size": "120"}], "asks": [{"price": "0.99", "size": "344.79"}, {"price": "0.98", "size": "26.15"}, {"price": "0.95", "size": "100"}, {"price": "0.94", "size": "38.48"}], "event_type": "book", "last_trade_price": ""}, {"market": "0x21478a9eda4795b21ef6b36dfe588d7b28b4b516c9c9a25005d80d1f1990e07a", "asset_id": "56547025957645419046099124619483344064997524271778931224912952948032844902449", "timestamp": "1769384045976", "hash": "eb895776e3d0bebd3fed4a0b01674315737e5011", "bids": [{"price": "0.01", "size": "7234.13"}, {"price": "0.02", "size": "4157.32"}, {"price": "0.03", "size": "31.66"}, {"price": "0.2", "size": "200"}, {"price": "0.27", "size": "200"}, {"price": "0.34", "size": "100"}, {"price": "0.66", "size": "1390.11"}, {"price": "0.67", "size": "890.11"}, {"price": "0.68", "size": "100"}, {"price": "0.72", "size": "555.54"}], "asks": [{"price": "0.99", "size": "10386.43"}, {"price": "0.98", "size": "49.99"}, {"price": "0.78", "size": "100"}, {"price": "0.77", "size": "1390.11"}, {"price": "0.76", "size": "890.11"}], "event_type": "book", "last_trade_price": ""}, {"market": "0xb18705bc12b4b247251cfbdc70ef5ea35459d1eeeeb0b2db75c121b5b787384e", "asset_id": "18157258742493335082590519979659273580182840843918396564069057423878518658064", "timestamp": "1769384006868", "hash": "21893c8447285cf3096a295d2ea8a9f322640aed", "bids": [{"price": "0.01", "size": "7339.05"}, {"price": "0.02", "size": "4157.32"}, {"price": "0.03", "size": "5.71"}, {"price": "0.05", "size": "100"}, {"price": "0.06", "size": "33"}, {"price": "0.07", "size": "10.41"}, {"price": "0.2", "size": "200"}, {"price": "0.27", "size": "200"}, {"price": "0.62", "size": "1390.11"}, {"price": "0.63", "size": "890.11"}, {"price": "0.64", "size": "100"}], "asks": [{"price": "0.99", "size": "10486.43"}, {"price": "0.98", "size": "14.33"}, {"price": "0.95", "size": "100"}, {"price": "0.94", "size": "33"}, {"price": "0.93", "size": "10.19"}, {"price": "0.74", "size": "100"}, {"price": "0.73", "size": "1390.11"}, {"price": "0.72", "size": "890.11"}], "event_type": "book", "last_trade_price": ""}, {"market": "0xdc0683471c87329bf99644036e55e4193a581937a01acc7216fd69c3bce3cb14", "asset_id": "110087287035707512808128312760767653520937638571107790145381271928645285996630", "timestamp": "1769381484339", "hash": "bca6ce301c1b8e8e7ea8b050ea7b258d3c5f8329", "bids": [{"price": "0.01", "size": "344.79"}, {"price": "0.02", "size": "26.15"}, {"price": "0.05", "size": "100"}, {"price": "0.06", "size": "38.48"}], "asks": [{"price": "0.99", "size": "344.79"}, {"price": "0.98", "size": "26.15"}, {"price": "0.95", "size": "100"}, {"price": "0.94", "size": "38.48"}, {"price": "0.93", "size": "5.47"}], "event_type": "book", "last_trade_price": ""}, {"market": "0x21478a9eda4795b21ef6b36dfe588d7b28b4b516c9c9a25005d80d1f1990e07a", "asset_id": "7116510953894574046149959763012809728780191305039938095921645635539451683015", "timestamp": "1769384045976", "hash": "6ea07e92f57b030584f646d034558e2bdd5c03f0", "bids": [{"price": "0.01", "size": "10386.43"}, {"price": "0.02", "size": "49.99"}, {"price": "0.22", "size": "100"}, {"price": "0.23", "size": "1390.11"}, {"price": "0.24", "size": "890.11"}], "asks": [{"price": "0.99", "size": "7234.13"}, {"price": "0.98", "size": "4157.32"}, {"price": "0.97", "size": "31.66"}, {"price": "0.8", "size": "200"}, {"price": "0.73", "size": "200"}, {"price": "0.66", "size": "100"}, {"price": "0.34", "size": "1390.11"}, {"price": "0.33", "size": "890.11"}, {"price": "0.32", "size": "100"}, {"price": "0.28", "size": "555.54"}], "event_type": "book", "last_trade_price": ""}, {"market": "0x308d63caa82cbea1724ef5f553cc58746b4961a249f532bcd348bf1dcd7d1481", "asset_id": "55525688743544646903925873519970646229929512568670787069179430303507716488588", "timestamp": "1769384047058", "hash": "1fae79c9832d599bed0d3cc9b11e59aca4cf8c3a", "bids": [{"price": "0.01", "size": "9038.85"}, {"price": "0.02", "size": "2100"}, {"price": "0.03", "size": "9.12"}, {"price": "0.05", "size": "50"}, {"price": "0.06", "size": "33"}, {"price": "0.07", "size": "1700"}, {"price": "0.08", "size": "4172.32"}, {"price": "0.09", "size": "100"}, {"price": "0.1", "size": "700"}, {"price": "0.11", "size": "5.71"}, {"price": "0.2", "size": "400"}, {"price": "0.27", "size": "200"}, {"price": "0.34", "size": "100"}, {"price": "0.5", "size": "20"}, {"price": "0.62", "size": "151"}, {"price": "0.73", "size": "1890.11"}, {"price": "0.74", "size": "890.11"}, {"price": "0.75", "size": "15"}, {"price": "0.76", "size": "113.76"}, {"price": "0.77", "size": "33"}, {"price": "0.78", "size": "44.77"}, {"price": "0.8", "size": "5"}], "asks": [{"price": "0.99", "size": "287.38"}, {"price": "0.98", "size": "4463.88"}, {"price": "0.97", "size": "5.56"}, {"price": "0.96", "size": "146.7"}, {"price": "0.86", "size": "115"}, {"price": "0.84", "size": "1890.11"}, {"price": "0.83", "size": "890.11"}, {"price": "0.81", "size": "115.07"}], "event_type": "book", "last_trade_price": "0.190"}, {"market": "0x4596995ba5c1143eb024cd19b648a13a560d619469ee2801a0731eac1496f71c", "asset_id": "72924982117647498116945443519660964053965655312404924908951453050812570473090", "timestamp": "1769384006868", "hash": "875a34a309d9036bd0550fd79acfa274f6754ad2", "bids": [{"price": "0.01", "size": "10536.43"}, {"price": "0.02", "size": "14.37"}, {"price": "0.05", "size": "100"}, {"price": "0.06", "size": "33"}, {"price": "0.07", "size": "10.18"}, {"price": "0.26", "size": "100"}, {"price": "0.27", "size": "1390.11"}, {"price": "0.28", "size": "890.11"}], "asks": [{"price": "0.99", "size": "7439.05"}, {"price": "0.98", "size": "4157.32"}, {"price": "0.97", "size": "5.71"}, {"price": "0.95", "size": "100"}, {"price": "0.94", "size": "33"}, {"price": "0.93", "size": "10.41"}, {"price": "0.8", "size": "200"}, {"price": "0.73", "size": "200"}, {"price": "0.38", "size": "1390.11"}, {"price": "0.37", "size": "890.11"}, {"price": "0.36", "size": "100"}], "event_type": "book", "last_trade_price": "0.280"}, {"market": "0x37a2a8f43108504d768012984de442ad727183c192ea4282bf22c28f467d1ae9", "asset_id": "89570350404509332697294156260294498845013165173832862565969838165211473744715", "timestamp": "1769384006773", "hash": "4015700fd9f61ab6199b45d7680096ac5ef2945a", "bids": [{"price": "0.01", "size": "7439.05"}, {"price": "0.02", "size": "4157.32"}, {"price": "0.03", "size": "5.71"}, {"price": "0.05", "size": "100"}, {"price": "0.06", "size": "33"}, {"price": "0.07", "size": "10.41"}, {"price": "0.2", "size": "200"}, {"price": "0.27", "size": "200"}, {"price": "0.62", "size": "1390.11"}, {"price": "0.63", "size": "890.11"}, {"price": "0.64", "size": "100"}], "asks": [{"price": "0.99", "size": "10586.43"}, {"price": "0.98", "size": "13.21"}, {"price": "0.95", "size": "100"}, {"price": "0.94", "size": "33"}, {"price": "0.93", "size": "10.51"}, {"price": "0.74", "size": "100"}, {"price": "0.73", "size": "1390.11"}, {"price": "0.72", "size": "890.11"}], "event_type": "book", "last_trade_price": ""}, {"market": "0xd336d08c566160ba048982cd3bcb6e7ec713ea9336a92446bc34f493f77842df", "asset_id": "93400981758791869645785192203990808057568260315269629518036730084578020466243", "timestamp": "1769384007044", "hash": "30496eeff09beab96d11557e7bbbfbd4d95eaaca", "bids": [{"price": "0.01", "size": "8129.56"}, {"price": "0.02", "size": "5047.43"}, {"price": "0.03", "size": "919.99"}, {"price": "0.35", "size": "100"}, {"price": "0.36", "size": "500"}], "asks": [{"price": "0.99", "size": "7234.28"}, {"price": "0.98", "size": "4157.32"}, {"price": "0.97", "size": "31.6"}, {"price": "0.8", "size": "200"}, {"price": "0.46", "size": "1390.11"}, {"price": "0.45", "size": "990.11"}], "event_type": "book", "last_trade_price": ""}, {"market": "0xb18705bc12b4b247251cfbdc70ef5ea35459d1eeeeb0b2db75c121b5b787384e", "asset_id": "64706969525609814186270748812897873216756103384689804342678233310436054755856", "timestamp": "1769384006868", "hash": "2cb882fd02ef20146dc2d301082a3d893618cdb4", "bids": [{"price": "0.01", "size": "10486.43"}, {"price": "0.02", "size": "14.33"}, {"price": "0.05", "size": "100"}, {"price": "0.06", "size": "33"}, {"price": "0.07", "size": "10.19"}, {"price": "0.26", "size": "100"}, {"price": "0.27", "size": "1390.11"}, {"price": "0.28", "size": "890.11"}], "asks": [{"price": "0.99", "size": "7339.05"}, {"price": "0.98", "size": "4157.32"}, {"price": "0.97", "size": "5.71"}, {"price": "0.95", "size": "100"}, {"price": "0.94", "size": "33"}, {"price": "0.93", "size": "10.41"}, {"price": "0.8", "size": "200"}, {"price": "0.73", "size": "200"}, {"price": "0.38", "size": "1390.11"}, {"price": "0.37", "size": "890.11"}, {"price": "0.36", "size": "100"}], "event_type": "book", "last_trade_price": ""}, {"market": "0xdc0683471c87329bf99644036e55e4193a581937a01acc7216fd69c3bce3cb14", "asset_id": "80782693109112814243189957470495269425314786352910229320825614451564145986780", "timestamp": "1769381484339", "hash": "9a9a5d68e0885ba5ffca5d76dfd697b3f3d6701b", "bids": [{"price": "0.01", "size": "344.79"}, {"price": "0.02", "size": "26.15"}, {"price": "0.05", "size": "100"}, {"price": "0.06", "size": "38.48"}, {"price": "0.07", "size": "5.47"}], "asks": [{"price": "0.99", "size": "344.79"}, {"price": "0.98", "size": "26.15"}, {"price": "0.95", "size": "100"}, {"price": "0.94", "size": "38.48"}], "event_type": "book", "last_trade_price": ""}, {"market": "0x4596995ba5c1143eb024cd19b648a13a560d619469ee2801a0731eac1496f71c", "asset_id": "64060812829424665171585620366786220342059168747392044980810273902188468128252", "timestamp": "1769384006868", "hash": "38c708c2b0c6a3919df7849195c5cd92f08318de", "bids": [{"price": "0.01", "size": "7439.05"}, {"price": "0.02", "size": "4157.32"}, {"price": "0.03", "size": "5.71"}, {"price": "0.05", "size": "100"}, {"price": "0.06", "size": "33"}, {"price": "0.07", "size": "10.41"}, {"price": "0.2", "size": "200"}, {"price": "0.27", "size": "200"}, {"price": "0.62", "size": "1390.11"}, {"price": "0.63", "size": "890.11"}, {"price": "0.64", "size": "100"}], "asks": [{"price": "0.99", "size": "10536.43"}, {"price": "0.98", "size": "14.37"}, {"price": "0.95", "size": "100"}, {"price": "0.94", "size": "33"}, {"price": "0.93", "size": "10.18"}, {"price": "0.74", "size": "100"}, {"price": "0.73", "size": "1390.11"}, {"price": "0.72", "size": "890.11"}], "event_type": "book", "last_trade_price": "0.280"}, {"market": "0xd336d08c566160ba048982cd3bcb6e7ec713ea9336a92446bc34f493f77842df", "asset_id": "89728433461109893353350426686433550158491124286474351310639172869545460692870", "timestamp": "1769384007044", "hash": "8476aa6bf79b4b80a96bdb07f67badd7f819c770", "bids": [{"price": "0.01", "size": "7234.28"}, {"price": "0.02", "size": "4157.32"}, {"price": "0.03", "size": "31.6"}, {"price": "0.2", "size": "200"}, {"price": "0.54", "size": "1390.11"}, {"price": "0.55", "size": "990.11"}], "asks": [{"price": "0.99", "size": "8129.56"}, {"price": "0.98", "size": "5047.43"}, {"price": "0.97", "size": "919.99"}, {"price": "0.65", "size": "100"}, {"price": "0.64", "size": "500"}], "event_type": "book", "last_trade_price": ""}, {"market": "0x308d63caa82cbea1724ef5f553cc58746b4961a249f532bcd348bf1dcd7d1481", "asset_id": "62431806276539591033590335100897678655126372979579504591646273319200453103179", "timestamp": "1769384047058", "hash": "9530ee06868a860d68df1b6581255f22e4028991", "bids": [{"price": "0.01", "size": "287.38"}, {"price": "0.02", "size": "4463.88"}, {"price": "0.03", "size": "5.56"}, {"price": "0.04", "size": "146.7"}, {"price": "0.14", "size": "115"}, {"price": "0.16", "size": "1890.11"}, {"price": "0.17", "size": "890.11"}, {"price": "0.19", "size": "115.07"}], "asks": [{"price": "0.99", "size": "9038.85"}, {"price": "0.98", "size": "2100"}, {"price": "0.97", "size": "9.12"}, {"price": "0.95", "size": "50"}, {"price": "0.94", "size": "33"}, {"price": "0.93", "size": "1700"}, {"price": "0.92", "size": "4172.32"}, {"price": "0.91", "size": "100"}, {"price": "0.9", "size": "700"}, {"price": "0.89", "size": "5.71"}, {"price": "0.8", "size": "400"}, {"price": "0.73", "size": "200"}, {"price": "0.66", "size": "100"}, {"price": "0.5", "size": "20"}, {"price": "0.38", "size": "151"}, {"price": "0.27", "size": "1890.11"}, {"price": "0.26", "size": "890.11"}, {"price": "0.25", "size": "15"}, {"price": "0.24", "size": "113.76"}, {"price": "0.23", "size": "33"}, {"price": "0.22", "size": "44.77"}, {"price": "0.2", "size": "5"}], "event_type": "book", "last_trade_price": "0.190"}]}
{"_local_timestamp": "2026-01-25T23:34:13.925757+00:00", "data": {"market": "0x21478a9eda4795b21ef6b36dfe588d7b28b4b516c9c9a25005d80d1f1990e07a", "price_changes": [{"asset_id": "56547025957645419046099124619483344064997524271778931224912952948032844902449", "price": "0.72", "size": "0", "side": "BUY", "hash": "1c25072af721fc150ccb6f0ed82613440c1d1a12", "best_bid": "0.68", "best_ask": "0.76"}, {"asset_id": "7116510953894574046149959763012809728780191305039938095921645635539451683015", "price": "0.28", "size": "0", "side": "SELL", "hash": "e99e203aa92c591ae848ba63ec1fd3b0419e7216", "best_bid": "0.24", "best_ask": "0.32"}], "timestamp": "1769384053857", "event_type": "price_change"}}
{"_local_timestamp": "2026-01-25T23:34:21.645436+00:00", "data": {"market": "0x308d63caa82cbea1724ef5f553cc58746b4961a249f532bcd348bf1dcd7d1481", "price_changes": [{"asset_id": "55525688743544646903925873519970646229929512568670787069179430303507716488588", "price": "0.09", "size": "0", "side": "BUY", "hash": "0aa5d31ee77e5915076c80f124348b0a174ae1a5", "best_bid": "0.8", "best_ask": "0.81"}, {"asset_id": "62431806276539591033590335100897678655126372979579504591646273319200453103179", "price": "0.91", "size": "0", "side": "SELL", "hash": "f51ab1cda716863145dd63443cce5672d97fc184", "best_bid": "0.19", "best_ask": "0.2"}], "timestamp": "1769384061552", "event_type": "price_change"}}
{"_local_timestamp": "2026-01-25T23:34:21.682056+00:00", "data": {"market": "0x308d63caa82cbea1724ef5f553cc58746b4961a249f532bcd348bf1dcd7d1481", "price_changes": [{"asset_id": "55525688743544646903925873519970646229929512568670787069179430303507716488588", "price": "0.08", "size": "2012.11", "side": "BUY", "hash": "f36bef1cf094564993a2a88d7bb0bb41ca2b7d69", "best_bid": "0.8", "best_ask": "0.81"}, {"asset_id": "62431806276539591033590335100897678655126372979579504591646273319200453103179", "price": "0.92", "size": "2012.11", "side": "SELL", "hash": "eb3259ea6f64304b7ff1d863cc2881810f35c035", "best_bid": "0.19", "best_ask": "0.2"}], "timestamp": "1769384061602", "event_type": "price_change"}}
{"_local_timestamp": "2026-01-25T23:34:21.684424+00:00", "data": {"market": "0x308d63caa82cbea1724ef5f553cc58746b4961a249f532bcd348bf1dcd7d1481", "price_changes": [{"asset_id": "62431806276539591033590335100897678655126372979579504591646273319200453103179", "price": "0.02", "size": "2303.67", "side": "BUY", "hash": "04ea9bb4e667c714fc21c91bce9e63077234ad67", "best_bid": "0.19", "best_ask": "0.2"}, {"asset_id": "55525688743544646903925873519970646229929512568670787069179430303507716488588", "price": "0.98", "size": "2303.67", "side": "SELL", "hash": "0c8280cd7d4635f79ebe5dc261a9f7b55b93c05e", "best_bid": "0.8", "best_ask": "0.81"}], "timestamp": "1769384061602", "event_type": "price_change"}}
{"_local_timestamp": "2026-01-25T23:34:21.696306+00:00", "data": {"market": "0x308d63caa82cbea1724ef5f553cc58746b4961a249f532bcd348bf1dcd7d1481", "price_changes": [{"asset_id": "55525688743544646903925873519970646229929512568670787069179430303507716488588", "price": "0.11", "size": "895.82", "side": "BUY", "hash": "28fbbf4156dacc164e4f9ed0e65dad058185293e", "best_bid": "0.8", "best_ask": "0.81"}, {"asset_id": "62431806276539591033590335100897678655126372979579504591646273319200453103179", "price": "0.89", "size": "895.82", "side": "SELL", "hash": "0b57ff298237419acf07d2babf9a7645e5f8ecc7", "best_bid": "0.19", "best_ask": "0.2"}], "timestamp": "1769384061624", "event_type": "price_change"}}
{"_local_timestamp": "2026-01-25T23:34:21.723942+00:00", "data": {"market": "0x308d63caa82cbea1724ef5f553cc58746b4961a249f532bcd348bf1dcd7d1481", "price_changes": [{"asset_id": "55525688743544646903925873519970646229929512568670787069179430303507716488588", "price": "0.11", "size": "2165.92", "side": "BUY", "hash": "7b325a0708f08583eb70fa095a89f27f7741bb2b", "best_bid": "0.8", "best_ask": "0.81"}, {"asset_id": "62431806276539591033590335100897678655126372979579504591646273319200453103179", "price": "0.89", "size": "2165.92", "side": "SELL", "hash": "c89ccd5792990a984064a20ed79ff75fd8d3d8bf", "best_bid": "0.19", "best_ask": "0.2"}], "timestamp": "1769384061625", "event_type": "price_change"}}
{"_local_timestamp": "2026-01-25T23:34:21.736332+00:00", "data": {"market": "0x308d63caa82cbea1724ef5f553cc58746b4961a249f532bcd348bf1dcd7d1481", "price_changes": [{"asset_id": "55525688743544646903925873519970646229929512568670787069179430303507716488588", "price": "0.11", "size": "4163.03", "side": "BUY", "hash": "5919429ed4e999f7a0ac14fd0dd35a961c6b8c85", "best_bid": "0.8", "best_ask": "0.81"}, {"asset_id": "62431806276539591033590335100897678655126372979579504591646273319200453103179", "price": "0.89", "size": "4163.03", "side": "SELL", "hash": "946452793bf4e5ed93ec591f8a6c1210988fcbd0", "best_bid": "0.19", "best_ask": "0.2"}], "timestamp": "1769384061663", "event_type": "price_change"}}
{"_local_timestamp": "2026-01-25T23:34:21.739152+00:00", "data": {"market": "0x308d63caa82cbea1724ef5f553cc58746b4961a249f532bcd348bf1dcd7d1481", "price_changes": [{"asset_id": "62431806276539591033590335100897678655126372979579504591646273319200453103179", "price": "0.01", "size": "1557.48", "side": "BUY", "hash": "5d7cbcafb43dc00ebe96945fd85fbeb4a393d50c", "best_bid": "0.19", "best_ask": "0.2"}, {"asset_id": "55525688743544646903925873519970646229929512568670787069179430303507716488588", "price": "0.99", "size": "1557.48", "side": "SELL", "hash": "bb3051da80005e1005d44cecadaaf2cdc9e2a707", "best_bid": "0.8", "best_ask": "0.81"}], "timestamp": "1769384061664", "event_type": "price_change"}}
{"_local_timestamp": "2026-01-25T23:34:21.739539+00:00", "data": {"market": "0x308d63caa82cbea1724ef5f553cc58746b4961a249f532bcd348bf1dcd7d1481", "price_changes": [{"asset_id": "62431806276539591033590335100897678655126372979579504591646273319200453103179", "price": "0.01", "size": "3554.59", "side": "BUY", "hash": "679c8a5ea70d50919846dd37ae6aea85a34058da", "best_bid": "0.19", "best_ask": "0.2"}, {"asset_id": "55525688743544646903925873519970646229929512568670787069179430303507716488588", "price": "0.99", "size": "3554.59", "side": "SELL", "hash": "ec1c5133b36f0dfd681a5c84b786dd0c10b484a4", "best_bid": "0.8", "best_ask": "0.81"}], "timestamp": "1769384061665", "event_type": "price_change"}}
{"_local_timestamp": "2026-01-25T23:34:21.739903+00:00", "data": {"market": "0x308d63caa82cbea1724ef5f553cc58746b4961a249f532bcd348bf1dcd7d1481", "price_changes": [{"asset_id": "62431806276539591033590335100897678655126372979579504591646273319200453103179", "price": "0.01", "size": "4444.7", "side": "BUY", "hash": "c34e3a842f9fc1d494e7ab4d657f1304efa3a193", "best_bid": "0.19", "best_ask": "0.2"}, {"asset_id": "55525688743544646903925873519970646229929512568670787069179430303507716488588", "price": "0.99", "size": "4444.7", "side": "SELL", "hash": "5be1e37da373264c5d0de1e34952cfb6cd747eb4", "best_bid": "0.8", "best_ask": "0.81"}], "timestamp": "1769384061666", "event_type": "price_change"}}
{"_local_timestamp": "2026-01-25T23:34:21.765358+00:00", "data": {"market": "0x308d63caa82cbea1724ef5f553cc58746b4961a249f532bcd348bf1dcd7d1481", "price_changes": [{"asset_id": "55525688743544646903925873519970646229929512568670787069179430303507716488588", "price": "0.08", "size": "15", "side": "BUY", "hash": "a8fd69c2ca7a39208dd2a5ff5f7cb9b0c4298a82", "best_bid": "0.8", "best_ask": "0.81"}, {"asset_id": "62431806276539591033590335100897678655126372979579504591646273319200453103179", "price": "0.92", "size": "15", "side": "SELL", "hash": "8106616f0245b05ec79eff768f767183d44ecce2", "best_bid": "0.19", "best_ask": "0.2"}], "timestamp": "1769384061692", "event_type": "price_change"}}
{"_local_timestamp": "2026-01-25T23:34:21.765958+00:00", "data": {"market": "0x308d63caa82cbea1724ef5f553cc58746b4961a249f532bcd348bf1dcd7d1481", "price_changes": [{"asset_id": "62431806276539591033590335100897678655126372979579504591646273319200453103179", "price": "0.02", "size": "306.56", "side": "BUY", "hash": "d6344c3172d2978871c39a2b014d36510bc76b35", "best_bid": "0.19", "best_ask": "0.2"}, {"asset_id": "55525688743544646903925873519970646229929512568670787069179430303507716488588", "price": "0.98", "size": "306.56", "side": "SELL", "hash": "9abc66446637d10440d0a52481bfb5d1f7d136ac", "best_bid": "0.8", "best_ask": "0.81"}], "timestamp": "1769384061693", "event_type": "price_change"}}
{"_local_timestamp": "2026-01-25T23:34:21.912725+00:00", "data": {"market": "0x308d63caa82cbea1724ef5f553cc58746b4961a249f532bcd348bf1dcd7d1481", "price_changes": [{"asset_id": "55525688743544646903925873519970646229929512568670787069179430303507716488588", "price": "0.1", "size": "800", "side": "BUY", "hash": "f3615b008dc129ad5818aec6171c18733be17b50", "best_bid": "0.8", "best_ask": "0.81"}, {"asset_id": "62431806276539591033590335100897678655126372979579504591646273319200453103179", "price": "0.9", "size": "800", "side": "SELL", "hash": "88f73019b8f12f3c6da660c8df5d7542541429dd", "best_bid": "0.19", "best_ask": "0.2"}], "timestamp": "1769384061838", "event_type": "price_change"}}
{"_local_timestamp": "2026-01-25T23:34:24.069157+00:00", "data": {"market": "0x4596995ba5c1143eb024cd19b648a13a560d619469ee2801a0731eac1496f71c", "price_changes": [{"asset_id": "64060812829424665171585620366786220342059168747392044980810273902188468128252", "price": "0.62", "size": "890.11", "side": "BUY", "hash": "dd4701607ca2fcd825172cc3a86dce1659d55006", "best_bid": "0.64", "best_ask": "0.72"}, {"asset_id": "72924982117647498116945443519660964053965655312404924908951453050812570473090", "price": "0.38", "size": "890.11", "side": "SELL", "hash": "0f4cea9c1f830dc3ef716a9231cb23ccc8905b22", "best_bid": "0.28", "best_ask": "0.36"}], "timestamp": "1769384064000", "event_type": "price_change"}}
{"_local_timestamp": "2026-01-25T23:34:24.069853+00:00", "data": {"market": "0xd336d08c566160ba048982cd3bcb6e7ec713ea9336a92446bc34f493f77842df", "price_changes": [{"asset_id": "93400981758791869645785192203990808057568260315269629518036730084578020466243", "price": "0.36", "size": "0", "side": "BUY", "hash": "a58ec35364d6a6bf69c7a1dfd7ab955c80eedfc9", "best_bid": "0.35", "best_ask": "0.45"}, {"asset_id": "89728433461109893353350426686433550158491124286474351310639172869545460692870", "price": "0.64", "size": "0", "side": "SELL", "hash": "dd3989c3516a0c9fc190ada606649f411e66c0e8", "best_bid": "0.55", "best_ask": "0.65"}], "timestamp": "1769384064000", "event_type": "price_change"}}
{"_local_timestamp": "2026-01-25T23:34:24.075465+00:00", "data": {"market": "0x37a2a8f43108504d768012984de442ad727183c192ea4282bf22c28f467d1ae9", "price_changes": [{"asset_id": "20433031826617634564864446320072745267511700140444160083894490218868960052047", "price": "0.27", "size": "890.11", "side": "BUY", "hash": "9a5f9e19abc7b5783a700608a86306fcea035a77", "best_bid": "0.28", "best_ask": "0.36"}, {"asset_id": "89570350404509332697294156260294498845013165173832862565969838165211473744715", "price": "0.73", "size": "890.11", "side": "SELL", "hash": "3d36067ba660ef2708d458d6187972d37858d83e", "best_bid": "0.64", "best_ask": "0.72"}], "timestamp": "1769384064000", "event_type": "price_change"}}
{"_local_timestamp": "2026-01-25T23:34:24.076207+00:00", "data": {"market": "0xb18705bc12b4b247251cfbdc70ef5ea35459d1eeeeb0b2db75c121b5b787384e", "price_changes": [{"asset_id": "64706969525609814186270748812897873216756103384689804342678233310436054755856", "price": "0.27", "size": "890.11", "side": "BUY", "hash": "d722ef2a481152950b80d2a1650f88fd21b5818f", "best_bid": "0.28", "best_ask": "0.36"}, {"asset_id": "18157258742493335082590519979659273580182840843918396564069057423878518658064", "price": "0.73", "size": "890.11", "side": "SELL", "hash": "547f440eb0c84bf0515e1ebd8cf5386c19ac9143", "best_bid": "0.64", "best_ask": "0.72"}], "timestamp": "1769384064000", "event_type": "price_change"}}
{"_local_timestamp": "2026-01-25T23:34:24.077338+00:00", "data": {"market": "0x4596995ba5c1143eb024cd19b648a13a560d619469ee2801a0731eac1496f71c", "price_changes": [{"asset_id": "72924982117647498116945443519660964053965655312404924908951453050812570473090", "price": "0.27", "size": "890.11", "side": "BUY", "hash": "bf0f2f76d307826f17b96f74d09dabdba3eeac71", "best_bid": "0.28", "best_ask": "0.36"}, {"asset_id": "64060812829424665171585620366786220342059168747392044980810273902188468128252", "price": "0.73", "size": "890.11", "side": "SELL", "hash": "a6c3c68b7d37e5b26eaa0ea5dea465502d8bd514", "best_bid": "0.64", "best_ask": "0.72"}], "timestamp": "1769384064001", "event_type": "price_change"}}
{"_local_timestamp": "2026-01-25T23:34:24.078008+00:00", "data": {"market": "0x21478a9eda4795b21ef6b36dfe588d7b28b4b516c9c9a25005d80d1f1990e07a", "price_changes": [{"asset_id": "56547025957645419046099124619483344064997524271778931224912952948032844902449", "price": "0.66", "size": "890.11", "side": "BUY", "hash": "e8b5438e1d790ccd7ca503827442920f26ad69e1", "best_bid": "0.68", "best_ask": "0.76"}, {"asset_id": "7116510953894574046149959763012809728780191305039938095921645635539451683015", "price": "0.34", "size": "890.11", "side": "SELL", "hash": "56c89c0556eabc54ac3b3bc27f968868d845570a", "best_bid": "0.24", "best_ask": "0.32"}], "timestamp": "1769384064001", "event_type": "price_change"}}
{"_local_timestamp": "2026-01-25T23:34:24.078593+00:00", "data": {"market": "0x37a2a8f43108504d768012984de442ad727183c192ea4282bf22c28f467d1ae9", "price_changes": [{"asset_id": "89570350404509332697294156260294498845013165173832862565969838165211473744715", "price": "0.62", "size": "890.11", "side": "BUY", "hash": "cbda6c6e71407c20f61a6e5d39b5d45af77ae5ad", "best_bid": "0.64", "best_ask": "0.72"}, {"asset_id": "20433031826617634564864446320072745267511700140444160083894490218868960052047", "price": "0.38", "size": "890.11", "side": "SELL", "hash": "5c122f59e1ee6a1f0df94d36108499cff0622a29", "best_bid": "0.28", "best_ask": "0.36"}], "timestamp": "1769384064001", "event_type": "price_change"}}
{"_local_timestamp": "2026-01-25T23:34:24.078999+00:00", "data": {"market": "0xd336d08c566160ba048982cd3bcb6e7ec713ea9336a92446bc34f493f77842df", "price_changes": [{"asset_id": "89728433461109893353350426686433550158491124286474351310639172869545460692870", "price": "0.54", "size": "890.11", "side": "BUY", "hash": "985646fc942ccd79b5e49341c7927646791bec39", "best_bid": "0.55", "best_ask": "0.65"}, {"asset_id": "93400981758791869645785192203990808057568260315269629518036730084578020466243", "price": "0.46", "size": "890.11", "side": "SELL", "hash": "f1a8d40ffc93db25aad9ad027393603c0bf5e7f4", "best_bid": "0.35", "best_ask": "0.45"}], "timestamp": "1769384064001", "event_type": "price_change"}}
{"_local_timestamp": "2026-01-25T23:34:24.079563+00:00", "data": {"market": "0x308d63caa82cbea1724ef5f553cc58746b4961a249f532bcd348bf1dcd7d1481", "price_changes": [{"asset_id": "62431806276539591033590335100897678655126372979579504591646273319200453103179", "price": "0.16", "size": "890.11", "side": "BUY", "hash": "7b53609bcc540ec9e5bab19590f875703db053ef", "best_bid": "0.19", "best_ask": "0.2"}, {"asset_id": "55525688743544646903925873519970646229929512568670787069179430303507716488588", "price": "0.84", "size": "890.11", "side": "SELL", "hash": "9fec4790d3da4f15f145b0f54ba1e63251cc26b6", "best_bid": "0.8", "best_ask": "0.81"}], "timestamp": "1769384064001", "event_type": "price_change"}}
{"_local_timestamp": "2026-01-25T23:34:24.080175+00:00", "data": {"market": "0x21478a9eda4795b21ef6b36dfe588d7b28b4b516c9c9a25005d80d1f1990e07a", "price_changes": [{"asset_id": "7116510953894574046149959763012809728780191305039938095921645635539451683015", "price": "0.23", "size": "890.11", "side": "BUY", "hash": "ea70c8b3293964dd56b6f9f8789cecd298d9cca3", "best_bid": "0.24", "best_ask": "0.32"}, {"asset_id": "56547025957645419046099124619483344064997524271778931224912952948032844902449", "price": "0.77", "size": "890.11", "side": "SELL", "hash": "4d73ae9916a880c99bba14c3aad8f3216e893776", "best_bid": "0.68", "best_ask": "0.76"}], "timestamp": "1769384064001", "event_type": "price_change"}}
{"_local_timestamp": "2026-01-25T23:34:24.203640+00:00", "data": {"market": "0xb18705bc12b4b247251cfbdc70ef5ea35459d1eeeeb0b2db75c121b5b787384e", "price_changes": [{"asset_id": "18157258742493335082590519979659273580182840843918396564069057423878518658064", "price": "0.62", "size": "890.11", "side": "BUY", "hash": "ebc3b364dbb6f330799baf04c8ba58a81598dd1e", "best_bid": "0.64", "best_ask": "0.72"}, {"asset_id": "64706969525609814186270748812897873216756103384689804342678233310436054755856", "price": "0.38", "size": "890.11", "side": "SELL", "hash": "d81d5bb17943d7b8db8c2d33c3ccd577892df26a", "best_bid": "0.28", "best_ask": "0.36"}], "timestamp": "1769384064001", "event_type": "price_change"}}
{"_local_timestamp": "2026-01-25T23:34:24.204118+00:00", "data": {"market": "0x308d63caa82cbea1724ef5f553cc58746b4961a249f532bcd348bf1dcd7d1481", "price_changes": [{"asset_id": "55525688743544646903925873519970646229929512568670787069179430303507716488588", "price": "0.73", "size": "890.11", "side": "BUY", "hash": "ba38fb192dfe760bfff34de18d6e7ae06ce0c25c", "best_bid": "0.8", "best_ask": "0.81"}, {"asset_id": "62431806276539591033590335100897678655126372979579504591646273319200453103179", "price": "0.27", "size": "890.11", "side": "SELL", "hash": "c07401f20c3d0414c58812e4fdcb08b0cbe558e3", "best_bid": "0.19", "best_ask": "0.2"}], "timestamp": "1769384064002", "event_type": "price_change"}}
{"_local_timestamp": "2026-01-25T23:34:24.204494+00:00", "data": {"market": "0xd336d08c566160ba048982cd3bcb6e7ec713ea9336a92446bc34f493f77842df", "price_changes": [{"asset_id": "93400981758791869645785192203990808057568260315269629518036730084578020466243", "price": "0.03", "size": "29.88", "side": "BUY", "hash": "6c2d472a90572fb450f9d3d5ed78f710c20cb44f", "best_bid": "0.35", "best_ask": "0.45"}, {"asset_id": "89728433461109893353350426686433550158491124286474351310639172869545460692870", "price": "0.97", "size": "29.88", "side": "SELL", "hash": "c93554aad3a06327d226fbb7cf95ffab2418b78c", "best_bid": "0.55", "best_ask": "0.65"}], "timestamp": "1769384064047", "event_type": "price_change"}}
{"_local_timestamp": "2026-01-25T23:34:24.204879+00:00", "data": {"market": "0x4596995ba5c1143eb024cd19b648a13a560d619469ee2801a0731eac1496f71c", "price_changes": [{"asset_id": "64060812829424665171585620366786220342059168747392044980810273902188468128252", "price": "0.28", "size": "890.11", "side": "BUY", "hash": "7475be5e69ad491ab66b7e4c3654ddbaa9a27c62", "best_bid": "0.64", "best_ask": "0.72"}, {"asset_id": "72924982117647498116945443519660964053965655312404924908951453050812570473090", "price": "0.72", "size": "890.11", "side": "SELL", "hash": "1cb5128bb03c223974a99281feab31bd462507d8", "best_bid": "0.28", "best_ask": "0.36"}], "timestamp": "1769384064078", "event_type": "price_change"}}
{"_local_timestamp": "2026-01-25T23:34:24.205232+00:00", "data": {"market": "0x37a2a8f43108504d768012984de442ad727183c192ea4282bf22c28f467d1ae9", "price_changes": [{"asset_id": "20433031826617634564864446320072745267511700140444160083894490218868960052047", "price": "0.02", "size": "903.32", "side": "BUY", "hash": "e94b0977754e229ecd3c48d103309922e8554f46", "best_bid": "0.28", "best_ask": "0.36"}, {"asset_id": "89570350404509332697294156260294498845013165173832862565969838165211473744715", "price": "0.98", "size": "903.32", "side": "SELL", "hash": "359beb26cdbf96a75982128be058dfe937029ea1", "best_bid": "0.64", "best_ask": "0.72"}], "timestamp": "1769384064078", "event_type": "price_change"}}
{"_local_timestamp": "2026-01-25T23:34:24.205579+00:00", "data": {"market": "0x4596995ba5c1143eb024cd19b648a13a560d619469ee2801a0731eac1496f71c", "price_changes": [{"asset_id": "64060812829424665171585620366786220342059168747392044980810273902188468128252", "price": "0.27", "size": "1090.11", "side": "BUY", "hash": "b0386223abe27093a67d4bf166d85434fb103ac0", "best_bid": "0.64", "best_ask": "0.72"}, {"asset_id": "72924982117647498116945443519660964053965655312404924908951453050812570473090", "price": "0.73", "size": "1090.11", "side": "SELL", "hash": "b4071a9ff8a5a1f8dce76e516138621835fec4a7", "best_bid": "0.28", "best_ask": "0.36"}], "timestamp": "1769384064079", "event_type": "price_change"}}
{"_local_timestamp": "2026-01-25T23:34:24.205912+00:00", "data": {"market": "0x37a2a8f43108504d768012984de442ad727183c192ea4282bf22c28f467d1ae9", "price_changes": [{"asset_id": "20433031826617634564864446320072745267511700140444160083894490218868960052047", "price": "0.01", "size": "11476.54", "side": "BUY", "hash": "598746638c096d6be7d40b4afc58d9891ff0cc0f", "best_bid": "0.28", "best_ask": "0.36"}, {"asset_id": "89570350404509332697294156260294498845013165173832862565969838165211473744715", "price": "0.99", "size": "11476.54", "side": "SELL", "hash": "08333a306154f00c8785a1c8d6aa1366c04f27cd", "best_bid": "0.64", "best_ask": "0.72"}], "timestamp": "1769384064079", "event_type": "price_change"}}
{"_local_timestamp": "2026-01-25T23:34:24.233246+00:00", "data": {"market": "0xb18705bc12b4b247251cfbdc70ef5ea35459d1eeeeb0b2db75c121b5b787384e", "price_changes": [{"asset_id": "64706969525609814186270748812897873216756103384689804342678233310436054755856", "price": "0.01", "size": "11376.54", "side": "BUY", "hash": "423536a45a0fb8b11b97839517d4e2f1f3252575", "best_bid": "0.28", "best_ask": "0.36"}, {"asset_id": "18157258742493335082590519979659273580182840843918396564069057423878518658064", "price": "0.99", "size": "11376.54", "side": "SELL", "hash": "c242d1e0693f1c5107643c478dc6fa78d0d2f947", "best_bid": "0.64", "best_ask": "0.72"}], "timestamp": "1769384064143", "event_type": "price_change"}}
{"_local_timestamp": "2026-01-25T23:34:24.276409+00:00", "data": {"market": "0xb18705bc12b4b247251cfbdc70ef5ea35459d1eeeeb0b2db75c121b5b787384e", "price_changes": [{"asset_id": "64706969525609814186270748812897873216756103384689804342678233310436054755856", "price": "0.02", "size": "904.44", "side": "BUY", "hash": "a1bd032f8513e2d7c6d74be2527d9191cce09880", "best_bid": "0.28", "best_ask": "0.36"}, {"asset_id": "18157258742493335082590519979659273580182840843918396564069057423878518658064", "price": "0.98", "size": "904.44", "side": "SELL", "hash": "81d591931d11e410b0c713c50f3ee0626d9b21e5", "best_bid": "0.64", "best_ask": "0.72"}], "timestamp": "1769384064202", "event_type": "price_change"}}
{"_local_timestamp": "2026-01-25T23:34:24.276932+00:00", "data": {"market": "0xd336d08c566160ba048982cd3bcb6e7ec713ea9336a92446bc34f493f77842df", "price_changes": [{"asset_id": "93400981758791869645785192203990808057568260315269629518036730084578020466243", "price": "0.04", "size": "1997.11", "side": "BUY", "hash": "a89c2420b5da3138c11ee262155de2c8c13bdde9", "best_bid": "0.35", "best_ask": "0.45"}, {"asset_id": "89728433461109893353350426686433550158491124286474351310639172869545460692870", "price": "0.96", "size": "1997.11", "side": "SELL", "hash": "30aa9889ae9f9e2898cf49f4e44ada89fdf479d6", "best_bid": "0.55", "best_ask": "0.65"}], "timestamp": "1769384064202", "event_type": "price_change"}}
{"_local_timestamp": "2026-01-25T23:34:24.319748+00:00", "data": {"market": "0x21478a9eda4795b21ef6b36dfe588d7b28b4b516c9c9a25005d80d1f1990e07a", "price_changes": [{"asset_id": "56547025957645419046099124619483344064997524271778931224912952948032844902449", "price": "0.27", "size": "1090.11", "side": "BUY", "hash": "55dc2f6b2fa8aa2541015ba20b52217a1bc3717d", "best_bid": "0.68", "best_ask": "0.76"}, {"asset_id": "7116510953894574046149959763012809728780191305039938095921645635539451683015", "price": "0.73", "size": "1090.11", "side": "SELL", "hash": "a34b17669ac9841b79b2a841005266d5ee1272a8", "best_bid": "0.24", "best_ask": "0.32"}], "timestamp": "1769384064249", "event_type": "price_change"}}
{"_local_timestamp": "2026-01-25T23:34:24.320229+00:00", "data": {"market": "0xd336d08c566160ba048982cd3bcb6e7ec713ea9336a92446bc34f493f77842df", "price_changes": [{"asset_id": "93400981758791869645785192203990808057568260315269629518036730084578020466243", "price": "0.04", "size": "2887.22", "side": "BUY", "hash": "65bdd038f06ee663f294a32a85a72cbd93ecda6e", "best_bid": "0.35", "best_ask": "0.45"}, {"asset_id": "89728433461109893353350426686433550158491124286474351310639172869545460692870", "price": "0.96", "size": "2887.22", "side": "SELL", "hash": "b6fe3b224e85639691e9617e27d196e1a58b65f2", "best_bid": "0.55", "best_ask": "0.65"}], "timestamp": "1769384064249", "event_type": "price_change"}}
{"_local_timestamp": "2026-01-25T23:34:24.320593+00:00", "data": {"market": "0x21478a9eda4795b21ef6b36dfe588d7b28b4b516c9c9a25005d80d1f1990e07a", "price_changes": [{"asset_id": "7116510953894574046149959763012809728780191305039938095921645635539451683015", "price": "0.02", "size": "940.1", "side": "BUY", "hash": "ae7221c4a44f5e0e1bf4089a0bf955c6f32a6d84", "best_bid": "0.24", "best_ask": "0.32"}, {"asset_id": "56547025957645419046099124619483344064997524271778931224912952948032844902449", "price": "0.98", "size": "940.1", "side": "SELL", "hash": "20f0db931471f1d47ab55f73cf0355d8a6d1692d", "best_bid": "0.68", "best_ask": "0.76"}], "timestamp": "1769384064249", "event_type": "price_change"}}
{"_local_timestamp": "2026-01-25T23:34:24.320946+00:00", "data": {"market": "0x21478a9eda4795b21ef6b36dfe588d7b28b4b516c9c9a25005d80d1f1990e07a", "price_changes": [{"asset_id": "7116510953894574046149959763012809728780191305039938095921645635539451683015", "price": "0.01", "size": "11276.54", "side": "BUY", "hash": "d271425ead41f0b1b865282ccbf501746681ced9", "best_bid": "0.24", "best_ask": "0.32"}, {"asset_id": "56547025957645419046099124619483344064997524271778931224912952948032844902449", "price": "0.99", "size": "11276.54", "side": "SELL", "hash": "a7c18d9f6266ddefc59b353f3d508035a49d6d8d", "best_bid": "0.68", "best_ask": "0.76"}], "timestamp": "1769384064250", "event_type": "price_change"}}
{"_local_timestamp": "2026-01-25T23:34:24.321311+00:00", "data": {"market": "0x21478a9eda4795b21ef6b36dfe588d7b28b4b516c9c9a25005d80d1f1990e07a", "price_changes": [{"asset_id": "56547025957645419046099124619483344064997524271778931224912952948032844902449", "price": "0.28", "size": "890.11", "side": "BUY", "hash": "41c5a41841fbaab464562c63b6c57597afd0e0ad", "best_bid": "0.68", "best_ask": "0.76"}, {"asset_id": "7116510953894574046149959763012809728780191305039938095921645635539451683015", "price": "0.72", "size": "890.11", "side": "SELL", "hash": "4f1dd063b60285b082be80fe81cb94833c164402", "best_bid": "0.24", "best_ask": "0.32"}], "timestamp": "1769384064251", "event_type": "price_change"}}
{"_local_timestamp": "2026-01-25T23:34:24.341248+00:00", "data": {"market": "0x21478a9eda4795b21ef6b36dfe588d7b28b4b516c9c9a25005d80d1f1990e07a", "price_changes": [{"asset_id": "56547025957645419046099124619483344064997524271778931224912952948032844902449", "price": "0.66", "size": "1390.11", "side": "BUY", "hash": "b28d8a6f2589512af04fafca06082565e6bc63d7", "best_bid": "0.68", "best_ask": "0.76"}, {"asset_id": "7116510953894574046149959763012809728780191305039938095921645635539451683015", "price": "0.34", "size": "1390.11", "side": "SELL", "hash": "27bf0ce13d6e9ac276e4d465716757826ba9a51a", "best_bid": "0.24", "best_ask": "0.32"}], "timestamp": "1769384064275", "event_type": "price_change"}}
{"_local_timestamp": "2026-01-25T23:34:24.341709+00:00", "data": {"market": "0xd336d08c566160ba048982cd3bcb6e7ec713ea9336a92446bc34f493f77842df", "price_changes": [{"asset_id": "89728433461109893353350426686433550158491124286474351310639172869545460692870", "price": "0.54", "size": "1390.11", "side": "BUY", "hash": "15d45a3cc01baf2793f5589fbde8d69bd620a4c1", "best_bid": "0.55", "best_ask": "0.65"}, {"asset_id": "93400981758791869645785192203990808057568260315269629518036730084578020466243", "price": "0.46", "size": "1390.11", "side": "SELL", "hash": "8837f92105b5e998863f7157a3232a94b4ffe652", "best_bid": "0.35", "best_ask": "0.45"}], "timestamp": "1769384064276", "event_type": "price_change"}}
{"_local_timestamp": "2026-01-25T23:34:24.345584+00:00", "data": {"market": "0x21478a9eda4795b21ef6b36dfe588d7b28b4b516c9c9a25005d80d1f1990e07a", "price_changes": [{"asset_id": "7116510953894574046149959763012809728780191305039938095921645635539451683015", "price": "0.23", "size": "1390.11", "side": "BUY", "hash": "778b82f4576988164beca7dc20b260318aacee1d", "best_bid": "0.24", "best_ask": "0.32"}, {"asset_id": "56547025957645419046099124619483344064997524271778931224912952948032844902449", "price": "0.77", "size": "1390.11", "side": "SELL", "hash": "c841c704ac84e981b1960e6addeff0b35dddc014", "best_bid": "0.68", "best_ask": "0.76"}], "timestamp": "1769384064277", "event_type": "price_change"}}
{"_local_timestamp": "2026-01-25T23:34:24.346060+00:00", "data": {"market": "0x37a2a8f43108504d768012984de442ad727183c192ea4282bf22c28f467d1ae9", "price_changes": [{"asset_id": "20433031826617634564864446320072745267511700140444160083894490218868960052047", "price": "0.27", "size": "1390.11", "side": "BUY", "hash": "5b6c7dbef460a8029b2309978c6c2b3d38ec18d5", "best_bid": "0.28", "best_ask": "0.36"}, {"asset_id": "89570350404509332697294156260294498845013165173832862565969838165211473744715", "price": "0.73", "size": "1390.11", "side": "SELL", "hash": "723cd5a180a7dbe48e11001dbe7db44d94000882", "best_bid": "0.64", "best_ask": "0.72"}], "timestamp": "1769384064278", "event_type": "price_change"}}
{"_local_timestamp": "2026-01-25T23:34:24.346455+00:00", "data": {"market": "0x308d63caa82cbea1724ef5f553cc58746b4961a249f532bcd348bf1dcd7d1481", "price_changes": [{"asset_id": "55525688743544646903925873519970646229929512568670787069179430303507716488588", "price": "0.73", "size": "1890.11", "side": "BUY", "hash": "0cfcd85814a1ed27033a0d1afb985f34c3d3cedf", "best_bid": "0.8", "best_ask": "0.81"}, {"asset_id": "62431806276539591033590335100897678655126372979579504591646273319200453103179", "price": "0.27", "size": "1890.11", "side": "SELL", "hash": "5329967a9199e224db2a69e8504a2e0df276d850", "best_bid": "0.19", "best_ask": "0.2"}], "timestamp": "1769384064278", "event_type": "price_change"}}
{"_local_timestamp": "2026-01-25T23:34:24.346880+00:00", "data": {"market": "0xd336d08c566160ba048982cd3bcb6e7ec713ea9336a92446bc34f493f77842df", "price_changes": [{"asset_id": "93400981758791869645785192203990808057568260315269629518036730084578020466243", "price": "0.36", "size": "500", "side": "BUY", "hash": "d480827be3134f2d402e16c5bf0a3eef31c9dde2", "best_bid": "0.36", "best_ask": "0.45"}, {"asset_id": "89728433461109893353350426686433550158491124286474351310639172869545460692870", "price": "0.64", "size": "500", "side": "SELL", "hash": "90315ba8783571c97e00ca1378fcf75c12203056", "best_bid": "0.55", "best_ask": "0.64"}], "timestamp": "1769384064278", "event_type": "price_change"}}
{"_local_timestamp": "2026-01-25T23:34:24.347608+00:00", "data": {"market": "0x308d63caa82cbea1724ef5f553cc58746b4961a249f532bcd348bf1dcd7d1481", "price_changes": [{"asset_id": "62431806276539591033590335100897678655126372979579504591646273319200453103179", "price": "0.16", "size": "1890.11", "side": "BUY", "hash": "5d32ea226f48de38cceb58a9c88b4009b9260b66", "best_bid": "0.19", "best_ask": "0.2"}, {"asset_id": "55525688743544646903925873519970646229929512568670787069179430303507716488588", "price": "0.84", "size": "1890.11", "side": "SELL", "hash": "d7a764a236e5f9b07c8e6d12f81cbd209d68e204", "best_bid": "0.8", "best_ask": "0.81"}], "timestamp": "1769384064280", "event_type": "price_change"}}
{"_local_timestamp": "2026-01-25T23:34:24.348176+00:00", "data": {"market": "0xb18705bc12b4b247251cfbdc70ef5ea35459d1eeeeb0b2db75c121b5b787384e", "price_changes": [{"asset_id": "18157258742493335082590519979659273580182840843918396564069057423878518658064", "price": "0.62", "size": "1390.11", "side": "BUY", "hash": "df19082b85640ec080bcc30c196cf782c2e7dc0c", "best_bid": "0.64", "best_ask": "0.72"}, {"asset_id": "64706969525609814186270748812897873216756103384689804342678233310436054755856", "price": "0.38", "size": "1390.11", "side": "SELL", "hash": "7c3658b39a833d08f1ad6a50090eaebb7a942559", "best_bid": "0.28", "best_ask": "0.36"}], "timestamp": "1769384064280", "event_type": "price_change"}}
{"_local_timestamp": "2026-01-25T23:34:24.357033+00:00", "data": {"market": "0x4596995ba5c1143eb024cd19b648a13a560d619469ee2801a0731eac1496f71c", "price_changes": [{"asset_id": "64060812829424665171585620366786220342059168747392044980810273902188468128252", "price": "0.62", "size": "1390.11", "side": "BUY", "hash": "137189814d05ce1b2b4739c8e9f05b6bde42753b", "best_bid": "0.64", "best_ask": "0.72"}, {"asset_id": "72924982117647498116945443519660964053965655312404924908951453050812570473090", "price": "0.38", "size": "1390.11", "side": "SELL", "hash": "74af85e685437db8865e30e8e6b39a06e70b27d1", "best_bid": "0.28", "best_ask": "0.36"}], "timestamp": "1769384064284", "event_type": "price_change"}}
{"_local_timestamp": "2026-01-25T23:34:24.357559+00:00", "data": {"market": "0x4596995ba5c1143eb024cd19b648a13a560d619469ee2801a0731eac1496f71c", "price_changes": [{"asset_id": "72924982117647498116945443519660964053965655312404924908951453050812570473090", "price": "0.27", "size": "1390.11", "side": "BUY", "hash": "e2287cb6fd631002730ee65e90e1ed1608c7d047", "best_bid": "0.28", "best_ask": "0.36"}, {"asset_id": "64060812829424665171585620366786220342059168747392044980810273902188468128252", "price": "0.73", "size": "1390.11", "side": "SELL", "hash": "273c4e4199f10f618832d3a4b837c622854b5d21", "best_bid": "0.64", "best_ask": "0.72"}], "timestamp": "1769384064286", "event_type": "price_change"}}
{"_local_timestamp": "2026-01-25T23:34:24.364963+00:00", "data": {"market": "0xb18705bc12b4b247251cfbdc70ef5ea35459d1eeeeb0b2db75c121b5b787384e", "price_changes": [{"asset_id": "64706969525609814186270748812897873216756103384689804342678233310436054755856", "price": "0.27", "size": "1390.11", "side": "BUY", "hash": "9a78bd46604b7035fa3cf276da5043898805d558", "best_bid": "0.28", "best_ask": "0.36"}, {"asset_id": "18157258742493335082590519979659273580182840843918396564069057423878518658064", "price": "0.73", "size": "1390.11", "side": "SELL", "hash": "85328a5de28e5d3bc6e794a7fbcb0df665bed133", "best_bid": "0.64", "best_ask": "0.72"}], "timestamp": "1769384064288", "event_type": "price_change"}}
{"_local_timestamp": "2026-01-25T23:34:24.365439+00:00", "data": {"market": "0x37a2a8f43108504d768012984de442ad727183c192ea4282bf22c28f467d1ae9", "price_changes": [{"asset_id": "89570350404509332697294156260294498845013165173832862565969838165211473744715", "price": "0.62", "size": "1390.11", "side": "BUY", "hash": "c3fefdf048950647583c97605aadaf6aef5ed94a", "best_bid": "0.64", "best_ask": "0.72"}, {"asset_id": "20433031826617634564864446320072745267511700140444160083894490218868960052047", "price": "0.38", "size": "1390.11", "side": "SELL", "hash": "d90f1e33a1c80b10801c5048d1477ccb58b3e85d", "best_bid": "0.28", "best_ask": "0.36"}], "timestamp": "1769384064293", "event_type": "price_change"}}
{"_local_timestamp": "2026-01-25T23:34:24.409796+00:00", "data": {"market": "0xd336d08c566160ba048982cd3bcb6e7ec713ea9336a92446bc34f493f77842df", "price_changes": [{"asset_id": "89728433461109893353350426686433550158491124286474351310639172869545460692870", "price": "0.21", "size": "890.11", "side": "BUY", "hash": "129f7af0cea9e2df0017ab14aa08c562344b6f5a", "best_bid": "0.55", "best_ask": "0.64"}, {"asset_id": "93400981758791869645785192203990808057568260315269629518036730084578020466243", "price": "0.79", "size": "890.11", "side": "SELL", "hash": "96402ca15ddd69398e25d4cd026f902a92542f56", "best_bid": "0.36", "best_ask": "0.45"}], "timestamp": "1769384064336", "event_type": "price_change"}}
{"_local_timestamp": "2026-01-25T23:34:24.410275+00:00", "data": {"market": "0xd336d08c566160ba048982cd3bcb6e7ec713ea9336a92446bc34f493f77842df", "price_changes": [{"asset_id": "89728433461109893353350426686433550158491124286474351310639172869545460692870", "price": "0.2", "size": "1090.11", "side": "BUY", "hash": "67435444aed90ad98ece0f5b6003d953c2985b21", "best_bid": "0.55", "best_ask": "0.64"}, {"asset_id": "93400981758791869645785192203990808057568260315269629518036730084578020466243", "price": "0.8", "size": "1090.11", "side": "SELL", "hash": "353cf7c9c2fb754f90119028918cd89ad4bf133e", "best_bid": "0.36", "best_ask": "0.45"}], "timestamp": "1769384064337", "event_type": "price_change"}}
{"_local_timestamp": "2026-01-25T23:34:24.410681+00:00", "data": {"market": "0xd336d08c566160ba048982cd3bcb6e7ec713ea9336a92446bc34f493f77842df", "price_changes": [{"asset_id": "93400981758791869645785192203990808057568260315269629518036730084578020466243", "price": "0.04", "size": "3777.33", "side": "BUY", "hash": "f2fbdd7439549d15c380daaba06976780bd5531d", "best_bid": "0.36", "best_ask": "0.45"}, {"asset_id": "89728433461109893353350426686433550158491124286474351310639172869545460692870", "price": "0.96", "size": "3777.33", "side": "SELL", "hash": "4902b7e8ecc8fb5570773454f5c98269561f8e83", "best_bid": "0.55", "best_ask": "0.64"}], "timestamp": "1769384064337", "event_type": "price_change"}}
{"_local_timestamp": "2026-01-25T23:34:24.411057+00:00", "data": {"market": "0xd336d08c566160ba048982cd3bcb6e7ec713ea9336a92446bc34f493f77842df", "price_changes": [{"asset_id": "93400981758791869645785192203990808057568260315269629518036730084578020466243", "price": "0.04", "size": "5047.43", "side": "BUY", "hash": "699688f2f7950e8acfd72914d190534f0f0f90bd", "best_bid": "0.36", "best_ask": "0.45"}, {"asset_id": "89728433461109893353350426686433550158491124286474351310639172869545460692870", "price": "0.96", "size": "5047.43", "side": "SELL", "hash": "e52fbbeaca74599a9aebfa2f7d3be74cea3da4ad", "best_bid": "0.55", "best_ask": "0.64"}], "timestamp": "1769384064338", "event_type": "price_change"}}
{"_local_timestamp": "2026-01-25T23:34:24.441633+00:00", "data": {"market": "0x308d63caa82cbea1724ef5f553cc58746b4961a249f532bcd348bf1dcd7d1481", "price_changes": [{"asset_id": "62431806276539591033590335100897678655126372979579504591646273319200453103179", "price": "0.03", "size": "895.67", "side": "BUY", "hash": "6118046f0965e74aa814cec7bad637ff88baf67b", "best_bid": "0.19", "best_ask": "0.2"}, {"asset_id": "55525688743544646903925873519970646229929512568670787069179430303507716488588", "price": "0.97", "size": "895.67", "side": "SELL", "hash": "1b29f8eb63750bcec3a661998a1e85854a21fc62", "best_bid": "0.8", "best_ask": "0.81"}], "timestamp": "1769384064367", "event_type": "price_change"}}
{"_local_timestamp": "2026-01-25T23:34:24.442109+00:00", "data": {"market": "0xd336d08c566160ba048982cd3bcb6e7ec713ea9336a92446bc34f493f77842df", "price_changes": [{"asset_id": "93400981758791869645785192203990808057568260315269629518036730084578020466243", "price": "0.03", "size": "919.99", "side": "BUY", "hash": "db055f7664f686e732cd85065ee1e1802386a26f", "best_bid": "0.36", "best_ask": "0.45"}, {"asset_id": "89728433461109893353350426686433550158491124286474351310639172869545460692870", "price": "0.97", "size": "919.99", "side": "SELL", "hash": "15683108b5635661da5f2e01a8e263ae59b53395", "best_bid": "0.55", "best_ask": "0.64"}], "timestamp": "1769384064367", "event_type": "price_change"}}
{"_local_timestamp": "2026-01-25T23:34:24.442506+00:00", "data": {"market": "0x308d63caa82cbea1724ef5f553cc58746b4961a249f532bcd348bf1dcd7d1481", "price_changes": [{"asset_id": "62431806276539591033590335100897678655126372979579504591646273319200453103179", "price": "0.02", "size": "1196.67", "side": "BUY", "hash": "721eef4a9a92abec51e64f2c74f1d4f2bcf15f0b", "best_bid": "0.19", "best_ask": "0.2"}, {"asset_id": "55525688743544646903925873519970646229929512568670787069179430303507716488588", "price": "0.98", "size": "1196.67", "side": "SELL", "hash": "b4ba3307e4d66c3a65ce04b596e4320c345512a2", "best_bid": "0.8", "best_ask": "0.81"}], "timestamp": "1769384064368", "event_type": "price_change"}}
{"_local_timestamp": "2026-01-25T23:34:24.897205+00:00", "data": {"market": "0x37a2a8f43108504d768012984de442ad727183c192ea4282bf22c28f467d1ae9", "price_changes": [{"asset_id": "20433031826617634564864446320072745267511700140444160083894490218868960052047", "price": "0.03", "size": "1997.11", "side": "BUY", "hash": "3b36281f3a1bd7e3f933c0ceef56f28d2331fef9", "best_bid": "0.28", "best_ask": "0.36"}, {"asset_id": "89570350404509332697294156260294498845013165173832862565969838165211473744715", "price": "0.97", "size": "1997.11", "side": "SELL", "hash": "a787ae072e0252b926027e63f4de674697844b2e", "best_bid": "0.64", "best_ask": "0.72"}], "timestamp": "1769384064827", "event_type": "price_change"}}
{"_local_timestamp": "2026-01-25T23:34:24.897713+00:00", "data": {"market": "0x4596995ba5c1143eb024cd19b648a13a560d619469ee2801a0731eac1496f71c", "price_changes": [{"asset_id": "64060812829424665171585620366786220342059168747392044980810273902188468128252", "price": "0.29", "size": "1997.11", "side": "BUY", "hash": "d7d7d80d2412bb253f854f399b7ae6ec2d3a27e9", "best_bid": "0.64", "best_ask": "0.72"}, {"asset_id": "72924982117647498116945443519660964053965655312404924908951453050812570473090", "price": "0.71", "size": "1997.11", "side": "SELL", "hash": "5e49d7259eb89592429e7b0e0cbf485abdecb940", "best_bid": "0.28", "best_ask": "0.36"}], "timestamp": "1769384064827", "event_type": "price_change"}}
{"_local_timestamp": "2026-01-25T23:34:25.141097+00:00", "data": {"market": "0x37a2a8f43108504d768012984de442ad727183c192ea4282bf22c28f467d1ae9", "price_changes": [{"asset_id": "20433031826617634564864446320072745267511700140444160083894490218868960052047", "price": "0.03", "size": "2887.22", "side": "BUY", "hash": "5562156beee788f15d7ea308b892a92fb9692931", "best_bid": "0.28", "best_ask": "0.36"}, {"asset_id": "89570350404509332697294156260294498845013165173832862565969838165211473744715", "price": "0.97", "size": "2887.22", "side": "SELL", "hash": "5da8e04e61c59b05e73c131299ca20b807f85a0d", "best_bid": "0.64", "best_ask": "0.72"}], "timestamp": "1769384065062", "event_type": "price_change"}}
{"_local_timestamp": "2026-01-25T23:34:25.141576+00:00", "data": {"market": "0x4596995ba5c1143eb024cd19b648a13a560d619469ee2801a0731eac1496f71c", "price_changes": [{"asset_id": "64060812829424665171585620366786220342059168747392044980810273902188468128252", "price": "0.29", "size": "2887.22", "side": "BUY", "hash": "eb603ab2bddbc309c1100292d244b40bc6eb930a", "best_bid": "0.64", "best_ask": "0.72"}, {"asset_id": "72924982117647498116945443519660964053965655312404924908951453050812570473090", "price": "0.71", "size": "2887.22", "side": "SELL", "hash": "ebcbe67f192188c6f892128240d0187914853fac", "best_bid": "0.28", "best_ask": "0.36"}], "timestamp": "1769384065062", "event_type": "price_change"}}
{"_local_timestamp": "2026-01-25T23:34:25.142017+00:00", "data": {"market": "0x37a2a8f43108504d768012984de442ad727183c192ea4282bf22c28f467d1ae9", "price_changes": [{"asset_id": "20433031826617634564864446320072745267511700140444160083894490218868960052047", "price": "0.03", "size": "4157.32", "side": "BUY", "hash": "a2693606acf1b6886f2e669358724dbe31e48a34", "best_bid": "0.28", "best_ask": "0.36"}, {"asset_id": "89570350404509332697294156260294498845013165173832862565969838165211473744715", "price": "0.97", "size": "4157.32", "side": "SELL", "hash": "e4a164c2f6483378fd990ec311fc1c372dd7abed", "best_bid": "0.64", "best_ask": "0.72"}], "timestamp": "1769384065063", "event_type": "price_change"}}
{"_local_timestamp": "2026-01-25T23:34:25.142424+00:00", "data": {"market": "0x4596995ba5c1143eb024cd19b648a13a560d619469ee2801a0731eac1496f71c", "price_changes": [{"asset_id": "64060812829424665171585620366786220342059168747392044980810273902188468128252", "price": "0.29", "size": "4157.32", "side": "BUY", "hash": "e129ad9c2832d0daf165ecdf57192a5175b8aa7b", "best_bid": "0.64", "best_ask": "0.72"}, {"asset_id": "72924982117647498116945443519660964053965655312404924908951453050812570473090", "price": "0.71", "size": "4157.32", "side": "SELL", "hash": "79cf8dd1ea99973576984032a692936c6dc2938c", "best_bid": "0.28", "best_ask": "0.36"}], "timestamp": "1769384065063", "event_type": "price_change"}}
{"_local_timestamp": "2026-01-25T23:34:29.297562+00:00", "data": {"market": "0x308d63caa82cbea1724ef5f553cc58746b4961a249f532bcd348bf1dcd7d1481", "price_changes": [{"asset_id": "55525688743544646903925873519970646229929512568670787069179430303507716488588", "price": "0.1", "size": "700", "side": "BUY", "hash": "6c933d488ed662c3fc1e1ea0870b1e6d556afbf7", "best_bid": "0.8", "best_ask": "0.81"}, {"asset_id": "62431806276539591033590335100897678655126372979579504591646273319200453103179", "price": "0.9", "size": "700", "side": "SELL", "hash": "bd0f7f7f3c5292662bcd3243a51067c0c92b5e12", "best_bid": "0.19", "best_ask": "0.2"}], "timestamp": "1769384069218", "event_type": "price_change"}}
{"_local_timestamp": "2026-01-25T23:34:29.371147+00:00", "data": {"market": "0x308d63caa82cbea1724ef5f553cc58746b4961a249f532bcd348bf1dcd7d1481", "price_changes": [{"asset_id": "62431806276539591033590335100897678655126372979579504591646273319200453103179", "price": "0.03", "size": "5.56", "side": "BUY", "hash": "41045b5344d339dc95328e6bcd036cc9eb0c1e0b", "best_bid": "0.19", "best_ask": "0.2"}, {"asset_id": "55525688743544646903925873519970646229929512568670787069179430303507716488588", "price": "0.97", "size": "5.56", "side": "SELL", "hash": "6059828bbc26ac7f2108eab314e72bea80e9d2e7", "best_bid": "0.8", "best_ask": "0.81"}], "timestamp": "1769384069304", "event_type": "price_change"}}
{"_local_timestamp": "2026-01-25T23:34:29.372016+00:00", "data": {"market": "0x308d63caa82cbea1724ef5f553cc58746b4961a249f532bcd348bf1dcd7d1481", "price_changes": [{"asset_id": "62431806276539591033590335100897678655126372979579504591646273319200453103179", "price": "0.02", "size": "306.56", "side": "BUY", "hash": "41045b5344d339dc95328e6bcd036cc9eb0c1e0b", "best_bid": "0.19", "best_ask": "0.2"}, {"asset_id": "55525688743544646903925873519970646229929512568670787069179430303507716488588", "price": "0.98", "size": "306.56", "side": "SELL", "hash": "6059828bbc26ac7f2108eab314e72bea80e9d2e7", "best_bid": "0.8", "best_ask": "0.81"}], "timestamp": "1769384069304", "event_type": "price_change"}}
{"_local_timestamp": "2026-01-25T23:34:29.554888+00:00", "data": {"market": "0x308d63caa82cbea1724ef5f553cc58746b4961a249f532bcd348bf1dcd7d1481", "price_changes": [{"asset_id": "55525688743544646903925873519970646229929512568670787069179430303507716488588", "price": "0.08", "size": "115", "side": "BUY", "hash": "80a4c2bf40f6525ec4b597afe9a2f257550aea64", "best_bid": "0.8", "best_ask": "0.81"}, {"asset_id": "62431806276539591033590335100897678655126372979579504591646273319200453103179", "price": "0.92", "size": "115", "side": "SELL", "hash": "2021be42982df227034b95ee3a4284a0ea3e7fa9", "best_bid": "0.19", "best_ask": "0.2"}], "timestamp": "1769384069485", "event_type": "price_change"}}
{"_local_timestamp": "2026-01-25T23:34:30.017970+00:00", "data": {"market": "0x308d63caa82cbea1724ef5f553cc58746b4961a249f532bcd348bf1dcd7d1481", "price_changes": [{"asset_id": "55525688743544646903925873519970646229929512568670787069179430303507716488588", "price": "0.1", "size": "300", "side": "BUY", "hash": "d1e0207b843eab89914849256213a712271a2723", "best_bid": "0.8", "best_ask": "0.81"}, {"asset_id": "62431806276539591033590335100897678655126372979579504591646273319200453103179", "price": "0.9", "size": "300", "side": "SELL", "hash": "c0998b801a7658aa66ab0f465c83d0e0605cc8a3", "best_bid": "0.19", "best_ask": "0.2"}], "timestamp": "1769384069833", "event_type": "price_change"}}
{"_local_timestamp": "2026-01-25T23:34:30.217285+00:00", "data": {"market": "0x308d63caa82cbea1724ef5f553cc58746b4961a249f532bcd348bf1dcd7d1481", "price_changes": [{"asset_id": "55525688743544646903925873519970646229929512568670787069179430303507716488588", "price": "0.08", "size": "1385.1", "side": "BUY", "hash": "19e09c76cc4a56de365e17fe4905a93d1a2ebe42", "best_bid": "0.8", "best_ask": "0.81"}, {"asset_id": "62431806276539591033590335100897678655126372979579504591646273319200453103179", "price": "0.92", "size": "1385.1", "side": "SELL", "hash": "9bcb06c60353d3e68a5c7c825f0383d139306281", "best_bid": "0.19", "best_ask": "0.2"}], "timestamp": "1769384070051", "event_type": "price_change"}}
{"_local_timestamp": "2026-01-25T23:34:30.218723+00:00", "data": {"market": "0x308d63caa82cbea1724ef5f553cc58746b4961a249f532bcd348bf1dcd7d1481", "price_changes": [{"asset_id": "55525688743544646903925873519970646229929512568670787069179430303507716488588", "price": "0.08", "size": "2275.21", "side": "BUY", "hash": "1ba4ffa10eefd51eba93a5a75e70b9e9213de592", "best_bid": "0.8", "best_ask": "0.81"}, {"asset_id": "62431806276539591033590335100897678655126372979579504591646273319200453103179", "price": "0.92", "size": "2275.21", "side": "SELL", "hash": "b69bebbb5e80b3fcdfe46bad50d2d0d1de1a1a7e", "best_bid": "0.19", "best_ask": "0.2"}], "timestamp": "1769384070051", "event_type": "price_change"}}
{"_local_timestamp": "2026-01-25T23:34:30.239727+00:00", "data": {"market": "0x308d63caa82cbea1724ef5f553cc58746b4961a249f532bcd348bf1dcd7d1481", "price_changes": [{"asset_id": "55525688743544646903925873519970646229929512568670787069179430303507716488588", "price": "0.08", "size": "4272.32", "side": "BUY", "hash": "1bb44e6febf9d2216abe88a8769196500bdfad61", "best_bid": "0.8", "best_ask": "0.81"}, {"asset_id": "62431806276539591033590335100897678655126372979579504591646273319200453103179", "price": "0.92", "size": "4272.32", "side": "SELL", "hash": "0bbc8f10179be0eed07dbb9dde3d262a11113ece", "best_bid": "0.19", "best_ask": "0.2"}], "timestamp": "1769384070082", "event_type": "price_change"}}
{"_local_timestamp": "2026-01-25T23:34:30.265928+00:00", "data": {"market": "0x308d63caa82cbea1724ef5f553cc58746b4961a249f532bcd348bf1dcd7d1481", "price_changes": [{"asset_id": "55525688743544646903925873519970646229929512568670787069179430303507716488588", "price": "0.08", "size": "4672.32", "side": "BUY", "hash": "d6eca6b7d9196498e556678a64a17d4874bb7195", "best_bid": "0.8", "best_ask": "0.81"}, {"asset_id": "62431806276539591033590335100897678655126372979579504591646273319200453103179", "price": "0.92", "size": "4672.32", "side": "SELL", "hash": "0d6512c306494cdc1d70a5659ed49e0e21fb8209", "best_bid": "0.19", "best_ask": "0.2"}], "timestamp": "1769384070109", "event_type": "price_change"}}
{"_local_timestamp": "2026-01-25T23:34:30.951131+00:00", "data": {"market": "0x308d63caa82cbea1724ef5f553cc58746b4961a249f532bcd348bf1dcd7d1481", "price_changes": [{"asset_id": "62431806276539591033590335100897678655126372979579504591646273319200453103179", "price": "0.02", "size": "6.56", "side": "BUY", "hash": "7c5716e057772e17fbe277c261b293cb3ed66953", "best_bid": "0.19", "best_ask": "0.2"}, {"asset_id": "55525688743544646903925873519970646229929512568670787069179430303507716488588", "price": "0.98", "size": "6.56", "side": "SELL", "hash": "7440ea2fc0fe0ee69a2933f082672c48faccc0b1", "best_bid": "0.8", "best_ask": "0.81"}], "timestamp": "1769384070882", "event_type": "price_change"}}
{"_local_timestamp": "2026-01-25T23:34:30.951834+00:00", "data": {"market": "0x308d63caa82cbea1724ef5f553cc58746b4961a249f532bcd348bf1dcd7d1481", "price_changes": [{"asset_id": "55525688743544646903925873519970646229929512568670787069179430303507716488588", "price": "0.1", "size": "200", "side": "BUY", "hash": "43f92df2d20ee2880c03063ce50613a7961b1dd7", "best_bid": "0.8", "best_ask": "0.81"}, {"asset_id": "62431806276539591033590335100897678655126372979579504591646273319200453103179", "price": "0.9", "size": "200", "side": "SELL", "hash": "0e03e2102dece0ddd62046ecc29753f70968be50", "best_bid": "0.19", "best_ask": "0.2"}], "timestamp": "1769384070882", "event_type": "price_change"}}
{"_local_timestamp": "2026-01-25T23:34:31.186681+00:00", "data": {"market": "0x308d63caa82cbea1724ef5f553cc58746b4961a249f532bcd348bf1dcd7d1481", "price_changes": [{"asset_id": "62431806276539591033590335100897678655126372979579504591646273319200453103179", "price": "0.03", "size": "305.56", "side": "BUY", "hash": "34771b27a8104e1b26d60ca3fd0262d081eb3b12", "best_bid": "0.19", "best_ask": "0.2"}, {"asset_id": "55525688743544646903925873519970646229929512568670787069179430303507716488588", "price": "0.97", "size": "305.56", "side": "SELL", "hash": "8d20530fd32154b579059d09379a51601b756876", "best_bid": "0.8", "best_ask": "0.81"}], "timestamp": "1769384071112", "event_type": "price_change"}}
{"_local_timestamp": "2026-01-25T23:34:31.809322+00:00", "data": {"market": "0x308d63caa82cbea1724ef5f553cc58746b4961a249f532bcd348bf1dcd7d1481", "price_changes": [{"asset_id": "55525688743544646903925873519970646229929512568670787069179430303507716488588", "price": "0.1", "size": "100", "side": "BUY", "hash": "57f2ccf8dd7c955e29b5d3c1497c4edd7e35d6c1", "best_bid": "0.8", "best_ask": "0.81"}, {"asset_id": "62431806276539591033590335100897678655126372979579504591646273319200453103179", "price": "0.9", "size": "100", "side": "SELL", "hash": "573924cfa1f7cb4874e0755c26bde641cc5c1dd2", "best_bid": "0.19", "best_ask": "0.2"}], "timestamp": "1769384071736", "event_type": "price_change"}}
{"_local_timestamp": "2026-01-25T23:34:32.217518+00:00", "data": {"market": "0x308d63caa82cbea1724ef5f553cc58746b4961a249f532bcd348bf1dcd7d1481", "price_changes": [{"asset_id": "55525688743544646903925873519970646229929512568670787069179430303507716488588", "price": "0.08", "size": "4772.32", "side": "BUY", "hash": "1d5e89df3b322188bfa1cf75d30ad5399e0b5ec2", "best_bid": "0.8", "best_ask": "0.81"}, {"asset_id": "62431806276539591033590335100897678655126372979579504591646273319200453103179", "price": "0.92", "size": "4772.32", "side": "SELL", "hash": "1646a87f91a1e5c30f357e335ceda2e8af279345", "best_bid": "0.19", "best_ask": "0.2"}], "timestamp": "1769384072091", "event_type": "price_change"}}
{"_local_timestamp": "2026-01-25T23:34:42.913378+00:00", "data": {"market": "0x308d63caa82cbea1724ef5f553cc58746b4961a249f532bcd348bf1dcd7d1481", "price_changes": [{"asset_id": "62431806276539591033590335100897678655126372979579504591646273319200453103179", "price": "0.03", "size": "5.56", "side": "BUY", "hash": "617c2ed361905b1cf8e5955fa4e31efe9a3a88bc", "best_bid": "0.19", "best_ask": "0.2"}, {"asset_id": "55525688743544646903925873519970646229929512568670787069179430303507716488588", "price": "0.97", "size": "5.56", "side": "SELL", "hash": "7ee82937dbc88a799aded325934af9c761d63dcb", "best_bid": "0.8", "best_ask": "0.81"}], "timestamp": "1769384082842", "event_type": "price_change"}}
{"_local_timestamp": "2026-01-25T23:34:42.971072+00:00", "data": {"market": "0x308d63caa82cbea1724ef5f553cc58746b4961a249f532bcd348bf1dcd7d1481", "price_changes": [{"asset_id": "55525688743544646903925873519970646229929512568670787069179430303507716488588", "price": "0.11", "size": "5.71", "side": "BUY", "hash": "585843443fc41aaedb6292c7c508e2db87a2aeb0", "best_bid": "0.8", "best_ask": "0.81"}, {"asset_id": "62431806276539591033590335100897678655126372979579504591646273319200453103179", "price": "0.89", "size": "5.71", "side": "SELL", "hash": "b262c98e6702c1db66be52be37c816cb1838f60d", "best_bid": "0.19", "best_ask": "0.2"}], "timestamp": "1769384082899", "event_type": "price_change"}}
{"_local_timestamp": "2026-01-25T23:34:42.971670+00:00", "data": {"market": "0x308d63caa82cbea1724ef5f553cc58746b4961a249f532bcd348bf1dcd7d1481", "price_changes": [{"asset_id": "55525688743544646903925873519970646229929512568670787069179430303507716488588", "price": "0.08", "size": "615", "side": "BUY", "hash": "585843443fc41aaedb6292c7c508e2db87a2aeb0", "best_bid": "0.8", "best_ask": "0.81"}, {"asset_id": "62431806276539591033590335100897678655126372979579504591646273319200453103179", "price": "0.92", "size": "615", "side": "SELL", "hash": "b262c98e6702c1db66be52be37c816cb1838f60d", "best_bid": "0.19", "best_ask": "0.2"}], "timestamp": "1769384082899", "event_type": "price_change"}}
{"_local_timestamp": "2026-01-25T23:34:43.041913+00:00", "data": {"market": "0x308d63caa82cbea1724ef5f553cc58746b4961a249f532bcd348bf1dcd7d1481", "price_changes": [{"asset_id": "55525688743544646903925873519970646229929512568670787069179430303507716488588", "price": "0.09", "size": "1270.1", "side": "BUY", "hash": "c8e7eb0970692acd8568ba3f79193661b52849ec", "best_bid": "0.8", "best_ask": "0.81"}, {"asset_id": "62431806276539591033590335100897678655126372979579504591646273319200453103179", "price": "0.91", "size": "1270.1", "side": "SELL", "hash": "935e0986e5ae4e396717dc43227633bcd1ce03db", "best_bid": "0.19", "best_ask": "0.2"}], "timestamp": "1769384082971", "event_type": "price_change"}}
{"_local_timestamp": "2026-01-25T23:34:43.042459+00:00", "data": {"market": "0x308d63caa82cbea1724ef5f553cc58746b4961a249f532bcd348bf1dcd7d1481", "price_changes": [{"asset_id": "55525688743544646903925873519970646229929512568670787069179430303507716488588", "price": "0.09", "size": "3267.21", "side": "BUY", "hash": "4c27ae6e1dba65c9837de6781522abd3c510aa64", "best_bid": "0.8", "best_ask": "0.81"}, {"asset_id": "62431806276539591033590335100897678655126372979579504591646273319200453103179", "price": "0.91", "size": "3267.21", "side": "SELL", "hash": "0428ee8e5a9a03c24fec23ca09c81ec406f215b7", "best_bid": "0.19", "best_ask": "0.2"}], "timestamp": "1769384082972", "event_type": "price_change"}}
{"_local_timestamp": "2026-01-25T23:34:43.042920+00:00", "data": {"market": "0x308d63caa82cbea1724ef5f553cc58746b4961a249f532bcd348bf1dcd7d1481", "price_changes": [{"asset_id": "55525688743544646903925873519970646229929512568670787069179430303507716488588", "price": "0.09", "size": "4157.32", "side": "BUY", "hash": "c21a8e2907db351cb243f21eb205da3e0b4fa2ca", "best_bid": "0.8", "best_ask": "0.81"}, {"asset_id": "62431806276539591033590335100897678655126372979579504591646273319200453103179", "price": "0.91", "size": "4157.32", "side": "SELL", "hash": "679b678b264b219050ea55a8359da53534094948", "best_bid": "0.19", "best_ask": "0.2"}], "timestamp": "1769384082973", "event_type": "price_change"}}
{"_local_timestamp": "2026-01-25T23:34:43.174632+00:00", "data": {"market": "0x308d63caa82cbea1724ef5f553cc58746b4961a249f532bcd348bf1dcd7d1481", "price_changes": [{"asset_id": "62431806276539591033590335100897678655126372979579504591646273319200453103179", "price": "0.01", "size": "4844.7", "side": "BUY", "hash": "6db721d10037586d52cbd591765e2349291daa6f", "best_bid": "0.19", "best_ask": "0.2"}, {"asset_id": "55525688743544646903925873519970646229929512568670787069179430303507716488588", "price": "0.99", "size": "4844.7", "side": "SELL", "hash": "09135a4b69637e66cd0dfcf1bf0fc62fe0041998", "best_bid": "0.8", "best_ask": "0.81"}], "timestamp": "1769384083073", "event_type": "price_change"}}
{"_local_timestamp": "2026-01-25T23:34:50.359650+00:00", "data": {"market": "0x308d63caa82cbea1724ef5f553cc58746b4961a249f532bcd348bf1dcd7d1481", "price_changes": [{"asset_id": "55525688743544646903925873519970646229929512568670787069179430303507716488588", "price": "0.1", "size": "0", "side": "BUY", "hash": "61826265d53154128b92dc1823593bf512db2c4b", "best_bid": "0.8", "best_ask": "0.81"}, {"asset_id": "62431806276539591033590335100897678655126372979579504591646273319200453103179", "price": "0.9", "size": "0", "side": "SELL", "hash": "502e25ac038d43a094275909a2830b35d30c5d12", "best_bid": "0.19", "best_ask": "0.2"}], "timestamp": "1769384090195", "event_type": "price_change"}}
{"_local_timestamp": "2026-01-25T23:34:50.419422+00:00", "data": {"market": "0x308d63caa82cbea1724ef5f553cc58746b4961a249f532bcd348bf1dcd7d1481", "price_changes": [{"asset_id": "62431806276539591033590335100897678655126372979579504591646273319200453103179", "price": "0.02", "size": "1276.66", "side": "BUY", "hash": "fde2d702daf09c4344a7bac3fe9cf8f17d8dc3a6", "best_bid": "0.19", "best_ask": "0.2"}, {"asset_id": "55525688743544646903925873519970646229929512568670787069179430303507716488588", "price": "0.98", "size": "1276.66", "side": "SELL", "hash": "7c348a73cd76b343a6b66bc477952ab9e26357a9", "best_bid": "0.8", "best_ask": "0.81"}], "timestamp": "1769384090339", "event_type": "price_change"}}
{"_local_timestamp": "2026-01-25T23:34:50.422665+00:00", "data": {"market": "0x308d63caa82cbea1724ef5f553cc58746b4961a249f532bcd348bf1dcd7d1481", "price_changes": [{"asset_id": "62431806276539591033590335100897678655126372979579504591646273319200453103179", "price": "0.02", "size": "3273.77", "side": "BUY", "hash": "d7d7975816442439aa243c00cec92a4f80a3bc9a", "best_bid": "0.19", "best_ask": "0.2"}, {"asset_id": "55525688743544646903925873519970646229929512568670787069179430303507716488588", "price": "0.98", "size": "3273.77", "side": "SELL", "hash": "2139fa60cecffe111c9da0b4053f1bd0a3ce0f8a", "best_bid": "0.8", "best_ask": "0.81"}], "timestamp": "1769384090340", "event_type": "price_change"}}
{"_local_timestamp": "2026-01-25T23:34:50.429942+00:00", "data": {"market": "0x308d63caa82cbea1724ef5f553cc58746b4961a249f532bcd348bf1dcd7d1481", "price_changes": [{"asset_id": "62431806276539591033590335100897678655126372979579504591646273319200453103179", "price": "0.02", "size": "4163.88", "side": "BUY", "hash": "0700d9cea57c2037e6e83c704fc34ceba93c838c", "best_bid": "0.19", "best_ask": "0.2"}, {"asset_id": "55525688743544646903925873519970646229929512568670787069179430303507716488588", "price": "0.98", "size": "4163.88", "side": "SELL", "hash": "28ad9f5049fefce39a4483fdae924fc1c2c81dca", "best_bid": "0.8", "best_ask": "0.81"}], "timestamp": "1769384090341", "event_type": "price_change"}}
{"_local_timestamp": "2026-01-25T23:34:50.671223+00:00", "data": {"market": "0x308d63caa82cbea1724ef5f553cc58746b4961a249f532bcd348bf1dcd7d1481", "price_changes": [{"asset_id": "62431806276539591033590335100897678655126372979579504591646273319200453103179", "price": "0.01", "size": "687.38", "side": "BUY", "hash": "787de18fb15da358e5ad50328518fbdcaf5b71cf", "best_bid": "0.19", "best_ask": "0.2"}, {"asset_id": "55525688743544646903925873519970646229929512568670787069179430303507716488588", "price": "0.99", "size": "687.38", "side": "SELL", "hash": "a21f1715bf3cd07a054b8c93fe56290b6e86d106", "best_bid": "0.8", "best_ask": "0.81"}], "timestamp": "1769384090411", "event_type": "price_change"}}
{"_local_timestamp": "2026-01-25T23:34:50.671863+00:00", "data": {"market": "0x308d63caa82cbea1724ef5f553cc58746b4961a249f532bcd348bf1dcd7d1481", "price_changes": [{"asset_id": "55525688743544646903925873519970646229929512568670787069179430303507716488588", "price": "0.11", "size": "105.71", "side": "BUY", "hash": "4d7e7fde645aaba0a777865053f043ce057156b6", "best_bid": "0.8", "best_ask": "0.81"}, {"asset_id": "62431806276539591033590335100897678655126372979579504591646273319200453103179", "price": "0.89", "size": "105.71", "side": "SELL", "hash": "c0bbd2ea6515cfde1d86f40b8f581cea1d169bca", "best_bid": "0.19", "best_ask": "0.2"}], "timestamp": "1769384090464", "event_type": "price_change"}}
{"_local_timestamp": "2026-01-25T23:34:50.801083+00:00", "data": {"market": "0x308d63caa82cbea1724ef5f553cc58746b4961a249f532bcd348bf1dcd7d1481", "price_changes": [{"asset_id": "55525688743544646903925873519970646229929512568670787069179430303507716488588", "price": "0.08", "size": "215", "side": "BUY", "hash": "cd75732c2e764c418936e4a533c1fca1634a0d63", "best_bid": "0.8", "best_ask": "0.81"}, {"asset_id": "62431806276539591033590335100897678655126372979579504591646273319200453103179", "price": "0.92", "size": "215", "side": "SELL", "hash": "20ecb0a8dd4b5d9f99b19c01f9f7688a8a1c207e", "best_bid": "0.19", "best_ask": "0.2"}], "timestamp": "1769384090660", "event_type": "price_change"}}
{"_local_timestamp": "2026-01-25T23:34:51.022467+00:00", "data": {"market": "0x308d63caa82cbea1724ef5f553cc58746b4961a249f532bcd348bf1dcd7d1481", "price_changes": [{"asset_id": "55525688743544646903925873519970646229929512568670787069179430303507716488588", "price": "0.11", "size": "505.71", "side": "BUY", "hash": "7c57b36e9d95991bce5a20c2051b105504dfc785", "best_bid": "0.8", "best_ask": "0.81"}, {"asset_id": "62431806276539591033590335100897678655126372979579504591646273319200453103179", "price": "0.89", "size": "505.71", "side": "SELL", "hash": "99b2f1eb3c86fca879ef104aa32536e2b15ec8f0", "best_bid": "0.19", "best_ask": "0.2"}], "timestamp": "1769384090942", "event_type": "price_change"}}
{"_local_timestamp": "2026-01-25T23:34:52.357271+00:00", "data": {"market": "0x4596995ba5c1143eb024cd19b648a13a560d619469ee2801a0731eac1496f71c", "price_changes": [{"asset_id": "64060812829424665171585620366786220342059168747392044980810273902188468128252", "price": "0.27", "size": "890.11", "side": "BUY", "hash": "1d11b0c3c1f8da0187d58b53edbcaeb5c7a077a6", "best_bid": "0.64", "best_ask": "0.72"}, {"asset_id": "72924982117647498116945443519660964053965655312404924908951453050812570473090", "price": "0.73", "size": "890.11", "side": "SELL", "hash": "e6de249c101bc1039ddac8c15c82af56d5546146", "best_bid": "0.28", "best_ask": "0.36"}], "timestamp": "1769384092290", "event_type": "price_change"}}
{"_local_timestamp": "2026-01-25T23:34:52.408790+00:00", "data": {"market": "0x4596995ba5c1143eb024cd19b648a13a560d619469ee2801a0731eac1496f71c", "price_changes": [{"asset_id": "64060812829424665171585620366786220342059168747392044980810273902188468128252", "price": "0.29", "size": "0", "side": "BUY", "hash": "ab4f167929ae643ea8dadda97c32d2615e3401b6", "best_bid": "0.64", "best_ask": "0.72"}, {"asset_id": "72924982117647498116945443519660964053965655312404924908951453050812570473090", "price": "0.71", "size": "0", "side": "SELL", "hash": "6264f11c97bb8cf28328883abe19e4ce015e0884", "best_bid": "0.28", "best_ask": "0.36"}], "timestamp": "1769384092337", "event_type": "price_change"}}
{"_local_timestamp": "2026-01-25T23:34:52.409359+00:00", "data": {"market": "0x4596995ba5c1143eb024cd19b648a13a560d619469ee2801a0731eac1496f71c", "price_changes": [{"asset_id": "64060812829424665171585620366786220342059168747392044980810273902188468128252", "price": "0.28", "size": "0", "side": "BUY", "hash": "ab4f167929ae643ea8dadda97c32d2615e3401b6", "best_bid": "0.64", "best_ask": "0.72"}, {"asset_id": "72924982117647498116945443519660964053965655312404924908951453050812570473090", "price": "0.72", "size": "0", "side": "SELL", "hash": "6264f11c97bb8cf28328883abe19e4ce015e0884", "best_bid": "0.28", "best_ask": "0.36"}], "timestamp": "1769384092337", "event_type": "price_change"}}
{"_local_timestamp": "2026-01-25T23:34:52.409837+00:00", "data": {"market": "0x4596995ba5c1143eb024cd19b648a13a560d619469ee2801a0731eac1496f71c", "price_changes": [{"asset_id": "64060812829424665171585620366786220342059168747392044980810273902188468128252", "price": "0.27", "size": "0", "side": "BUY", "hash": "ab4f167929ae643ea8dadda97c32d2615e3401b6", "best_bid": "0.64", "best_ask": "0.72"}, {"asset_id": "72924982117647498116945443519660964053965655312404924908951453050812570473090", "price": "0.73", "size": "0", "side": "SELL", "hash": "6264f11c97bb8cf28328883abe19e4ce015e0884", "best_bid": "0.28", "best_ask": "0.36"}], "timestamp": "1769384092337", "event_type": "price_change"}}
{"_local_timestamp": "2026-01-25T23:34:52.653399+00:00", "data": {"market": "0x4596995ba5c1143eb024cd19b648a13a560d619469ee2801a0731eac1496f71c", "price_changes": [{"asset_id": "64060812829424665171585620366786220342059168747392044980810273902188468128252", "price": "0.29", "size": "200", "side": "BUY", "hash": "b435758fa9c658579ec7e999f9d75e28d3c45ac4", "best_bid": "0.64", "best_ask": "0.72"}, {"asset_id": "72924982117647498116945443519660964053965655312404924908951453050812570473090", "price": "0.71", "size": "200", "side": "SELL", "hash": "b4cb7577bf253b20fcc7d49ca4076e1839b35ccc", "best_bid": "0.28", "best_ask": "0.36"}], "timestamp": "1769384092587", "event_type": "price_change"}}
{"_local_timestamp": "2026-01-25T23:34:52.658349+00:00", "data": {"market": "0x4596995ba5c1143eb024cd19b648a13a560d619469ee2801a0731eac1496f71c", "price_changes": [{"asset_id": "64060812829424665171585620366786220342059168747392044980810273902188468128252", "price": "0.29", "size": "2197.11", "side": "BUY", "hash": "adcd7b901beaa1df1912abd90bc8369b950183da", "best_bid": "0.64", "best_ask": "0.72"}, {"asset_id": "72924982117647498116945443519660964053965655312404924908951453050812570473090", "price": "0.71", "size": "2197.11", "side": "SELL", "hash": "acd1afb17852c8682c0fbef6a4c45284f92d76b1", "best_bid": "0.28", "best_ask": "0.36"}], "timestamp": "1769384092589", "event_type": "price_change"}}
{"_local_timestamp": "2026-01-25T23:34:52.659288+00:00", "data": {"market": "0x4596995ba5c1143eb024cd19b648a13a560d619469ee2801a0731eac1496f71c", "price_changes": [{"asset_id": "64060812829424665171585620366786220342059168747392044980810273902188468128252", "price": "0.29", "size": "3087.22", "side": "BUY", "hash": "c98c00409d21f9c86499cfa9d9b3c67baadaf810", "best_bid": "0.64", "best_ask": "0.72"}, {"asset_id": "72924982117647498116945443519660964053965655312404924908951453050812570473090", "price": "0.71", "size": "3087.22", "side": "SELL", "hash": "34bbfcf3c53433d953cc41431736b7a46a5fe3e5", "best_bid": "0.28", "best_ask": "0.36"}], "timestamp": "1769384092590", "event_type": "price_change"}}
{"_local_timestamp": "2026-01-25T23:34:54.921418+00:00", "data": {"market": "0x308d63caa82cbea1724ef5f553cc58746b4961a249f532bcd348bf1dcd7d1481", "price_changes": [{"asset_id": "55525688743544646903925873519970646229929512568670787069179430303507716488588", "price": "0.09", "size": "4257.32", "side": "BUY", "hash": "fa8bb0a0df99271f9c10f3fa6b7af541b0c3fbb8", "best_bid": "0.8", "best_ask": "0.81"}, {"asset_id": "62431806276539591033590335100897678655126372979579504591646273319200453103179", "price": "0.91", "size": "4257.32", "side": "SELL", "hash": "361c33b6482af38b065b4eec4ff977baa866f6eb", "best_bid": "0.19", "best_ask": "0.2"}], "timestamp": "1769384094849", "event_type": "price_change"}}
{"_local_timestamp": "2026-01-25T23:34:55.007469+00:00", "data": {"market": "0x308d63caa82cbea1724ef5f553cc58746b4961a249f532bcd348bf1dcd7d1481", "price_changes": [{"asset_id": "55525688743544646903925873519970646229929512568670787069179430303507716488588", "price": "0.09", "size": "100", "side": "BUY", "hash": "1e9eb8360b641e9377607e5edfc02cd15fe0e1dd", "best_bid": "0.8", "best_ask": "0.81"}, {"asset_id": "62431806276539591033590335100897678655126372979579504591646273319200453103179", "price": "0.91", "size": "100", "side": "SELL", "hash": "8b24300c05bdaf1bc0892e1c967cc92a835cd453", "best_bid": "0.19", "best_ask": "0.2"}], "timestamp": "1769384094901", "event_type": "price_change"}}
{"_local_timestamp": "2026-01-25T23:34:55.008211+00:00", "data": {"market": "0x308d63caa82cbea1724ef5f553cc58746b4961a249f532bcd348bf1dcd7d1481", "price_changes": [{"asset_id": "55525688743544646903925873519970646229929512568670787069179430303507716488588", "price": "0.08", "size": "2212.11", "side": "BUY", "hash": "74d794cbb1d47d954303c74b8a9c78de238893e1", "best_bid": "0.8", "best_ask": "0.81"}, {"asset_id": "62431806276539591033590335100897678655126372979579504591646273319200453103179", "price": "0.92", "size": "2212.11", "side": "SELL", "hash": "72ef63b17e47b74e50a9d299cd1ef287b903b903", "best_bid": "0.19", "best_ask": "0.2"}], "timestamp": "1769384094904", "event_type": "price_change"}}
{"_local_timestamp": "2026-01-25T23:34:55.008877+00:00", "data": {"market": "0x308d63caa82cbea1724ef5f553cc58746b4961a249f532bcd348bf1dcd7d1481", "price_changes": [{"asset_id": "55525688743544646903925873519970646229929512568670787069179430303507716488588", "price": "0.08", "size": "3102.22", "side": "BUY", "hash": "97df0baa094b81d44eef125bd35c7b6bc75c0ff9", "best_bid": "0.8", "best_ask": "0.81"}, {"asset_id": "62431806276539591033590335100897678655126372979579504591646273319200453103179", "price": "0.92", "size": "3102.22", "side": "SELL", "hash": "bf5a85bef859827727db7ce8513c20b36ad4ce4d", "best_bid": "0.19", "best_ask": "0.2"}], "timestamp": "1769384094904", "event_type": "price_change"}}
{"_local_timestamp": "2026-01-25T23:34:55.009408+00:00", "data": {"market": "0x308d63caa82cbea1724ef5f553cc58746b4961a249f532bcd348bf1dcd7d1481", "price_changes": [{"asset_id": "55525688743544646903925873519970646229929512568670787069179430303507716488588", "price": "0.08", "size": "4372.32", "side": "BUY", "hash": "0dc2013dc073557daeaefba41129e2ece07449d0", "best_bid": "0.8", "best_ask": "0.81"}, {"asset_id": "62431806276539591033590335100897678655126372979579504591646273319200453103179", "price": "0.92", "size": "4372.32", "side": "SELL", "hash": "ba51a69e9f7b9e498dc0ad01e3bdb9166205fbb5", "best_bid": "0.19", "best_ask": "0.2"}], "timestamp": "1769384094905", "event_type": "price_change"}}
{"_local_timestamp": "2026-01-25T23:34:56.225735+00:00", "data": {"market": "0x308d63caa82cbea1724ef5f553cc58746b4961a249f532bcd348bf1dcd7d1481", "price_changes": [{"asset_id": "55525688743544646903925873519970646229929512568670787069179430303507716488588", "price": "0.75", "size": "0", "side": "BUY", "hash": "f77319c78ba07a82f680335b896b93e6c6c98c90", "best_bid": "0.8", "best_ask": "0.81"}, {"asset_id": "62431806276539591033590335100897678655126372979579504591646273319200453103179", "price": "0.25", "size": "0", "side": "SELL", "hash": "560da7ccafe82132c54b6895ba94756c2fcdd1e9", "best_bid": "0.19", "best_ask": "0.2"}], "timestamp": "1769384096113", "event_type": "price_change"}}
{"_local_timestamp": "2026-01-25T23:34:56.226483+00:00", "data": {"market": "0x308d63caa82cbea1724ef5f553cc58746b4961a249f532bcd348bf1dcd7d1481", "price_changes": [{"asset_id": "55525688743544646903925873519970646229929512568670787069179430303507716488588", "price": "0.62", "size": "50", "side": "BUY", "hash": "f77319c78ba07a82f680335b896b93e6c6c98c90", "best_bid": "0.8", "best_ask": "0.81"}, {"asset_id": "62431806276539591033590335100897678655126372979579504591646273319200453103179", "price": "0.38", "size": "50", "side": "SELL", "hash": "560da7ccafe82132c54b6895ba94756c2fcdd1e9", "best_bid": "0.19", "best_ask": "0.2"}], "timestamp": "1769384096113", "event_type": "price_change"}}
{"_local_timestamp": "2026-01-25T23:34:56.228820+00:00", "data": {"market": "0x308d63caa82cbea1724ef5f553cc58746b4961a249f532bcd348bf1dcd7d1481", "price_changes": [{"asset_id": "55525688743544646903925873519970646229929512568670787069179430303507716488588", "price": "0.15", "size": "12", "side": "BUY", "hash": "34d4b6aca4f7188ecd660a21a78e562b03220a53", "best_bid": "0.8", "best_ask": "0.81"}, {"asset_id": "62431806276539591033590335100897678655126372979579504591646273319200453103179", "price": "0.85", "size": "12", "side": "SELL", "hash": "d3ca4e7bd1ab5d89dab59d1f452c6d235bf82e35", "best_bid": "0.19", "best_ask": "0.2"}], "timestamp": "1769384096116", "event_type": "price_change"}}
{"_local_timestamp": "2026-01-25T23:34:56.232545+00:00", "data": {"market": "0x308d63caa82cbea1724ef5f553cc58746b4961a249f532bcd348bf1dcd7d1481", "price_changes": [{"asset_id": "55525688743544646903925873519970646229929512568670787069179430303507716488588", "price": "0.09", "size": "162", "side": "BUY", "hash": "08c9e3c53629768da4743d1dc31311aa642e98ed", "best_bid": "0.8", "best_ask": "0.81"}, {"asset_id": "62431806276539591033590335100897678655126372979579504591646273319200453103179", "price": "0.91", "size": "162", "side": "SELL", "hash": "d7756b1e656829d4f454d98d8a4c8b831c22a398", "best_bid": "0.19", "best_ask": "0.2"}], "timestamp": "1769384096117", "event_type": "price_change"}}
{"_local_timestamp": "2026-01-25T23:34:56.233209+00:00", "data": {"market": "0x308d63caa82cbea1724ef5f553cc58746b4961a249f532bcd348bf1dcd7d1481", "price_changes": [{"asset_id": "55525688743544646903925873519970646229929512568670787069179430303507716488588", "price": "0.12", "size": "73", "side": "BUY", "hash": "24a474caeddd703d919418ee21e2004515b5e07c", "best_bid": "0.8", "best_ask": "0.81"}, {"asset_id": "62431806276539591033590335100897678655126372979579504591646273319200453103179", "price": "0.88", "size": "73", "side": "SELL", "hash": "3113824e8eb434a66277568021f6d007f332e087", "best_bid": "0.19", "best_ask": "0.2"}], "timestamp": "1769384096118", "event_type": "price_change"}}
{"_local_timestamp": "2026-01-25T23:34:56.666066+00:00", "data": {"market": "0x308d63caa82cbea1724ef5f553cc58746b4961a249f532bcd348bf1dcd7d1481", "price_changes": [{"asset_id": "55525688743544646903925873519970646229929512568670787069179430303507716488588", "price": "0.08", "size": "4272.32", "side": "BUY", "hash": "29e12022704fd0cab92fecb7e2404b8a35c5be22", "best_bid": "0.8", "best_ask": "0.81"}, {"asset_id": "62431806276539591033590335100897678655126372979579504591646273319200453103179", "price": "0.92", "size": "4272.32", "side": "SELL", "hash": "90d1a96cf9da9cb800812d07c486723f9931cb9e", "best_bid": "0.19", "best_ask": "0.2"}], "timestamp": "1769384096590", "event_type": "price_change"}}
{"_local_timestamp": "2026-01-25T23:34:56.914890+00:00", "data": {"market": "0x308d63caa82cbea1724ef5f553cc58746b4961a249f532bcd348bf1dcd7d1481", "price_changes": [{"asset_id": "55525688743544646903925873519970646229929512568670787069179430303507716488588", "price": "0.11", "size": "605.71", "side": "BUY", "hash": "0a037ea2d2fac446e1bd9ae363c23141a1edeaa5", "best_bid": "0.8", "best_ask": "0.81"}, {"asset_id": "62431806276539591033590335100897678655126372979579504591646273319200453103179", "price": "0.89", "size": "605.71", "side": "SELL", "hash": "0cb8955c6d534c19a60f20c1b877af672debf1a0", "best_bid": "0.19", "best_ask": "0.2"}], "timestamp": "1769384096845", "event_type": "price_change"}}
{"_local_timestamp": "2026-01-25T23:34:58.152722+00:00", "data": {"market": "0x308d63caa82cbea1724ef5f553cc58746b4961a249f532bcd348bf1dcd7d1481", "price_changes": [{"asset_id": "62431806276539591033590335100897678655126372979579504591646273319200453103179", "price": "0.14", "size": "100", "side": "BUY", "hash": "fabb7f0980ec4e4241e79b0875c0d844a50ecb14", "best_bid": "0.19", "best_ask": "0.2"}, {"asset_id": "55525688743544646903925873519970646229929512568670787069179430303507716488588", "price": "0.86", "size": "100", "side": "SELL", "hash": "094fe00c7fc294f702f902109ee354b30804ae54", "best_bid": "0.8", "best_ask": "0.81"}], "timestamp": "1769384098084", "event_type": "price_change"}}
{"_local_timestamp": "2026-01-25T23:34:58.153449+00:00", "data": {"market": "0x308d63caa82cbea1724ef5f553cc58746b4961a249f532bcd348bf1dcd7d1481", "price_changes": [{"asset_id": "62431806276539591033590335100897678655126372979579504591646273319200453103179", "price": "0.04", "size": "15.7", "side": "BUY", "hash": "fabb7f0980ec4e4241e79b0875c0d844a50ecb14", "best_bid": "0.19", "best_ask": "0.2"}, {"asset_id": "55525688743544646903925873519970646229929512568670787069179430303507716488588", "price": "0.96", "size": "15.7", "side": "SELL", "hash": "094fe00c7fc294f702f902109ee354b30804ae54", "best_bid": "0.8", "best_ask": "0.81"}], "timestamp": "1769384098084", "event_type": "price_change"}}
{"_local_timestamp": "2026-01-25T23:34:58.197494+00:00", "data": {"market": "0x308d63caa82cbea1724ef5f553cc58746b4961a249f532bcd348bf1dcd7d1481", "price_changes": [{"asset_id": "55525688743544646903925873519970646229929512568670787069179430303507716488588", "price": "0.12", "size": "963.11", "side": "BUY", "hash": "8a56232103e63d230d33a9f7f4a4baa44bc306b3", "best_bid": "0.8", "best_ask": "0.81"}, {"asset_id": "62431806276539591033590335100897678655126372979579504591646273319200453103179", "price": "0.88", "size": "963.11", "side": "SELL", "hash": "e86809106ef3fa664519888b5127b44de3dd8e37", "best_bid": "0.19", "best_ask": "0.2"}], "timestamp": "1769384098127", "event_type": "price_change"}}
{"_local_timestamp": "2026-01-25T23:34:58.199222+00:00", "data": {"market": "0x308d63caa82cbea1724ef5f553cc58746b4961a249f532bcd348bf1dcd7d1481", "price_changes": [{"asset_id": "55525688743544646903925873519970646229929512568670787069179430303507716488588", "price": "0.12", "size": "2233.21", "side": "BUY", "hash": "064f84ac2f195bf3bc6e916faed71909aa93c872", "best_bid": "0.8", "best_ask": "0.81"}, {"asset_id": "62431806276539591033590335100897678655126372979579504591646273319200453103179", "price": "0.88", "size": "2233.21", "side": "SELL", "hash": "cf257d4b2e6359461e136fd0048b1cf16a6e37fe", "best_bid": "0.19", "best_ask": "0.2"}], "timestamp": "1769384098128", "event_type": "price_change"}}
{"_local_timestamp": "2026-01-25T23:34:58.199945+00:00", "data": {"market": "0x308d63caa82cbea1724ef5f553cc58746b4961a249f532bcd348bf1dcd7d1481", "price_changes": [{"asset_id": "55525688743544646903925873519970646229929512568670787069179430303507716488588", "price": "0.12", "size": "4230.32", "side": "BUY", "hash": "59b7866eb4cba551dd47ad96b64e2784bb2a0405", "best_bid": "0.8", "best_ask": "0.81"}, {"asset_id": "62431806276539591033590335100897678655126372979579504591646273319200453103179", "price": "0.88", "size": "4230.32", "side": "SELL", "hash": "0b1de04001f834dcc04c0e94aea5442af4ac65d1", "best_bid": "0.19", "best_ask": "0.2"}], "timestamp": "1769384098129", "event_type": "price_change"}}
{"_local_timestamp": "2026-01-25T23:35:00.178800+00:00", "data": {"market": "0x308d63caa82cbea1724ef5f553cc58746b4961a249f532bcd348bf1dcd7d1481", "price_changes": [{"asset_id": "55525688743544646903925873519970646229929512568670787069179430303507716488588", "price": "0.15", "size": "0", "side": "BUY", "hash": "c02b42331874bdc8558288b91f1d87ef761c45c9", "best_bid": "0.8", "best_ask": "0.81"}, {"asset_id": "62431806276539591033590335100897678655126372979579504591646273319200453103179", "price": "0.85", "size": "0", "side": "SELL", "hash": "c2bc286a68fe97d851a2d6ee5d9071ce578f7142", "best_bid": "0.19", "best_ask": "0.2"}], "timestamp": "1769384100108", "event_type": "price_change"}}
{"_local_timestamp": "2026-01-25T23:35:00.179458+00:00", "data": {"market": "0x308d63caa82cbea1724ef5f553cc58746b4961a249f532bcd348bf1dcd7d1481", "price_changes": [{"asset_id": "55525688743544646903925873519970646229929512568670787069179430303507716488588", "price": "0.09", "size": "100", "side": "BUY", "hash": "c02b42331874bdc8558288b91f1d87ef761c45c9", "best_bid": "0.8", "best_ask": "0.81"}, {"asset_id": "62431806276539591033590335100897678655126372979579504591646273319200453103179", "price": "0.91", "size": "100", "side": "SELL", "hash": "c2bc286a68fe97d851a2d6ee5d9071ce578f7142", "best_bid": "0.19", "best_ask": "0.2"}], "timestamp": "1769384100108", "event_type": "price_change"}}
{"_local_timestamp": "2026-01-25T23:35:00.180028+00:00", "data": {"market": "0x308d63caa82cbea1724ef5f553cc58746b4961a249f532bcd348bf1dcd7d1481", "price_changes": [{"asset_id": "55525688743544646903925873519970646229929512568670787069179430303507716488588", "price": "0.12", "size": "4157.32", "side": "BUY", "hash": "c02b42331874bdc8558288b91f1d87ef761c45c9", "best_bid": "0.8", "best_ask": "0.81"}, {"asset_id": "62431806276539591033590335100897678655126372979579504591646273319200453103179", "price": "0.88", "size": "4157.32", "side": "SELL", "hash": "c2bc286a68fe97d851a2d6ee5d9071ce578f7142", "best_bid": "0.19", "best_ask": "0.2"}], "timestamp": "1769384100108", "event_type": "price_change"}}
{"_local_timestamp": "2026-01-25T23:35:00.180572+00:00", "data": {"market": "0x308d63caa82cbea1724ef5f553cc58746b4961a249f532bcd348bf1dcd7d1481", "price_changes": [{"asset_id": "55525688743544646903925873519970646229929512568670787069179430303507716488588", "price": "0.75", "size": "16", "side": "BUY", "hash": "136c598d659926e3aef5dcc3ab89304479faf4b8", "best_bid": "0.8", "best_ask": "0.81"}, {"asset_id": "62431806276539591033590335100897678655126372979579504591646273319200453103179", "price": "0.25", "size": "16", "side": "SELL", "hash": "6227087a43f866a43a702c59ea08fe1bcf0a467c", "best_bid": "0.19", "best_ask": "0.2"}], "timestamp": "1769384100113", "event_type": "price_change"}}
{"_local_timestamp": "2026-01-25T23:35:00.184610+00:00", "data": {"market": "0x308d63caa82cbea1724ef5f553cc58746b4961a249f532bcd348bf1dcd7d1481", "price_changes": [{"asset_id": "55525688743544646903925873519970646229929512568670787069179430303507716488588", "price": "0.62", "size": "181", "side": "BUY", "hash": "c73d2e4d8116d1539b29c012d34a44a87a101556", "best_bid": "0.8", "best_ask": "0.81"}, {"asset_id": "62431806276539591033590335100897678655126372979579504591646273319200453103179", "price": "0.38", "size": "181", "side": "SELL", "hash": "7c780bfe6f0b43952e15f700f35cf367ddf816da", "best_bid": "0.19", "best_ask": "0.2"}], "timestamp": "1769384100114", "event_type": "price_change"}}
{"_local_timestamp": "2026-01-25T23:35:00.190373+00:00", "data": {"market": "0x308d63caa82cbea1724ef5f553cc58746b4961a249f532bcd348bf1dcd7d1481", "price_changes": [{"asset_id": "62431806276539591033590335100897678655126372979579504591646273319200453103179", "price": "0.04", "size": "47.7", "side": "BUY", "hash": "a00469c17780abdfc4c623b7cf24e0373b3b270c", "best_bid": "0.19", "best_ask": "0.2"}, {"asset_id": "55525688743544646903925873519970646229929512568670787069179430303507716488588", "price": "0.96", "size": "47.7", "side": "SELL", "hash": "0eebaf3e186c1d247a9486a878ef3bd5fd6c681f", "best_bid": "0.8", "best_ask": "0.81"}], "timestamp": "1769384100115", "event_type": "price_change"}}
