{"_local_timestamp": "2026-01-25T23:34:23.567864+00:00", "data": [{"market": "0x0f9aaaec8a168785b198ed38a470672372bc2f0e8b165eec8a4d7e306a5d6aea", "asset_id": "84172757973161854901127098511682020706792435147046363618709407090790638587287", "timestamp": "1769383979311", "hash": "7a2d66fbca823a612d94b4183fc468ec6392d7e7", "bids": [{"price": "0.01", "size": "194.79"}, {"price": "0.02", "size": "97.03"}, {"price": "0.03", "size": "12.74"}, {"price": "0.04", "size": "5.47"}], "asks": [{"price": "0.99", "size": "202.04"}, {"price": "0.98", "size": "117.48"}, {"price": "0.97", "size": "18.99"}, {"price": "0.96", "size": "29.99"}], "event_type": "book", "last_trade_price": ""}, {"market": "0x0e8f0f6ec97d84f955d086e2151cd547234851dfeb5b70186e41582f2fb46d2a", "asset_id": "55626937103912944957584934144448518454921399092662320593380981461276659378147", "timestamp": "1769383974322", "hash": "ccbd61b87aef30fd98ba0d5de33cc01b50bbe823", "bids": [{"price": "0.01", "size": "11341.33"}, {"price": "0.02", "size": "26.15"}, {"price": "0.05", "size": "250"}, {"price": "0.06", "size": "172.48"}], "asks": [{"price": "0.99", "size": "11339.62"}, {"price": "0.97", "size": "28.97"}, {"price": "0.96", "size": "14.47"}, {"price": "0.75", "size": "50"}], "event_type": "book", "last_trade_price": ""}, {"market": "0x1bf3dca806b48e6c65ba7b38fff9f568c33dbf60611df3ea4fbde24454cf050f", "asset_id": "111886880087883034221503431131271142312415866781216586495742062194862123179789", "timestamp": "1769383985524", "hash": "79d42828dcacd2dc1f95fc20dcf6b8b3344ff0cb", "bids": [{"price": "0.01", "size": "10449.88"}, {"price": "0.02", "size": "43.27"}, {"price": "0.07", "size": "1145.58"}, {"price": "0.08", "size": "890.11"}], "asks": [{"price": "0.99", "size": "11348.58"}, {"price": "0.98", "size": "20.46"}, {"price": "0.97", "size": "1140.11"}, {"price": "0.96", "size": "6928.46"}], "event_type": "book", "last_trade_price": ""}, {"market": "0xdc032e708b7c4ff9a5caa4733efc441b6c02f6d730aadf754007fff6b570663d", "asset_id": "109445507592458717500255482149136939805249576186750844907724778944047446437784", "timestamp": "1769383981552", "hash": "a41e74868c4f9e114485d680b691f720cc0acfc6", "bids": [{"price": "0.01", "size": "10455.24"}, {"price": "0.02", "size": "25.56"}, {"price": "0.04", "size": "1140.11"}, {"price": "0.05", "size": "896.12"}], "asks": [{"price": "0.99", "size": "10451.22"}, {"price": "0.98", "size": "42.6"}, {"price": "0.94", "size": "1140.11"}, {"price": "0.93", "size": "895.58"}], "event_type": "book", "last_trade_price": ""}, {"market": "0xa31143f31442601a0fa88cda485d229e6bde50dfff32f51f1701802b7da55f6a", "asset_id": "6869489893414014525106374599712219310625615419860711537421744971148405154519", "timestamp": "1769383983648", "hash": "0c288e298c116a33e45f13ba1946661a7ad94e47", "bids": [{"price": "0.01", "size": "11294.33"}, {"price": "0.02", "size": "932.71"}, {"price": "0.03", "size": "4157.32"}, {"price": "0.06", "size": "1140.11"}, {"price": "0.07", "size": "895.58"}], "asks": [{"price": "0.99", "size": "11294.33"}, {"price": "0.98", "size": "916.26"}, {"price": "0.95", "size": "1140.11"}, {"price": "0.94", "size": "895.59"}], "event_type": "book", "last_trade_price": ""}, {"market": "0x0f9aaaec8a168785b198ed38a470672372bc2f0e8b165eec8a4d7e306a5d6aea", "asset_id": "13220688650625762376931802299063126686564462716465286969557328498037207017369", "timestamp": "1769383979311", "hash": "69d1abf1ec3c285a5e2b028fe28ee97ea5126855", "bids": [{"price": "0.01", "size": "202.04"}, {"price": "0.02", "size": "117.48"}, {"price": "0.03", "size": "18.99"}, {"price": "0.04", "size": "29.99"}], "asks": [{"price": "0.99", "size": "194.79"}, {"price": "0.98", "size": "97.03"}, {"price": "0.97", "size": "12.74"}, {"price": "0.96", "size": "5.47"}], "event_type": "book", "last_trade_price": ""}, {"market": "0x0e8f0f6ec97d84f955d086e2151cd547234851dfeb5b70186e41582f2fb46d2a", "asset_id": "113446129310585499713304969318176067179186866753958691787461355607025640935429", "timestamp": "1769383974322", "hash": "53f20853eff35dd7e00f7a9de3eaca68977ecf30", "bids": [{"price": "0.01", "size": "11339.62"}, {"price": "0.03", "size": "28.97"}, {"price": "0.04", "size": "14.47"}, {"price": "0.25", "size": "50"}], "asks": [{"price": "0.99", "size": "11341.33"}, {"price": "0.98", "size": "26.15"}, {"price": "0.95", "size": "250"}, {"price": "0.94", "size": "172.48"}], "event_type": "book", "last_trade_price": ""}, {"market": "0xa31143f31442601a0fa88cda485d229e6bde50dfff32f51f1701802b7da55f6a", "asset_id": "77904926596311548223587441208726155398773404792776510887319504123756233186326", "timestamp": "1769383983648", "hash": "f3fa62d5b0221bdaf10891ba78562e7cb8097ac4", "bids": [{"price": "0.01", "size": "11294.33"}, {"price": "0.02", "size": "916.26"}, {"price": "0.05", "size": "1140.11"}, {"price": "0.06", "size": "895.59"}], "asks": [{"price": "0.99", "size": "11294.33"}, {"price": "0.98", "size": "932.71"}, {"price": "0.97", "size": "4157.32"}, {"price": "0.94", "size": "1140.11"}, {"price": "0.93", "size": "895.58"}], "event_type": "book", "last_trade_price": ""}, {"market": "0xdc032e708b7c4ff9a5caa4733efc441b6c02f6d730aadf754007fff6b570663d", "asset_id": "108185447464482416728718155801101380901177372868932603437718087983911160195616", "timestamp": "1769383981552", "hash": "4f10efa779dc52db81f4588157a55798a00ca0d3", "bids": [{"price": "0.01", "size": "10451.22"}, {"price": "0.02", "size": "42.6"}, {"price": "0.06", "size": "1140.11"}, {"price": "0.07", "size": "895.58"}], "asks": [{"price": "0.99", "size": "10455.24"}, {"price": "0.98", "size": "25.56"}, {"price": "0.96", "size": "1140.11"}, {"price": "0.95", "size": "896.12"}], "event_type": "book", "last_trade_price": ""}, {"market": "0x1bf3dca806b48e6c65ba7b38fff9f568c33dbf60611df3ea4fbde24454cf050f", "asset_id": "46632629403724485392499288591310137324181231480791004257137516408791272858220", "timestamp": "1769383985524", "hash": "7d6031dc1b0552a54bce0e27e2c72e62503f42d5", "bids": [{"price": "0.01", "size": "11348.58"}, {"price": "0.02", "size": "20.46"}, {"price": "0.03", "size": "1140.11"}, {"price": "0.04", "size": "6928.46"}], "asks": [{"price": "0.99", "size": "10449.88"}, {"price": "0.98", "size": "43.27"}, {"price": "0.93", "size": "1145.58"}, {"price": "0.92", "size": "890.11"}], "event_type": "book", "last_trade_price": ""}]}
{"_local_timestamp": "2026-01-25T23:34:35.859564+00:00", "data": {"market": "0x0f9aaaec8a168785b198ed38a470672372bc2f0e8b165eec8a4d7e306a5d6aea", "price_changes": [{"asset_id": "84172757973161854901127098511682020706792435147046363618709407090790638587287", "price": "0.05", "size": "23.99", "side": "BUY", "hash": "9c7a893125ddac52b5f5811fc12f2b7d3dc0b84a", "best_bid": "0.05", "best_ask": "0.96"}, {"asset_id": "13220688650625762376931802299063126686564462716465286969557328498037207017369", "price": "0.95", "size": "23.99", "side": "SELL", "hash": "ecae7aa2f5290c8665a109610f97498be437a9d6", "best_bid": "0.04", "best_ask": "0.95"}], "timestamp": "1769384075783", "event_type": "price_change"}}
{"_local_timestamp": "2026-01-25T23:34:39.011600+00:00", "data": {"market": "0x0f9aaaec8a168785b198ed38a470672372bc2f0e8b165eec8a4d7e306a5d6aea", "price_changes": [{"asset_id": "84172757973161854901127098511682020706792435147046363618709407090790638587287", "price": "0.04", "size": "0", "side": "BUY", "hash": "a33aa4eff7bb6d739d715b7eae5473b0287f315f", "best_bid": "0.05", "best_ask": "0.96"}, {"asset_id": "13220688650625762376931802299063126686564462716465286969557328498037207017369", "price": "0.96", "size": "0", "side": "SELL", "hash": "0cc994c732a1eb534e05e43876bab3f2336594b7", "best_bid": "0.04", "best_ask": "0.95"}], "timestamp": "1769384078926", "event_type": "price_change"}}
{"_local_timestamp": "2026-01-25T23:34:39.435760+00:00", "data": {"market": "0x0f9aaaec8a168785b198ed38a470672372bc2f0e8b165eec8a4d7e306a5d6aea", "price_changes": [{"asset_id": "84172757973161854901127098511682020706792435147046363618709407090790638587287", "price": "0.06", "size": "5.47", "side": "BUY", "hash": "d4ce46c0e5bd54c410005c79806163238f5dca74", "best_bid": "0.06", "best_ask": "0.96"}, {"asset_id": "13220688650625762376931802299063126686564462716465286969557328498037207017369", "price": "0.94", "size": "5.47", "side": "SELL", "hash": "1234f2d37f01c7dc2be469e2cf7aeeddaa35ae96", "best_bid": "0.04", "best_ask": "0.94"}], "timestamp": "1769384079315", "event_type": "price_change"}}
