{"_local_timestamp": "2026-01-25T23:41:29.060975+00:00", "data": [{"market": "0xcf3bdf479e31addf0d920776325a8759c37e977d8ccd16d84bb8a7c9b319f5b4", "asset_id": "79800804285394431406313674956566735663577258418418362056340026872565628701860", "timestamp": "1769384488124", "hash": "58ea6c9202770b40c3f568f13053e0ac4555b7c3", "bids": [{"price": "0.01", "size": "8389.4"}, {"price": "0.02", "size": "1800"}, {"price": "0.03", "size": "9.19"}, {"price": "0.07", "size": "1500"}, {"price": "0.08", "size": "4157.32"}, {"price": "0.09", "size": "300"}, {"price": "0.15", "size": "300"}, {"price": "0.17", "size": "1090.11"}, {"price": "0.18", "size": "890.11"}, {"price": "0.19", "size": "125"}, {"price": "0.2", "size": "75"}, {"price": "0.24", "size": "10"}, {"price": "0.33", "size": "50"}, {"price": "0.37", "size": "150"}, {"price": "0.38", "size": "31"}], "asks": [{"price": "0.99", "size": "8789.27"}, {"price": "0.98", "size": "1800"}, {"price": "0.97", "size": "9.51"}, {"price": "0.93", "size": "1500"}, {"price": "0.92", "size": "4564.98"}, {"price": "0.88", "size": "300"}, {"price": "0.87", "size": "4157.32"}, {"price": "0.86", "size": "200"}, {"price": "0.78", "size": "300"}, {"price": "0.76", "size": "1090.11"}, {"price": "0.75", "size": "890.11"}, {"price": "0.74", "size": "125"}, {"price": "0.73", "size": "62"}, {"price": "0.72", "size": "75"}, {"price": "0.5", "size": "10"}, {"price": "0.48", "size": "50"}, {"price": "0.46", "size": "169"}], "event_type": "book", "last_trade_price": "0.540"}, {"market": "0xcf3bdf479e31addf0d920776325a8759c37e977d8ccd16d84bb8a7c9b319f5b4", "asset_id": "19423897484252245381031724860563835455358662770351298411785241621776824540110", "timestamp": "1769384488124", "hash": "79773f97a11775c38810c265f495487e4409446f", "bids": [{"price": "0.01", "size": "8789.27"}, {"price": "0.02", "size": "1800"}, {"price": "0.03", "size": "9.51"}, {"price": "0.07", "size": "1500"}, {"price": "0.08", "size": "4564.98"}, {"price": "0.12", "size": "300"}, {"price": "0.13", "size": "4157.32"}, {"price": "0.14", "size": "200"}, {"price": "0.22", "size": "300"}, {"price": "0.24", "size": "1090.11"}, {"price": "0.25", "size": "890.11"}, {"price": "0.26", "size": "125"}, {"price": "0.27", "size": "62"}, {"price": "0.28", "size": "75"}, {"price": "0.5", "size": "10"}, {"price": "0.52", "size": "50"}, {"price": "0.54", "size": "169"}], "asks": [{"price": "0.99", "size": "8389.4"}, {"price": "0.98", "size": "1800"}, {"price": "0.97", "size": "9.19"}, {"price": "0.93", "size": "1500"}, {"price": "0.92", "size": "4157.32"}, {"price": "0.91", "size": "300"}, {"price": "0.85", "size": "300"}, {"price": "0.83", "size": "1090.11"}, {"price": "0.82", "size": "890.11"}, {"price": "0.81", "size": "125"}, {"price": "0.8", "size": "75"}, {"price": "0.76", "size": "10"}, {"price": "0.67", "size": "50"}, {"price": "0.63", "size": "150"}, {"price": "0.62", "size": "31"}], "event_type": "book", "last_trade_price": "0.540"}]}
{"_local_timestamp": "2026-01-25T23:41:33.499430+00:00", "data": {"market": "0xcf3bdf479e31addf0d920776325a8759c37e977d8ccd16d84bb8a7c9b319f5b4", "price_changes": [{"asset_id": "19423897484252245381031724860563835455358662770351298411785241621776824540110", "price": "0.12", "size": "200", "side": "BUY", "hash": "7476c736fea69bc276c0d999077a1b699c7c5530", "best_bid": "0.54", "best_ask": "0.62"}, {"asset_id": "79800804285394431406313674956566735663577258418418362056340026872565628701860", "price": "0.88", "size": "200", "side": "SELL", "hash": "bd20ff18a6b2ac38c1932d0e481680e611e98d5f", "best_bid": "0.38", "best_ask": "0.46"}], "timestamp": "1769384493419", "event_type": "price_change"}}
{"_local_timestamp": "2026-01-25T23:41:33.576191+00:00", "data": {"market": "0xcf3bdf479e31addf0d920776325a8759c37e977d8ccd16d84bb8a7c9b319f5b4", "price_changes": [{"asset_id": "19423897484252245381031724860563835455358662770351298411785241621776824540110", "price": "0.13", "size": "0", "side": "BUY", "hash": "17275409fdf3a5186ea6de215731ed9f8484ba99", "best_bid": "0.54", "best_ask": "0.62"}, {"asset_id": "79800804285394431406313674956566735663577258418418362056340026872565628701860", "price": "0.87", "size": "0", "side": "SELL", "hash": "1452807da67f069076e62fcdd590937506eb8582", "best_bid": "0.38", "best_ask": "0.46"}], "timestamp": "1769384493478", "event_type": "price_change"}}
{"_local_timestamp": "2026-01-25T23:41:33.676300+00:00", "data": {"market": "0xcf3bdf479e31addf0d920776325a8759c37e977d8ccd16d84bb8a7c9b319f5b4", "price_changes": [{"asset_id": "19423897484252245381031724860563835455358662770351298411785241621776824540110", "price": "0.08", "size": "4557.32", "side": "BUY", "hash": "338cffa0626898ed116ac144fd004ad379464966", "best_bid": "0.54", "best_ask": "0.62"}, {"asset_id": "79800804285394431406313674956566735663577258418418362056340026872565628701860", "price": "0.92", "size": "4557.32", "side": "SELL", "hash": "dc6213af7ca3cf0ddcdbedf28ea35ce816e46fca", "best_bid": "0.38", "best_ask": "0.46"}], "timestamp": "1769384493601", "event_type": "price_change"}}
{"_local_timestamp": "2026-01-25T23:41:33.797071+00:00", "data": {"market": "0xcf3bdf479e31addf0d920776325a8759c37e977d8ccd16d84bb8a7c9b319f5b4", "price_changes": [{"asset_id": "19423897484252245381031724860563835455358662770351298411785241621776824540110", "price": "0.13", "size": "100", "side": "BUY", "hash": "36574e60f2dbec72de16a8bd68fb6499aa232c61", "best_bid": "0.54", "best_ask": "0.62"}, {"asset_id": "79800804285394431406313674956566735663577258418418362056340026872565628701860", "price": "0.87", "size": "100", "side": "SELL", "hash": "6a5c5e26d7cb4bf95d82b072c8fd638e9e71ebe5", "best_bid": "0.38", "best_ask": "0.46"}], "timestamp": "1769384493716", "event_type": "price_change"}}
{"_local_timestamp": "2026-01-25T23:41:33.890757+00:00", "data": {"market": "0xcf3bdf479e31addf0d920776325a8759c37e977d8ccd16d84bb8a7c9b319f5b4", "price_changes": [{"asset_id": "19423897484252245381031724860563835455358662770351298411785241621776824540110", "price": "0.09", "size": "6.81", "side": "BUY", "hash": "ecd432482abd62686b194904979956d3b153ae2b", "best_bid": "0.54", "best_ask": "0.62"}, {"asset_id": "79800804285394431406313674956566735663577258418418362056340026872565628701860", "price": "0.91", "size": "6.81", "side": "SELL", "hash": "6c35830eee0f6135d1144b20b725e5990b88dfbf", "best_bid": "0.38", "best_ask": "0.46"}], "timestamp": "1769384493821", "event_type": "price_change"}}
{"_local_timestamp": "2026-01-25T23:41:42.455922+00:00", "data": {"market": "0xcf3bdf479e31addf0d920776325a8759c37e977d8ccd16d84bb8a7c9b319f5b4", "price_changes": [{"asset_id": "19423897484252245381031724860563835455358662770351298411785241621776824540110", "price": "0.12", "size": "100", "side": "BUY", "hash": "8b5c67da897f86823ea42ff62346e2f6db396684", "best_bid": "0.54", "best_ask": "0.62"}, {"asset_id": "79800804285394431406313674956566735663577258418418362056340026872565628701860", "price": "0.88", "size": "100", "side": "SELL", "hash": "627e81f6e17a46fd30b0d94fbd3894cd84535c05", "best_bid": "0.38", "best_ask": "0.46"}], "timestamp": "1769384502368", "event_type": "price_change"}}
{"_local_timestamp": "2026-01-25T23:41:42.749099+00:00", "data": {"market": "0xcf3bdf479e31addf0d920776325a8759c37e977d8ccd16d84bb8a7c9b319f5b4", "price_changes": [{"asset_id": "19423897484252245381031724860563835455358662770351298411785241621776824540110", "price": "0.13", "size": "200", "side": "BUY", "hash": "8d1f8f37bd58a56f582fdab9e791b5e7a19cd9cd", "best_bid": "0.54", "best_ask": "0.62"}, {"asset_id": "79800804285394431406313674956566735663577258418418362056340026872565628701860", "price": "0.87", "size": "200", "side": "SELL", "hash": "944ebcc17acc3e46a931289e09c6af6a6054d808", "best_bid": "0.38", "best_ask": "0.46"}], "timestamp": "1769384502658", "event_type": "price_change"}}
{"_local_timestamp": "2026-01-25T23:41:44.453978+00:00", "data": {"market": "0xcf3bdf479e31addf0d920776325a8759c37e977d8ccd16d84bb8a7c9b319f5b4", "price_changes": [{"asset_id": "19423897484252245381031724860563835455358662770351298411785241621776824540110", "price": "0.12", "size": "0", "side": "BUY", "hash": "661c74659c5cd841bb72da5626650042cefe592c", "best_bid": "0.54", "best_ask": "0.62"}, {"asset_id": "79800804285394431406313674956566735663577258418418362056340026872565628701860", "price": "0.88", "size": "0", "side": "SELL", "hash": "ad7a7e71686c5ba96d13f691221bc4e3d00618e6", "best_bid": "0.38", "best_ask": "0.46"}], "timestamp": "1769384504381", "event_type": "price_change"}}
{"_local_timestamp": "2026-01-25T23:41:44.769476+00:00", "data": {"market": "0xcf3bdf479e31addf0d920776325a8759c37e977d8ccd16d84bb8a7c9b319f5b4", "price_changes": [{"asset_id": "19423897484252245381031724860563835455358662770351298411785241621776824540110", "price": "0.13", "size": "300", "side": "BUY", "hash": "05b3c59acd83afe4875ef8c169571715ab4528af", "best_bid": "0.54", "best_ask": "0.62"}, {"asset_id": "79800804285394431406313674956566735663577258418418362056340026872565628701860", "price": "0.87", "size": "300", "side": "SELL", "hash": "8c1ee7d799431daee061f7893447811f714e241a", "best_bid": "0.38", "best_ask": "0.46"}], "timestamp": "1769384504696", "event_type": "price_change"}}
{"_local_timestamp": "2026-01-25T23:41:59.956437+00:00", "data": {"market": "0xcf3bdf479e31addf0d920776325a8759c37e977d8ccd16d84bb8a7c9b319f5b4", "price_changes": [{"asset_id": "19423897484252245381031724860563835455358662770351298411785241621776824540110", "price": "0.13", "size": "200", "side": "BUY", "hash": "b70bbfefb17d08797024e90f1331c5e93dfe639f", "best_bid": "0.54", "best_ask": "0.62"}, {"asset_id": "79800804285394431406313674956566735663577258418418362056340026872565628701860", "price": "0.87", "size": "200", "side": "SELL", "hash": "e7c948632b14c4d5f1c18638aa31a6838c43f881", "best_bid": "0.38", "best_ask": "0.46"}], "timestamp": "1769384519879", "event_type": "price_change"}}
{"_local_timestamp": "2026-01-25T23:42:00.236569+00:00", "data": {"market": "0xcf3bdf479e31addf0d920776325a8759c37e977d8ccd16d84bb8a7c9b319f5b4", "price_changes": [{"asset_id": "19423897484252245381031724860563835455358662770351298411785241621776824540110", "price": "0.08", "size": "4657.32", "side": "BUY", "hash": "6914e8f03033330c68dc121e411f3cf8f530b79c", "best_bid": "0.54", "best_ask": "0.62"}, {"asset_id": "79800804285394431406313674956566735663577258418418362056340026872565628701860", "price": "0.92", "size": "4657.32", "side": "SELL", "hash": "e618ac2b86ac7f889aad0b3a86c1f1c08e400d1c", "best_bid": "0.38", "best_ask": "0.46"}], "timestamp": "1769384520156", "event_type": "price_change"}}
{"_local_timestamp": "2026-01-25T23:42:10.137116+00:00", "data": {"market": "0xcf3bdf479e31addf0d920776325a8759c37e977d8ccd16d84bb8a7c9b319f5b4", "price_changes": [{"asset_id": "19423897484252245381031724860563835455358662770351298411785241621776824540110", "price": "0.13", "size": "100", "side": "BUY", "hash": "00163d6ee79187f663a4ba98c3cddc80439225a5", "best_bid": "0.54", "best_ask": "0.62"}, {"asset_id": "79800804285394431406313674956566735663577258418418362056340026872565628701860", "price": "0.87", "size": "100", "side": "SELL", "hash": "19a6983a0588882f0b84de2fbf6f0a454f07f35f", "best_bid": "0.38", "best_ask": "0.46"}], "timestamp": "1769384530031", "event_type": "price_change"}}
{"_local_timestamp": "2026-01-25T23:42:10.401086+00:00", "data": {"market": "0xcf3bdf479e31addf0d920776325a8759c37e977d8ccd16d84bb8a7c9b319f5b4", "price_changes": [{"asset_id": "19423897484252245381031724860563835455358662770351298411785241621776824540110", "price": "0.08", "size": "4757.32", "side": "BUY", "hash": "84480a563fde588c278f61c0a29345abe2256d7a", "best_bid": "0.54", "best_ask": "0.62"}, {"asset_id": "79800804285394431406313674956566735663577258418418362056340026872565628701860", "price": "0.92", "size": "4757.32", "side": "SELL", "hash": "6d9b3cdd0455c38d5eab83d86fd4109f807855c1", "best_bid": "0.38", "best_ask": "0.46"}], "timestamp": "1769384530334", "event_type": "price_change"}}
{"_local_timestamp": "2026-01-25T23:42:10.495119+00:00", "data": {"market": "0xcf3bdf479e31addf0d920776325a8759c37e977d8ccd16d84bb8a7c9b319f5b4", "price_changes": [{"asset_id": "19423897484252245381031724860563835455358662770351298411785241621776824540110", "price": "0.09", "size": "2003.92", "side": "BUY", "hash": "66fb90c15296cde628b64d3066abbc79af1be860", "best_bid": "0.54", "best_ask": "0.62"}, {"asset_id": "79800804285394431406313674956566735663577258418418362056340026872565628701860", "price": "0.91", "size": "2003.92", "side": "SELL", "hash": "ca9e7e29052d5ddd4ff0ae1a218c0c0e0da3e171", "best_bid": "0.38", "best_ask": "0.46"}], "timestamp": "1769384530416", "event_type": "price_change"}}
{"_local_timestamp": "2026-01-25T23:42:10.495988+00:00", "data": {"market": "0xcf3bdf479e31addf0d920776325a8759c37e977d8ccd16d84bb8a7c9b319f5b4", "price_changes": [{"asset_id": "19423897484252245381031724860563835455358662770351298411785241621776824540110", "price": "0.09", "size": "3274.02", "side": "BUY", "hash": "3a587865c871ef541a4d24af36e89b174f7e5848", "best_bid": "0.54", "best_ask": "0.62"}, {"asset_id": "79800804285394431406313674956566735663577258418418362056340026872565628701860", "price": "0.91", "size": "3274.02", "side": "SELL", "hash": "0b867e1e6ad7c5d4d6238c3d2cbfa4ebbab5196b", "best_bid": "0.38", "best_ask": "0.46"}], "timestamp": "1769384530417", "event_type": "price_change"}}
{"_local_timestamp": "2026-01-25T23:42:10.503445+00:00", "data": {"market": "0xcf3bdf479e31addf0d920776325a8759c37e977d8ccd16d84bb8a7c9b319f5b4", "price_changes": [{"asset_id": "19423897484252245381031724860563835455358662770351298411785241621776824540110", "price": "0.09", "size": "4164.13", "side": "BUY", "hash": "d26bc1e0169fc84ebeee7c4af1d739719ee9b3b9", "best_bid": "0.54", "best_ask": "0.62"}, {"asset_id": "79800804285394431406313674956566735663577258418418362056340026872565628701860", "price": "0.91", "size": "4164.13", "side": "SELL", "hash": "9602d1fb64057fe008bfe5e9b3ec6949f763fc25", "best_bid": "0.38", "best_ask": "0.46"}], "timestamp": "1769384530418", "event_type": "price_change"}}
{"_local_timestamp": "2026-01-25T23:42:13.599053+00:00", "data": {"market": "0xcf3bdf479e31addf0d920776325a8759c37e977d8ccd16d84bb8a7c9b319f5b4", "price_changes": [{"asset_id": "19423897484252245381031724860563835455358662770351298411785241621776824540110", "price": "0.13", "size": "0", "side": "BUY", "hash": "efa575d5c3037dae4126943a7e33fbcc221a0a8a", "best_bid": "0.54", "best_ask": "0.62"}, {"asset_id": "79800804285394431406313674956566735663577258418418362056340026872565628701860", "price": "0.87", "size": "0", "side": "SELL", "hash": "fa5b5b2f17dbab94e782b63a8f34a8b1b06eb1c9", "best_bid": "0.38", "best_ask": "0.46"}], "timestamp": "1769384533511", "event_type": "price_change"}}
{"_local_timestamp": "2026-01-25T23:42:13.644179+00:00", "data": {"market": "0xcf3bdf479e31addf0d920776325a8759c37e977d8ccd16d84bb8a7c9b319f5b4", "price_changes": [{"asset_id": "19423897484252245381031724860563835455358662770351298411785241621776824540110", "price": "0.08", "size": "600", "side": "BUY", "hash": "628f046db8f1c78599c5e0ec346ecf43966fe242", "best_bid": "0.54", "best_ask": "0.62"}, {"asset_id": "79800804285394431406313674956566735663577258418418362056340026872565628701860", "price": "0.92", "size": "600", "side": "SELL", "hash": "c52be68b56b8235ffc487ce8d0358bd9ff88e612", "best_bid": "0.38", "best_ask": "0.46"}], "timestamp": "1769384533574", "event_type": "price_change"}}
{"_local_timestamp": "2026-01-25T23:42:13.856934+00:00", "data": {"market": "0xcf3bdf479e31addf0d920776325a8759c37e977d8ccd16d84bb8a7c9b319f5b4", "price_changes": [{"asset_id": "19423897484252245381031724860563835455358662770351298411785241621776824540110", "price": "0.08", "size": "700", "side": "BUY", "hash": "904fa9854678671010940490eb0d1eb15875cf8c", "best_bid": "0.54", "best_ask": "0.62"}, {"asset_id": "79800804285394431406313674956566735663577258418418362056340026872565628701860", "price": "0.92", "size": "700", "side": "SELL", "hash": "ad316925b0e5c2bad0a374ff9923d3754b088f1d", "best_bid": "0.38", "best_ask": "0.46"}], "timestamp": "1769384533787", "event_type": "price_change"}}
{"_local_timestamp": "2026-01-25T23:42:34.046775+00:00", "data": {"market": "0xcf3bdf479e31addf0d920776325a8759c37e977d8ccd16d84bb8a7c9b319f5b4", "price_changes": [{"asset_id": "19423897484252245381031724860563835455358662770351298411785241621776824540110", "price": "0.08", "size": "300", "side": "BUY", "hash": "78ba73a5b2fd7b1f3904cae838f877e40a478cef", "best_bid": "0.54", "best_ask": "0.62"}, {"asset_id": "79800804285394431406313674956566735663577258418418362056340026872565628701860", "price": "0.92", "size": "300", "side": "SELL", "hash": "639fb6a7b487482199fa0507454a0793cd98fd0f", "best_bid": "0.38", "best_ask": "0.46"}], "timestamp": "1769384553930", "event_type": "price_change"}}
{"_local_timestamp": "2026-01-25T23:42:34.198518+00:00", "data": {"market": "0xcf3bdf479e31addf0d920776325a8759c37e977d8ccd16d84bb8a7c9b319f5b4", "price_changes": [{"asset_id": "19423897484252245381031724860563835455358662770351298411785241621776824540110", "price": "0.08", "size": "1570.1", "side": "BUY", "hash": "5d8aa19c6799c90d5396eba29298132b6c43416a", "best_bid": "0.54", "best_ask": "0.62"}, {"asset_id": "79800804285394431406313674956566735663577258418418362056340026872565628701860", "price": "0.92", "size": "1570.1", "side": "SELL", "hash": "27d53d7bf8e27d590b2869a09f0a015df7650ecb", "best_bid": "0.38", "best_ask": "0.46"}], "timestamp": "1769384554087", "event_type": "price_change"}}
{"_local_timestamp": "2026-01-25T23:42:34.207453+00:00", "data": {"market": "0xcf3bdf479e31addf0d920776325a8759c37e977d8ccd16d84bb8a7c9b319f5b4", "price_changes": [{"asset_id": "19423897484252245381031724860563835455358662770351298411785241621776824540110", "price": "0.08", "size": "3567.21", "side": "BUY", "hash": "a16fa606e3b61241de22b014aea19c0f69fd60da", "best_bid": "0.54", "best_ask": "0.62"}, {"asset_id": "79800804285394431406313674956566735663577258418418362056340026872565628701860", "price": "0.92", "size": "3567.21", "side": "SELL", "hash": "86661bb82c76c69f152af59499fce4bfbf5469ba", "best_bid": "0.38", "best_ask": "0.46"}], "timestamp": "1769384554088", "event_type": "price_change"}}
{"_local_timestamp": "2026-01-25T23:42:34.208280+00:00", "data": {"market": "0xcf3bdf479e31addf0d920776325a8759c37e977d8ccd16d84bb8a7c9b319f5b4", "price_changes": [{"asset_id": "19423897484252245381031724860563835455358662770351298411785241621776824540110", "price": "0.08", "size": "4457.32", "side": "BUY", "hash": "b465b586f8119c0813958972b822e4d43d09118e", "best_bid": "0.54", "best_ask": "0.62"}, {"asset_id": "79800804285394431406313674956566735663577258418418362056340026872565628701860", "price": "0.92", "size": "4457.32", "side": "SELL", "hash": "cac4ead7928b4a175379c5418dcfdeeabbb41660", "best_bid": "0.38", "best_ask": "0.46"}], "timestamp": "1769384554089", "event_type": "price_change"}}
{"_local_timestamp": "2026-01-25T23:42:34.322355+00:00", "data": {"market": "0xcf3bdf479e31addf0d920776325a8759c37e977d8ccd16d84bb8a7c9b319f5b4", "price_changes": [{"asset_id": "19423897484252245381031724860563835455358662770351298411785241621776824540110", "price": "0.09", "size": "4564.13", "side": "BUY", "hash": "f5c2a2287b06ec89af69e78686d4b1aa4b8d8a9c", "best_bid": "0.54", "best_ask": "0.62"}, {"asset_id": "79800804285394431406313674956566735663577258418418362056340026872565628701860", "price": "0.91", "size": "4564.13", "side": "SELL", "hash": "3b7cb1d5ebf02717900cd907709fc05d7e27522a", "best_bid": "0.38", "best_ask": "0.46"}], "timestamp": "1769384554203", "event_type": "price_change"}}
{"_local_timestamp": "2026-01-25T23:42:41.417965+00:00", "data": {"market": "0xcf3bdf479e31addf0d920776325a8759c37e977d8ccd16d84bb8a7c9b319f5b4", "price_changes": [{"asset_id": "19423897484252245381031724860563835455358662770351298411785241621776824540110", "price": "0.08", "size": "4357.32", "side": "BUY", "hash": "6cac8ebd474e00c09c0464735d540fd6a0def297", "best_bid": "0.54", "best_ask": "0.62"}, {"asset_id": "79800804285394431406313674956566735663577258418418362056340026872565628701860", "price": "0.92", "size": "4357.32", "side": "SELL", "hash": "11a272feb5f9e54ea97ee8ec65864d5f85085ca6", "best_bid": "0.38", "best_ask": "0.46"}], "timestamp": "1769384561295", "event_type": "price_change"}}
{"_local_timestamp": "2026-01-25T23:42:41.578540+00:00", "data": {"market": "0xcf3bdf479e31addf0d920776325a8759c37e977d8ccd16d84bb8a7c9b319f5b4", "price_changes": [{"asset_id": "19423897484252245381031724860563835455358662770351298411785241621776824540110", "price": "0.09", "size": "2403.92", "side": "BUY", "hash": "865518f9a2f691bdae55deb076952d6ddb120ea2", "best_bid": "0.54", "best_ask": "0.62"}, {"asset_id": "79800804285394431406313674956566735663577258418418362056340026872565628701860", "price": "0.91", "size": "2403.92", "side": "SELL", "hash": "96fb172f4346a6e4271519ceb3687477c15f44c4", "best_bid": "0.38", "best_ask": "0.46"}], "timestamp": "1769384561456", "event_type": "price_change"}}
{"_local_timestamp": "2026-01-25T23:42:41.674080+00:00", "data": {"market": "0xcf3bdf479e31addf0d920776325a8759c37e977d8ccd16d84bb8a7c9b319f5b4", "price_changes": [{"asset_id": "19423897484252245381031724860563835455358662770351298411785241621776824540110", "price": "0.09", "size": "406.81", "side": "BUY", "hash": "d62194dbd9565bb31dcd002353975ec7e8376c91", "best_bid": "0.54", "best_ask": "0.62"}, {"asset_id": "79800804285394431406313674956566735663577258418418362056340026872565628701860", "price": "0.91", "size": "406.81", "side": "SELL", "hash": "63265dcc2e2fcbcb322919687f137dff438d8b95", "best_bid": "0.38", "best_ask": "0.46"}], "timestamp": "1769384561545", "event_type": "price_change"}}
{"_local_timestamp": "2026-01-25T23:42:41.697444+00:00", "data": {"market": "0xcf3bdf479e31addf0d920776325a8759c37e977d8ccd16d84bb8a7c9b319f5b4", "price_changes": [{"asset_id": "19423897484252245381031724860563835455358662770351298411785241621776824540110", "price": "0.1", "size": "890.11", "side": "BUY", "hash": "41957bbca9069f2ae1c37034527a363ce2bf3eeb", "best_bid": "0.54", "best_ask": "0.62"}, {"asset_id": "79800804285394431406313674956566735663577258418418362056340026872565628701860", "price": "0.9", "size": "890.11", "side": "SELL", "hash": "cf199d0b2323eae3ae3d16ca8bf389f8f4d3bf79", "best_bid": "0.38", "best_ask": "0.46"}], "timestamp": "1769384561573", "event_type": "price_change"}}
{"_local_timestamp": "2026-01-25T23:42:41.698264+00:00", "data": {"market": "0xcf3bdf479e31addf0d920776325a8759c37e977d8ccd16d84bb8a7c9b319f5b4", "price_changes": [{"asset_id": "19423897484252245381031724860563835455358662770351298411785241621776824540110", "price": "0.1", "size": "2887.22", "side": "BUY", "hash": "1486c8c6a0e743583dc7d0668b5cb48d9e535337", "best_bid": "0.54", "best_ask": "0.62"}, {"asset_id": "79800804285394431406313674956566735663577258418418362056340026872565628701860", "price": "0.9", "size": "2887.22", "side": "SELL", "hash": "4ffe88a4b8ab11ab67e7e2acd6a31ded6f98bcb4", "best_bid": "0.38", "best_ask": "0.46"}], "timestamp": "1769384561574", "event_type": "price_change"}}
{"_local_timestamp": "2026-01-25T23:42:41.698976+00:00", "data": {"market": "0xcf3bdf479e31addf0d920776325a8759c37e977d8ccd16d84bb8a7c9b319f5b4", "price_changes": [{"asset_id": "19423897484252245381031724860563835455358662770351298411785241621776824540110", "price": "0.1", "size": "4157.32", "side": "BUY", "hash": "57a320ef8cb592b84b89a8fe3434ca17335611b3", "best_bid": "0.54", "best_ask": "0.62"}, {"asset_id": "79800804285394431406313674956566735663577258418418362056340026872565628701860", "price": "0.9", "size": "4157.32", "side": "SELL", "hash": "8150289de2ca6a3f7bcaca965c3ed5e54d1e6a4c", "best_bid": "0.38", "best_ask": "0.46"}], "timestamp": "1769384561574", "event_type": "price_change"}}
{"_local_timestamp": "2026-01-25T23:42:41.760608+00:00", "data": {"market": "0xcf3bdf479e31addf0d920776325a8759c37e977d8ccd16d84bb8a7c9b319f5b4", "price_changes": [{"asset_id": "19423897484252245381031724860563835455358662770351298411785241621776824540110", "price": "0.09", "size": "506.81", "side": "BUY", "hash": "c561055cebe4f6081de5302017480d34d80c0744", "best_bid": "0.54", "best_ask": "0.62"}, {"asset_id": "79800804285394431406313674956566735663577258418418362056340026872565628701860", "price": "0.91", "size": "506.81", "side": "SELL", "hash": "0ec360916931c0701dbdc4bb1254fa8fdfb5d580", "best_bid": "0.38", "best_ask": "0.46"}], "timestamp": "1769384561626", "event_type": "price_change"}}
{"_local_timestamp": "2026-01-25T23:42:42.861475+00:00", "data": {"market": "0xcf3bdf479e31addf0d920776325a8759c37e977d8ccd16d84bb8a7c9b319f5b4", "price_changes": [{"asset_id": "19423897484252245381031724860563835455358662770351298411785241621776824540110", "price": "0.08", "size": "4257.32", "side": "BUY", "hash": "cfd603e5abc61f6dbdb5dddf332b2aace148a9ca", "best_bid": "0.54", "best_ask": "0.62"}, {"asset_id": "79800804285394431406313674956566735663577258418418362056340026872565628701860", "price": "0.92", "size": "4257.32", "side": "SELL", "hash": "7b9c87af7b61118738ec4f6791621f9887c4946f", "best_bid": "0.38", "best_ask": "0.46"}], "timestamp": "1769384562745", "event_type": "price_change"}}
{"_local_timestamp": "2026-01-25T23:42:43.164736+00:00", "data": {"market": "0xcf3bdf479e31addf0d920776325a8759c37e977d8ccd16d84bb8a7c9b319f5b4", "price_changes": [{"asset_id": "19423897484252245381031724860563835455358662770351298411785241621776824540110", "price": "0.09", "size": "606.81", "side": "BUY", "hash": "367e1e06518e148784693fd038b557c06b40997b", "best_bid": "0.54", "best_ask": "0.62"}, {"asset_id": "79800804285394431406313674956566735663577258418418362056340026872565628701860", "price": "0.91", "size": "606.81", "side": "SELL", "hash": "2b676aa8ed8b567fed6fdeb5fbf633cd466c5183", "best_bid": "0.38", "best_ask": "0.46"}], "timestamp": "1769384563037", "event_type": "price_change"}}
{"_local_timestamp": "2026-01-25T23:42:49.441029+00:00", "data": {"market": "0xcf3bdf479e31addf0d920776325a8759c37e977d8ccd16d84bb8a7c9b319f5b4", "price_changes": [{"asset_id": "19423897484252245381031724860563835455358662770351298411785241621776824540110", "price": "0.08", "size": "4157.32", "side": "BUY", "hash": "e351f89841be06cb7cce34db60a2ed9de7447576", "best_bid": "0.54", "best_ask": "0.62"}, {"asset_id": "79800804285394431406313674956566735663577258418418362056340026872565628701860", "price": "0.92", "size": "4157.32", "side": "SELL", "hash": "62a2efda9354664eae06397a0de72c989e08395b", "best_bid": "0.38", "best_ask": "0.46"}], "timestamp": "1769384569331", "event_type": "price_change"}}
{"_local_timestamp": "2026-01-25T23:42:49.497427+00:00", "data": {"market": "0xcf3bdf479e31addf0d920776325a8759c37e977d8ccd16d84bb8a7c9b319f5b4", "price_changes": [{"asset_id": "19423897484252245381031724860563835455358662770351298411785241621776824540110", "price": "0.08", "size": "890.11", "side": "BUY", "hash": "002b9312142b66a60b783fae1ba2bb6d39a40934", "best_bid": "0.54", "best_ask": "0.62"}, {"asset_id": "79800804285394431406313674956566735663577258418418362056340026872565628701860", "price": "0.92", "size": "890.11", "side": "SELL", "hash": "9bdd537d54ed84529d344cc437e0823511d276cb", "best_bid": "0.38", "best_ask": "0.46"}], "timestamp": "1769384569390", "event_type": "price_change"}}
{"_local_timestamp": "2026-01-25T23:42:49.587326+00:00", "data": {"market": "0xcf3bdf479e31addf0d920776325a8759c37e977d8ccd16d84bb8a7c9b319f5b4", "price_changes": [{"asset_id": "19423897484252245381031724860563835455358662770351298411785241621776824540110", "price": "0.08", "size": "0", "side": "BUY", "hash": "0ab6ba030dc1d9388abff38fd9ed9be409117d9f", "best_bid": "0.54", "best_ask": "0.62"}, {"asset_id": "79800804285394431406313674956566735663577258418418362056340026872565628701860", "price": "0.92", "size": "0", "side": "SELL", "hash": "918b26cc770d71fe67c3017e20e63c08eb41f43e", "best_bid": "0.38", "best_ask": "0.46"}], "timestamp": "1769384569480", "event_type": "price_change"}}
{"_local_timestamp": "2026-01-25T23:42:49.705713+00:00", "data": {"market": "0xcf3bdf479e31addf0d920776325a8759c37e977d8ccd16d84bb8a7c9b319f5b4", "price_changes": [{"asset_id": "19423897484252245381031724860563835455358662770351298411785241621776824540110", "price": "0.09", "size": "706.81", "side": "BUY", "hash": "7f6fda441c9e0a0f79a28679c666837b58e8eb3f", "best_bid": "0.54", "best_ask": "0.62"}, {"asset_id": "79800804285394431406313674956566735663577258418418362056340026872565628701860", "price": "0.91", "size": "706.81", "side": "SELL", "hash": "cd9835f8818788269491dcfa714b76e47b5e37bf", "best_bid": "0.38", "best_ask": "0.46"}], "timestamp": "1769384569603", "event_type": "price_change"}}
{"_local_timestamp": "2026-01-25T23:43:14.065259+00:00", "data": {"market": "0xcf3bdf479e31addf0d920776325a8759c37e977d8ccd16d84bb8a7c9b319f5b4", "price_changes": [{"asset_id": "19423897484252245381031724860563835455358662770351298411785241621776824540110", "price": "0.09", "size": "606.81", "side": "BUY", "hash": "91233e25bae49182277e848af6a80355c23657b1", "best_bid": "0.54", "best_ask": "0.62"}, {"asset_id": "79800804285394431406313674956566735663577258418418362056340026872565628701860", "price": "0.91", "size": "606.81", "side": "SELL", "hash": "e784a056f244969c9adbac0bab20136b1e3cfedd", "best_bid": "0.38", "best_ask": "0.46"}], "timestamp": "1769384593931", "event_type": "price_change"}}
{"_local_timestamp": "2026-01-25T23:43:14.371702+00:00", "data": {"market": "0xcf3bdf479e31addf0d920776325a8759c37e977d8ccd16d84bb8a7c9b319f5b4", "price_changes": [{"asset_id": "19423897484252245381031724860563835455358662770351298411785241621776824540110", "price": "0.1", "size": "4257.32", "side": "BUY", "hash": "ef1f2bb2c5aecdfeaacf08f324e86d922b25d39f", "best_bid": "0.54", "best_ask": "0.62"}, {"asset_id": "79800804285394431406313674956566735663577258418418362056340026872565628701860", "price": "0.9", "size": "4257.32", "side": "SELL", "hash": "2a1ffa550a5fa8e9c194b885dac304c8d7b75ca9", "best_bid": "0.38", "best_ask": "0.46"}], "timestamp": "1769384594238", "event_type": "price_change"}}
{"_local_timestamp": "2026-01-25T23:43:15.587014+00:00", "data": {"market": "0xcf3bdf479e31addf0d920776325a8759c37e977d8ccd16d84bb8a7c9b319f5b4", "price_changes": [{"asset_id": "19423897484252245381031724860563835455358662770351298411785241621776824540110", "price": "0.09", "size": "206.81", "side": "BUY", "hash": "20f476e13e65839bb3b1d81b35bf328c42888a53", "best_bid": "0.54", "best_ask": "0.62"}, {"asset_id": "79800804285394431406313674956566735663577258418418362056340026872565628701860", "price": "0.91", "size": "206.81", "side": "SELL", "hash": "e1fa825364fc5d5679e2cc201103b235120b7ddd", "best_bid": "0.38", "best_ask": "0.46"}], "timestamp": "1769384595447", "event_type": "price_change"}}
{"_local_timestamp": "2026-01-25T23:43:15.716984+00:00", "data": {"market": "0xcf3bdf479e31addf0d920776325a8759c37e977d8ccd16d84bb8a7c9b319f5b4", "price_changes": [{"asset_id": "19423897484252245381031724860563835455358662770351298411785241621776824540110", "price": "0.08", "size": "1997.11", "side": "BUY", "hash": "a5d00d56dee4104c0789923edc281c8402717da8", "best_bid": "0.54", "best_ask": "0.62"}, {"asset_id": "79800804285394431406313674956566735663577258418418362056340026872565628701860", "price": "0.92", "size": "1997.11", "side": "SELL", "hash": "741f5a62416ca1c6ae8c04317d3ce170976d7749", "best_bid": "0.38", "best_ask": "0.46"}], "timestamp": "1769384595574", "event_type": "price_change"}}
{"_local_timestamp": "2026-01-25T23:43:15.745011+00:00", "data": {"market": "0xcf3bdf479e31addf0d920776325a8759c37e977d8ccd16d84bb8a7c9b319f5b4", "price_changes": [{"asset_id": "19423897484252245381031724860563835455358662770351298411785241621776824540110", "price": "0.08", "size": "2887.22", "side": "BUY", "hash": "c1a228d5309592d2cccd210ad907651b443cf111", "best_bid": "0.54", "best_ask": "0.62"}, {"asset_id": "79800804285394431406313674956566735663577258418418362056340026872565628701860", "price": "0.92", "size": "2887.22", "side": "SELL", "hash": "175f47d6b773e358b190e2a8a3b626b7afa3635e", "best_bid": "0.38", "best_ask": "0.46"}], "timestamp": "1769384595608", "event_type": "price_change"}}
{"_local_timestamp": "2026-01-25T23:43:15.753111+00:00", "data": {"market": "0xcf3bdf479e31addf0d920776325a8759c37e977d8ccd16d84bb8a7c9b319f5b4", "price_changes": [{"asset_id": "19423897484252245381031724860563835455358662770351298411785241621776824540110", "price": "0.08", "size": "4157.32", "side": "BUY", "hash": "2eb47f7d52c38bc87e95a528b8be8aba348d9d7a", "best_bid": "0.54", "best_ask": "0.62"}, {"asset_id": "79800804285394431406313674956566735663577258418418362056340026872565628701860", "price": "0.92", "size": "4157.32", "side": "SELL", "hash": "e67a0e9fa2683cbf4ce66876793c2ca6341ca749", "best_bid": "0.38", "best_ask": "0.46"}], "timestamp": "1769384595609", "event_type": "price_change"}}
{"_local_timestamp": "2026-01-25T23:43:15.938450+00:00", "data": {"market": "0xcf3bdf479e31addf0d920776325a8759c37e977d8ccd16d84bb8a7c9b319f5b4", "price_changes": [{"asset_id": "19423897484252245381031724860563835455358662770351298411785241621776824540110", "price": "0.1", "size": "4657.32", "side": "BUY", "hash": "9b23e4878c5e5bb05bed1a9b17af4ab5f6a59e48", "best_bid": "0.54", "best_ask": "0.62"}, {"asset_id": "79800804285394431406313674956566735663577258418418362056340026872565628701860", "price": "0.9", "size": "4657.32", "side": "SELL", "hash": "e32a578108197aff2c80186d152a306662924582", "best_bid": "0.38", "best_ask": "0.46"}], "timestamp": "1769384595783", "event_type": "price_change"}}
{"_local_timestamp": "2026-01-25T23:43:16.056917+00:00", "data": {"market": "0xcf3bdf479e31addf0d920776325a8759c37e977d8ccd16d84bb8a7c9b319f5b4", "price_changes": [{"asset_id": "19423897484252245381031724860563835455358662770351298411785241621776824540110", "price": "0.09", "size": "106.81", "side": "BUY", "hash": "983580e19d23d4e2bcd25117a671c15f2e46f8d6", "best_bid": "0.54", "best_ask": "0.62"}, {"asset_id": "79800804285394431406313674956566735663577258418418362056340026872565628701860", "price": "0.91", "size": "106.81", "side": "SELL", "hash": "fe4f43cf79f53a6ef1c7ebdfd5b1dabde8a393f0", "best_bid": "0.38", "best_ask": "0.46"}], "timestamp": "1769384595915", "event_type": "price_change"}}
{"_local_timestamp": "2026-01-25T23:43:16.423452+00:00", "data": {"market": "0xcf3bdf479e31addf0d920776325a8759c37e977d8ccd16d84bb8a7c9b319f5b4", "price_changes": [{"asset_id": "19423897484252245381031724860563835455358662770351298411785241621776824540110", "price": "0.1", "size": "4757.32", "side": "BUY", "hash": "b82707dd9457467ef9a7e5285c34828146a56282", "best_bid": "0.54", "best_ask": "0.62"}, {"asset_id": "79800804285394431406313674956566735663577258418418362056340026872565628701860", "price": "0.9", "size": "4757.32", "side": "SELL", "hash": "36e0802d6e90400c387154339820abdf9d7c99d3", "best_bid": "0.38", "best_ask": "0.46"}], "timestamp": "1769384596294", "event_type": "price_change"}}
{"_local_timestamp": "2026-01-25T23:43:18.555869+00:00", "data": {"market": "0xcf3bdf479e31addf0d920776325a8759c37e977d8ccd16d84bb8a7c9b319f5b4", "price_changes": [{"asset_id": "19423897484252245381031724860563835455358662770351298411785241621776824540110", "price": "0.09", "size": "6.81", "side": "BUY", "hash": "96984a95633c31d9393102953b2f99afdfce5116", "best_bid": "0.54", "best_ask": "0.62"}, {"asset_id": "79800804285394431406313674956566735663577258418418362056340026872565628701860", "price": "0.91", "size": "6.81", "side": "SELL", "hash": "c7d346317c4d5dbc83bd773f793b10df1bd17146", "best_bid": "0.38", "best_ask": "0.46"}], "timestamp": "1769384598434", "event_type": "price_change"}}
{"_local_timestamp": "2026-01-25T23:43:18.665734+00:00", "data": {"market": "0xcf3bdf479e31addf0d920776325a8759c37e977d8ccd16d84bb8a7c9b319f5b4", "price_changes": [{"asset_id": "19423897484252245381031724860563835455358662770351298411785241621776824540110", "price": "0.1", "size": "600", "side": "BUY", "hash": "8df606be1525f3272d5b9df14ef19748f8adea73", "best_bid": "0.54", "best_ask": "0.62"}, {"asset_id": "79800804285394431406313674956566735663577258418418362056340026872565628701860", "price": "0.9", "size": "600", "side": "SELL", "hash": "9b862b884a55e6163d8e683891305291669116cc", "best_bid": "0.38", "best_ask": "0.46"}], "timestamp": "1769384598533", "event_type": "price_change"}}
{"_local_timestamp": "2026-01-25T23:43:18.800739+00:00", "data": {"market": "0xcf3bdf479e31addf0d920776325a8759c37e977d8ccd16d84bb8a7c9b319f5b4", "price_changes": [{"asset_id": "19423897484252245381031724860563835455358662770351298411785241621776824540110", "price": "0.11", "size": "1997.11", "side": "BUY", "hash": "2c36b45d7fa2dfd2882dd68318703a4ec6be918c", "best_bid": "0.54", "best_ask": "0.62"}, {"asset_id": "79800804285394431406313674956566735663577258418418362056340026872565628701860", "price": "0.89", "size": "1997.11", "side": "SELL", "hash": "ab61e0eecdb293ccdb46f9eec66979065196d72f", "best_bid": "0.38", "best_ask": "0.46"}], "timestamp": "1769384598667", "event_type": "price_change"}}
{"_local_timestamp": "2026-01-25T23:43:18.856904+00:00", "data": {"market": "0xcf3bdf479e31addf0d920776325a8759c37e977d8ccd16d84bb8a7c9b319f5b4", "price_changes": [{"asset_id": "19423897484252245381031724860563835455358662770351298411785241621776824540110", "price": "0.11", "size": "2887.22", "side": "BUY", "hash": "97d627f15b28e5e4d59f82315ece51bb0235ee3f", "best_bid": "0.54", "best_ask": "0.62"}, {"asset_id": "79800804285394431406313674956566735663577258418418362056340026872565628701860", "price": "0.89", "size": "2887.22", "side": "SELL", "hash": "ebf4f94c05a2c828166412c10529ae9efdd523f9", "best_bid": "0.38", "best_ask": "0.46"}], "timestamp": "1769384598743", "event_type": "price_change"}}
{"_local_timestamp": "2026-01-25T23:43:18.859265+00:00", "data": {"market": "0xcf3bdf479e31addf0d920776325a8759c37e977d8ccd16d84bb8a7c9b319f5b4", "price_changes": [{"asset_id": "19423897484252245381031724860563835455358662770351298411785241621776824540110", "price": "0.11", "size": "4157.32", "side": "BUY", "hash": "d03bf4db531898b4c0f52d14b682d4a773f55d7a", "best_bid": "0.54", "best_ask": "0.62"}, {"asset_id": "79800804285394431406313674956566735663577258418418362056340026872565628701860", "price": "0.89", "size": "4157.32", "side": "SELL", "hash": "beb24f99c8a9a80c341da8d92f7ba8be3e74c55f", "best_bid": "0.38", "best_ask": "0.46"}], "timestamp": "1769384598743", "event_type": "price_change"}}
{"_local_timestamp": "2026-01-25T23:43:18.894076+00:00", "data": {"market": "0xcf3bdf479e31addf0d920776325a8759c37e977d8ccd16d84bb8a7c9b319f5b4", "price_changes": [{"asset_id": "19423897484252245381031724860563835455358662770351298411785241621776824540110", "price": "0.1", "size": "700", "side": "BUY", "hash": "ff70398b56eadebdb12268088a4aa1f57805105b", "best_bid": "0.54", "best_ask": "0.62"}, {"asset_id": "79800804285394431406313674956566735663577258418418362056340026872565628701860", "price": "0.9", "size": "700", "side": "SELL", "hash": "9005f730d2f072b92e0d3fc7a78faa363ba78634", "best_bid": "0.38", "best_ask": "0.46"}], "timestamp": "1769384598771", "event_type": "price_change"}}
{"_local_timestamp": "2026-01-25T23:43:38.230611+00:00", "data": {"market": "0xcf3bdf479e31addf0d920776325a8759c37e977d8ccd16d84bb8a7c9b319f5b4", "price_changes": [{"asset_id": "19423897484252245381031724860563835455358662770351298411785241621776824540110", "price": "0.1", "size": "300", "side": "BUY", "hash": "0507cdfbf2cffce454e8a64ec0fa3a8e74c54f3b", "best_bid": "0.54", "best_ask": "0.62"}, {"asset_id": "79800804285394431406313674956566735663577258418418362056340026872565628701860", "price": "0.9", "size": "300", "side": "SELL", "hash": "83a3e72c083d2249f4c410923d3b96541c116d0d", "best_bid": "0.38", "best_ask": "0.46"}], "timestamp": "1769384618105", "event_type": "price_change"}}
{"_local_timestamp": "2026-01-25T23:43:38.515868+00:00", "data": {"market": "0xcf3bdf479e31addf0d920776325a8759c37e977d8ccd16d84bb8a7c9b319f5b4", "price_changes": [{"asset_id": "19423897484252245381031724860563835455358662770351298411785241621776824540110", "price": "0.11", "size": "4557.32", "side": "BUY", "hash": "01bb30c341d64fce1359bb9d3464ada0ceb29039", "best_bid": "0.54", "best_ask": "0.62"}, {"asset_id": "79800804285394431406313674956566735663577258418418362056340026872565628701860", "price": "0.89", "size": "4557.32", "side": "SELL", "hash": "9c8bccba06e5153be72b1982951b93d24606063b", "best_bid": "0.38", "best_ask": "0.46"}], "timestamp": "1769384618389", "event_type": "price_change"}}
{"_local_timestamp": "2026-01-25T23:43:44.791401+00:00", "data": {"market": "0xcf3bdf479e31addf0d920776325a8759c37e977d8ccd16d84bb8a7c9b319f5b4", "price_changes": [{"asset_id": "19423897484252245381031724860563835455358662770351298411785241621776824540110", "price": "0.1", "size": "200", "side": "BUY", "hash": "a614cd2f86c1274a733ab0e884bfcacb3c14c41b", "best_bid": "0.54", "best_ask": "0.62"}, {"asset_id": "79800804285394431406313674956566735663577258418418362056340026872565628701860", "price": "0.9", "size": "200", "side": "SELL", "hash": "d6e951597cc141b4ee3848843e3e565250190e67", "best_bid": "0.38", "best_ask": "0.46"}], "timestamp": "1769384624678", "event_type": "price_change"}}
{"_local_timestamp": "2026-01-25T23:43:44.844125+00:00", "data": {"market": "0xcf3bdf479e31addf0d920776325a8759c37e977d8ccd16d84bb8a7c9b319f5b4", "price_changes": [{"asset_id": "19423897484252245381031724860563835455358662770351298411785241621776824540110", "price": "0.11", "size": "400", "side": "BUY", "hash": "61b5b7cc81499fdfcacc7e0f1a60ebca6590b135", "best_bid": "0.54", "best_ask": "0.62"}, {"asset_id": "79800804285394431406313674956566735663577258418418362056340026872565628701860", "price": "0.89", "size": "400", "side": "SELL", "hash": "9a5b604558f6e70ff8fa1826f18af50f4638618e", "best_bid": "0.38", "best_ask": "0.46"}], "timestamp": "1769384624734", "event_type": "price_change"}}
{"_local_timestamp": "2026-01-25T23:43:45.084717+00:00", "data": {"market": "0xcf3bdf479e31addf0d920776325a8759c37e977d8ccd16d84bb8a7c9b319f5b4", "price_changes": [{"asset_id": "19423897484252245381031724860563835455358662770351298411785241621776824540110", "price": "0.11", "size": "500", "side": "BUY", "hash": "caeeb3fc71bd03e69166abce7463dec7f9b26000", "best_bid": "0.54", "best_ask": "0.62"}, {"asset_id": "79800804285394431406313674956566735663577258418418362056340026872565628701860", "price": "0.89", "size": "500", "side": "SELL", "hash": "fd71291cb4643543a645c594f8fa921537490221", "best_bid": "0.38", "best_ask": "0.46"}], "timestamp": "1769384624960", "event_type": "price_change"}}
{"_local_timestamp": "2026-01-25T23:43:47.835587+00:00", "data": {"market": "0xcf3bdf479e31addf0d920776325a8759c37e977d8ccd16d84bb8a7c9b319f5b4", "price_changes": [{"asset_id": "19423897484252245381031724860563835455358662770351298411785241621776824540110", "price": "0.1", "size": "100", "side": "BUY", "hash": "dece2057283d002bd0b3e7a6860964a5313380a3", "best_bid": "0.54", "best_ask": "0.62"}, {"asset_id": "79800804285394431406313674956566735663577258418418362056340026872565628701860", "price": "0.9", "size": "100", "side": "SELL", "hash": "9b20ab4075321f0c841b1552cd88faf95c805888", "best_bid": "0.38", "best_ask": "0.46"}], "timestamp": "1769384627727", "event_type": "price_change"}}
{"_local_timestamp": "2026-01-25T23:43:48.149628+00:00", "data": {"market": "0xcf3bdf479e31addf0d920776325a8759c37e977d8ccd16d84bb8a7c9b319f5b4", "price_changes": [{"asset_id": "19423897484252245381031724860563835455358662770351298411785241621776824540110", "price": "0.11", "size": "600", "side": "BUY", "hash": "6723ed7c3c4c79954bb09d2b6b16fe0eef6f6770", "best_bid": "0.54", "best_ask": "0.62"}, {"asset_id": "79800804285394431406313674956566735663577258418418362056340026872565628701860", "price": "0.89", "size": "600", "side": "SELL", "hash": "d5b503ad96aecfc2dab20130a513bd7c46a4db7a", "best_bid": "0.38", "best_ask": "0.46"}], "timestamp": "1769384628034", "event_type": "price_change"}}
{"_local_timestamp": "2026-01-25T23:43:48.237739+00:00", "data": {"market": "0xcf3bdf479e31addf0d920776325a8759c37e977d8ccd16d84bb8a7c9b319f5b4", "price_changes": [{"asset_id": "19423897484252245381031724860563835455358662770351298411785241621776824540110", "price": "0.12", "size": "890.11", "side": "BUY", "hash": "371a141280170cb88326ce909f92ec67cb0a17ba", "best_bid": "0.54", "best_ask": "0.62"}, {"asset_id": "79800804285394431406313674956566735663577258418418362056340026872565628701860", "price": "0.88", "size": "890.11", "side": "SELL", "hash": "3109cd1e59710b12bca9c1a65bb9d30d17ed8780", "best_bid": "0.38", "best_ask": "0.46"}], "timestamp": "1769384628122", "event_type": "price_change"}}
{"_local_timestamp": "2026-01-25T23:43:48.238638+00:00", "data": {"market": "0xcf3bdf479e31addf0d920776325a8759c37e977d8ccd16d84bb8a7c9b319f5b4", "price_changes": [{"asset_id": "19423897484252245381031724860563835455358662770351298411785241621776824540110", "price": "0.12", "size": "2160.21", "side": "BUY", "hash": "c92e108d44230c9eb6512894b4c2b4ab265192a2", "best_bid": "0.54", "best_ask": "0.62"}, {"asset_id": "79800804285394431406313674956566735663577258418418362056340026872565628701860", "price": "0.88", "size": "2160.21", "side": "SELL", "hash": "50d605ba5520f05f0c41e2eb09a8a71a88a76375", "best_bid": "0.38", "best_ask": "0.46"}], "timestamp": "1769384628123", "event_type": "price_change"}}
{"_local_timestamp": "2026-01-25T23:43:48.275100+00:00", "data": {"market": "0xcf3bdf479e31addf0d920776325a8759c37e977d8ccd16d84bb8a7c9b319f5b4", "price_changes": [{"asset_id": "19423897484252245381031724860563835455358662770351298411785241621776824540110", "price": "0.12", "size": "4157.32", "side": "BUY", "hash": "3fa6958be6806e390fe1e20fc54d05f7b9592ba7", "best_bid": "0.54", "best_ask": "0.62"}, {"asset_id": "79800804285394431406313674956566735663577258418418362056340026872565628701860", "price": "0.88", "size": "4157.32", "side": "SELL", "hash": "c3cda4132f0dbca12b087ab189b9e1d1defe9ea8", "best_bid": "0.38", "best_ask": "0.46"}], "timestamp": "1769384628169", "event_type": "price_change"}}
{"_local_timestamp": "2026-01-25T23:43:49.857167+00:00", "data": {"market": "0xcf3bdf479e31addf0d920776325a8759c37e977d8ccd16d84bb8a7c9b319f5b4", "price_changes": [{"asset_id": "19423897484252245381031724860563835455358662770351298411785241621776824540110", "price": "0.1", "size": "0", "side": "BUY", "hash": "225bc44c19a8c6aeef129cad27a8dd666cab2a20", "best_bid": "0.54", "best_ask": "0.62"}, {"asset_id": "79800804285394431406313674956566735663577258418418362056340026872565628701860", "price": "0.9", "size": "0", "side": "SELL", "hash": "066736771fd3d2c94cf2df039f253632e2ecf736", "best_bid": "0.38", "best_ask": "0.46"}], "timestamp": "1769384629733", "event_type": "price_change"}}
{"_local_timestamp": "2026-01-25T23:43:50.193250+00:00", "data": {"market": "0xcf3bdf479e31addf0d920776325a8759c37e977d8ccd16d84bb8a7c9b319f5b4", "price_changes": [{"asset_id": "19423897484252245381031724860563835455358662770351298411785241621776824540110", "price": "0.11", "size": "700", "side": "BUY", "hash": "1e516f64cb1af176dcb629bfe969c501858d0c68", "best_bid": "0.54", "best_ask": "0.62"}, {"asset_id": "79800804285394431406313674956566735663577258418418362056340026872565628701860", "price": "0.89", "size": "700", "side": "SELL", "hash": "ba896a9b0a80c4552fa1d1dd3405e466a1686656", "best_bid": "0.38", "best_ask": "0.46"}], "timestamp": "1769384630017", "event_type": "price_change"}}
{"_local_timestamp": "2026-01-25T23:44:01.592047+00:00", "data": {"market": "0xcf3bdf479e31addf0d920776325a8759c37e977d8ccd16d84bb8a7c9b319f5b4", "price_changes": [{"asset_id": "19423897484252245381031724860563835455358662770351298411785241621776824540110", "price": "0.11", "size": "300", "side": "BUY", "hash": "749c9fc2362e4545e3a8cfdf7a16f38eee67562a", "best_bid": "0.54", "best_ask": "0.62"}, {"asset_id": "79800804285394431406313674956566735663577258418418362056340026872565628701860", "price": "0.89", "size": "300", "side": "SELL", "hash": "016b8cff6aa3c4d888ac6496c15135789b0cafea", "best_bid": "0.38", "best_ask": "0.46"}], "timestamp": "1769384641441", "event_type": "price_change"}}
{"_local_timestamp": "2026-01-25T23:44:01.878122+00:00", "data": {"market": "0xcf3bdf479e31addf0d920776325a8759c37e977d8ccd16d84bb8a7c9b319f5b4", "price_changes": [{"asset_id": "19423897484252245381031724860563835455358662770351298411785241621776824540110", "price": "0.08", "size": "4557.32", "side": "BUY", "hash": "8722da23f1cd0b5520a2782b73ef29863e147c0d", "best_bid": "0.54", "best_ask": "0.62"}, {"asset_id": "79800804285394431406313674956566735663577258418418362056340026872565628701860", "price": "0.92", "size": "4557.32", "side": "SELL", "hash": "bc8d76b090f450444e021206275f10a11581904d", "best_bid": "0.38", "best_ask": "0.46"}], "timestamp": "1769384641728", "event_type": "price_change"}}
{"_local_timestamp": "2026-01-25T23:44:06.370019+00:00", "data": {"market": "0xcf3bdf479e31addf0d920776325a8759c37e977d8ccd16d84bb8a7c9b319f5b4", "price_changes": [{"asset_id": "19423897484252245381031724860563835455358662770351298411785241621776824540110", "price": "0.11", "size": "200", "side": "BUY", "hash": "df937d10938edf0707bf3966e61fc0f400d253a6", "best_bid": "0.54", "best_ask": "0.62"}, {"asset_id": "79800804285394431406313674956566735663577258418418362056340026872565628701860", "price": "0.89", "size": "200", "side": "SELL", "hash": "3fbf98ecef1833b2ec7b5b60b9d9193208d89d15", "best_bid": "0.38", "best_ask": "0.46"}], "timestamp": "1769384646223", "event_type": "price_change"}}
{"_local_timestamp": "2026-01-25T23:44:06.586349+00:00", "data": {"market": "0xcf3bdf479e31addf0d920776325a8759c37e977d8ccd16d84bb8a7c9b319f5b4", "price_changes": [{"asset_id": "19423897484252245381031724860563835455358662770351298411785241621776824540110", "price": "0.12", "size": "0", "side": "BUY", "hash": "d0debc977a0ba53d5235d80591eb6b73bd4862e7", "best_bid": "0.54", "best_ask": "0.62"}, {"asset_id": "79800804285394431406313674956566735663577258418418362056340026872565628701860", "price": "0.88", "size": "0", "side": "SELL", "hash": "07671252cf80e72f4c7d06aee05c6929e045d74b", "best_bid": "0.38", "best_ask": "0.46"}], "timestamp": "1769384646442", "event_type": "price_change"}}
{"_local_timestamp": "2026-01-25T23:44:06.648662+00:00", "data": {"market": "0xcf3bdf479e31addf0d920776325a8759c37e977d8ccd16d84bb8a7c9b319f5b4", "price_changes": [{"asset_id": "19423897484252245381031724860563835455358662770351298411785241621776824540110", "price": "0.12", "size": "100", "side": "BUY", "hash": "7c0eb3c8fd9a2e1b1427b0de7c8e1382d16fd42e", "best_bid": "0.54", "best_ask": "0.62"}, {"asset_id": "79800804285394431406313674956566735663577258418418362056340026872565628701860", "price": "0.88", "size": "100", "side": "SELL", "hash": "3587906ce5cec77daf856b9ea563496191516634", "best_bid": "0.38", "best_ask": "0.46"}], "timestamp": "1769384646504", "event_type": "price_change"}}
{"_local_timestamp": "2026-01-25T23:44:18.268852+00:00", "data": {"market": "0xcf3bdf479e31addf0d920776325a8759c37e977d8ccd16d84bb8a7c9b319f5b4", "price_changes": [{"asset_id": "19423897484252245381031724860563835455358662770351298411785241621776824540110", "price": "0.11", "size": "100", "side": "BUY", "hash": "ff6a5430e544f74153dee79d5b16d22f0bcbb8c3", "best_bid": "0.54", "best_ask": "0.62"}, {"asset_id": "79800804285394431406313674956566735663577258418418362056340026872565628701860", "price": "0.89", "size": "100", "side": "SELL", "hash": "2f8deda14997517db83070faa46a41ac230b436f", "best_bid": "0.38", "best_ask": "0.46"}], "timestamp": "1769384658002", "event_type": "price_change"}}
{"_local_timestamp": "2026-01-25T23:44:18.546588+00:00", "data": {"market": "0xcf3bdf479e31addf0d920776325a8759c37e977d8ccd16d84bb8a7c9b319f5b4", "price_changes": [{"asset_id": "19423897484252245381031724860563835455358662770351298411785241621776824540110", "price": "0.12", "size": "200", "side": "BUY", "hash": "87dcbeda0856967fe70fc94eefb3788ab86de77a", "best_bid": "0.54", "best_ask": "0.62"}, {"asset_id": "79800804285394431406313674956566735663577258418418362056340026872565628701860", "price": "0.88", "size": "200", "side": "SELL", "hash": "6fe9240346ead89e62ee9bd22e9ebf53e708d6c2", "best_bid": "0.38", "best_ask": "0.46"}], "timestamp": "1769384658299", "event_type": "price_change"}}
{"_local_timestamp": "2026-01-25T23:44:23.641704+00:00", "data": {"market": "0xcf3bdf479e31addf0d920776325a8759c37e977d8ccd16d84bb8a7c9b319f5b4", "price_changes": [{"asset_id": "19423897484252245381031724860563835455358662770351298411785241621776824540110", "price": "0.11", "size": "0", "side": "BUY", "hash": "5cd0df41f6be7f1b61bd4e9a4c40dcd39e280ed6", "best_bid": "0.54", "best_ask": "0.62"}, {"asset_id": "79800804285394431406313674956566735663577258418418362056340026872565628701860", "price": "0.89", "size": "0", "side": "SELL", "hash": "7dede0252af7d9e43e65d2826092bce75d12054d", "best_bid": "0.38", "best_ask": "0.46"}], "timestamp": "1769384663390", "event_type": "price_change"}}
{"_local_timestamp": "2026-01-25T23:44:23.915545+00:00", "data": {"market": "0xcf3bdf479e31addf0d920776325a8759c37e977d8ccd16d84bb8a7c9b319f5b4", "price_changes": [{"asset_id": "19423897484252245381031724860563835455358662770351298411785241621776824540110", "price": "0.12", "size": "300", "side": "BUY", "hash": "b87710273bf439fb155fe8c93f3744e6a14e643a", "best_bid": "0.54", "best_ask": "0.62"}, {"asset_id": "79800804285394431406313674956566735663577258418418362056340026872565628701860", "price": "0.88", "size": "300", "side": "SELL", "hash": "c4590d5f15f87342024cc0cd1707a7445cf280ff", "best_bid": "0.38", "best_ask": "0.46"}], "timestamp": "1769384663667", "event_type": "price_change"}}
{"_local_timestamp": "2026-01-25T23:44:27.244568+00:00", "data": {"market": "0xcf3bdf479e31addf0d920776325a8759c37e977d8ccd16d84bb8a7c9b319f5b4", "price_changes": [{"asset_id": "19423897484252245381031724860563835455358662770351298411785241621776824540110", "price": "0.12", "size": "200", "side": "BUY", "hash": "096dfe2a2caaa1e59fea6eae63b98b7634fd2d7a", "best_bid": "0.54", "best_ask": "0.62"}, {"asset_id": "79800804285394431406313674956566735663577258418418362056340026872565628701860", "price": "0.88", "size": "200", "side": "SELL", "hash": "7e844f85574525cc8120fae7dae212d11a6ca73d", "best_bid": "0.38", "best_ask": "0.46"}], "timestamp": "1769384666975", "event_type": "price_change"}}
{"_local_timestamp": "2026-01-25T23:44:27.501147+00:00", "data": {"market": "0xcf3bdf479e31addf0d920776325a8759c37e977d8ccd16d84bb8a7c9b319f5b4", "price_changes": [{"asset_id": "19423897484252245381031724860563835455358662770351298411785241621776824540110", "price": "0.08", "size": "4657.32", "side": "BUY", "hash": "9932bf7b094f4b70ddd632541ffd9d56863c9987", "best_bid": "0.54", "best_ask": "0.62"}, {"asset_id": "79800804285394431406313674956566735663577258418418362056340026872565628701860", "price": "0.92", "size": "4657.32", "side": "SELL", "hash": "8e123ec6de1d7aa7ed68769a4d61d1cca55fa10e", "best_bid": "0.38", "best_ask": "0.46"}], "timestamp": "1769384667235", "event_type": "price_change"}}
{"_local_timestamp": "2026-01-25T23:44:52.475295+00:00", "data": {"market": "0xcf3bdf479e31addf0d920776325a8759c37e977d8ccd16d84bb8a7c9b319f5b4", "price_changes": [{"asset_id": "19423897484252245381031724860563835455358662770351298411785241621776824540110", "price": "0.12", "size": "100", "side": "BUY", "hash": "3d3c350141af0d50f9dc5934c4fcd5574ab2eeb5", "best_bid": "0.54", "best_ask": "0.62"}, {"asset_id": "79800804285394431406313674956566735663577258418418362056340026872565628701860", "price": "0.88", "size": "100", "side": "SELL", "hash": "71a9cdf51f384d9fbd823296434b66e39d1f7964", "best_bid": "0.38", "best_ask": "0.46"}], "timestamp": "1769384692371", "event_type": "price_change"}}
{"_local_timestamp": "2026-01-25T23:44:52.533696+00:00", "data": {"market": "0xcf3bdf479e31addf0d920776325a8759c37e977d8ccd16d84bb8a7c9b319f5b4", "price_changes": [{"asset_id": "19423897484252245381031724860563835455358662770351298411785241621776824540110", "price": "0.12", "size": "0", "side": "BUY", "hash": "a986f40066ab9ba817a6efd56cabb953be2f5eaa", "best_bid": "0.54", "best_ask": "0.62"}, {"asset_id": "79800804285394431406313674956566735663577258418418362056340026872565628701860", "price": "0.88", "size": "0", "side": "SELL", "hash": "02314258cf71f175866343584fee48214ef7eeed", "best_bid": "0.38", "best_ask": "0.46"}], "timestamp": "1769384692431", "event_type": "price_change"}}
{"_local_timestamp": "2026-01-25T23:44:52.749204+00:00", "data": {"market": "0xcf3bdf479e31addf0d920776325a8759c37e977d8ccd16d84bb8a7c9b319f5b4", "price_changes": [{"asset_id": "19423897484252245381031724860563835455358662770351298411785241621776824540110", "price": "0.08", "size": "4757.32", "side": "BUY", "hash": "4baa8f59b9e97e23f62b789dd741d6ce12254a41", "best_bid": "0.54", "best_ask": "0.62"}, {"asset_id": "79800804285394431406313674956566735663577258418418362056340026872565628701860", "price": "0.92", "size": "4757.32", "side": "SELL", "hash": "cd388cfb626cd22095eda1a18348c746d68c3ee1", "best_bid": "0.38", "best_ask": "0.46"}], "timestamp": "1769384692651", "event_type": "price_change"}}
{"_local_timestamp": "2026-01-25T23:44:52.835885+00:00", "data": {"market": "0xcf3bdf479e31addf0d920776325a8759c37e977d8ccd16d84bb8a7c9b319f5b4", "price_changes": [{"asset_id": "19423897484252245381031724860563835455358662770351298411785241621776824540110", "price": "0.09", "size": "2003.92", "side": "BUY", "hash": "951b2413d2279d16349626fafcbf3402a37d6026", "best_bid": "0.54", "best_ask": "0.62"}, {"asset_id": "79800804285394431406313674956566735663577258418418362056340026872565628701860", "price": "0.91", "size": "2003.92", "side": "SELL", "hash": "403da55fe34bfa380723a6b07bb912abc2f066ff", "best_bid": "0.38", "best_ask": "0.46"}], "timestamp": "1769384692739", "event_type": "price_change"}}
{"_local_timestamp": "2026-01-25T23:44:52.863323+00:00", "data": {"market": "0xcf3bdf479e31addf0d920776325a8759c37e977d8ccd16d84bb8a7c9b319f5b4", "price_changes": [{"asset_id": "19423897484252245381031724860563835455358662770351298411785241621776824540110", "price": "0.09", "size": "2894.03", "side": "BUY", "hash": "0fb328f8f8dfab6be9d22d7602d26b7f45865f57", "best_bid": "0.54", "best_ask": "0.62"}, {"asset_id": "79800804285394431406313674956566735663577258418418362056340026872565628701860", "price": "0.91", "size": "2894.03", "side": "SELL", "hash": "68eefbdc7b5c346b88191c3cdbbd574c991d9cfc", "best_bid": "0.38", "best_ask": "0.46"}], "timestamp": "1769384692767", "event_type": "price_change"}}
{"_local_timestamp": "2026-01-25T23:44:52.868432+00:00", "data": {"market": "0xcf3bdf479e31addf0d920776325a8759c37e977d8ccd16d84bb8a7c9b319f5b4", "price_changes": [{"asset_id": "19423897484252245381031724860563835455358662770351298411785241621776824540110", "price": "0.09", "size": "4164.13", "side": "BUY", "hash": "81957138b05f3ce9b1841b6464fa82627058c8e7", "best_bid": "0.54", "best_ask": "0.62"}, {"asset_id": "79800804285394431406313674956566735663577258418418362056340026872565628701860", "price": "0.91", "size": "4164.13", "side": "SELL", "hash": "ceb4df0af0039cd6db008cfdf01175fac943e9a7", "best_bid": "0.38", "best_ask": "0.46"}], "timestamp": "1769384692767", "event_type": "price_change"}}
{"_local_timestamp": "2026-01-25T23:44:52.951216+00:00", "data": {"market": "0xcf3bdf479e31addf0d920776325a8759c37e977d8ccd16d84bb8a7c9b319f5b4", "price_changes": [{"asset_id": "19423897484252245381031724860563835455358662770351298411785241621776824540110", "price": "0.08", "size": "4857.32", "side": "BUY", "hash": "eeb332756b6aeda0b05a78a3f74640c195f9ad06", "best_bid": "0.54", "best_ask": "0.62"}, {"asset_id": "79800804285394431406313674956566735663577258418418362056340026872565628701860", "price": "0.92", "size": "4857.32", "side": "SELL", "hash": "f96611aa3750bec6e460673e75f52ee264136aad", "best_bid": "0.38", "best_ask": "0.46"}], "timestamp": "1769384692802", "event_type": "price_change"}}
{"_local_timestamp": "2026-01-25T23:45:08.652048+00:00", "data": {"market": "0xcf3bdf479e31addf0d920776325a8759c37e977d8ccd16d84bb8a7c9b319f5b4", "price_changes": [{"asset_id": "19423897484252245381031724860563835455358662770351298411785241621776824540110", "price": "0.09", "size": "4157.32", "side": "BUY", "hash": "91a77381c8e378ae6fe968578554a9514e237de2", "best_bid": "0.54", "best_ask": "0.62"}, {"asset_id": "79800804285394431406313674956566735663577258418418362056340026872565628701860", "price": "0.91", "size": "4157.32", "side": "SELL", "hash": "4d1b4bf1e1cc0b217649baac76f5881ee4bb4cd5", "best_bid": "0.38", "best_ask": "0.46"}], "timestamp": "1769384708583", "event_type": "price_change"}}
{"_local_timestamp": "2026-01-25T23:45:08.718891+00:00", "data": {"market": "0xcf3bdf479e31addf0d920776325a8759c37e977d8ccd16d84bb8a7c9b319f5b4", "price_changes": [{"asset_id": "19423897484252245381031724860563835455358662770351298411785241621776824540110", "price": "0.08", "size": "700", "side": "BUY", "hash": "d00e162a90c18b27f2c318da2e1e1594f5feb53f", "best_bid": "0.54", "best_ask": "0.62"}, {"asset_id": "79800804285394431406313674956566735663577258418418362056340026872565628701860", "price": "0.92", "size": "700", "side": "SELL", "hash": "566fd514d82bb64c3bdc09f8997eff54cdaa7c57", "best_bid": "0.38", "best_ask": "0.46"}], "timestamp": "1769384708653", "event_type": "price_change"}}
{"_local_timestamp": "2026-01-25T23:45:08.843918+00:00", "data": {"market": "0xcf3bdf479e31addf0d920776325a8759c37e977d8ccd16d84bb8a7c9b319f5b4", "price_changes": [{"asset_id": "19423897484252245381031724860563835455358662770351298411785241621776824540110", "price": "0.08", "size": "300", "side": "BUY", "hash": "d0ebad794c7c81d307ff7d9d65a0b5f58bee15b8", "best_bid": "0.54", "best_ask": "0.62"}, {"asset_id": "79800804285394431406313674956566735663577258418418362056340026872565628701860", "price": "0.92", "size": "300", "side": "SELL", "hash": "c6e073342d16d9ee43211ba93743a6140a921c59", "best_bid": "0.38", "best_ask": "0.46"}], "timestamp": "1769384708770", "event_type": "price_change"}}
{"_local_timestamp": "2026-01-25T23:45:09.004038+00:00", "data": {"market": "0xcf3bdf479e31addf0d920776325a8759c37e977d8ccd16d84bb8a7c9b319f5b4", "price_changes": [{"asset_id": "19423897484252245381031724860563835455358662770351298411785241621776824540110", "price": "0.08", "size": "2297.11", "side": "BUY", "hash": "dab7ad400afb4815352928d7ed0fc87ed53b8cdc", "best_bid": "0.54", "best_ask": "0.62"}, {"asset_id": "79800804285394431406313674956566735663577258418418362056340026872565628701860", "price": "0.92", "size": "2297.11", "side": "SELL", "hash": "e049d9568d21d5af5717e9b0a5bfb6a0deea725a", "best_bid": "0.38", "best_ask": "0.46"}], "timestamp": "1769384708936", "event_type": "price_change"}}
{"_local_timestamp": "2026-01-25T23:45:09.047574+00:00", "data": {"market": "0xcf3bdf479e31addf0d920776325a8759c37e977d8ccd16d84bb8a7c9b319f5b4", "price_changes": [{"asset_id": "19423897484252245381031724860563835455358662770351298411785241621776824540110", "price": "0.08", "size": "3187.22", "side": "BUY", "hash": "cb8f49b3eb0c2e69eea1ccf4dec49cd20928bc7c", "best_bid": "0.54", "best_ask": "0.62"}, {"asset_id": "79800804285394431406313674956566735663577258418418362056340026872565628701860", "price": "0.92", "size": "3187.22", "side": "SELL", "hash": "7bbd7dcdb304627a572d51ff1562835b571ff81a", "best_bid": "0.38", "best_ask": "0.46"}], "timestamp": "1769384708975", "event_type": "price_change"}}
{"_local_timestamp": "2026-01-25T23:45:09.122610+00:00", "data": {"market": "0xcf3bdf479e31addf0d920776325a8759c37e977d8ccd16d84bb8a7c9b319f5b4", "price_changes": [{"asset_id": "19423897484252245381031724860563835455358662770351298411785241621776824540110", "price": "0.08", "size": "4457.32", "side": "BUY", "hash": "371006130cd5ba544aea47d55c56ca6770b6a533", "best_bid": "0.54", "best_ask": "0.62"}, {"asset_id": "79800804285394431406313674956566735663577258418418362056340026872565628701860", "price": "0.92", "size": "4457.32", "side": "SELL", "hash": "875bdc39489741a6dfcbcd754d806d001a7cfe6b", "best_bid": "0.38", "best_ask": "0.46"}], "timestamp": "1769384709045", "event_type": "price_change"}}
{"_local_timestamp": "2026-01-25T23:45:09.132523+00:00", "data": {"market": "0xcf3bdf479e31addf0d920776325a8759c37e977d8ccd16d84bb8a7c9b319f5b4", "price_changes": [{"asset_id": "19423897484252245381031724860563835455358662770351298411785241621776824540110", "price": "0.09", "size": "4557.32", "side": "BUY", "hash": "0e5325a3ae3f2cd7f86e1d9ac8f1025e5122e0ee", "best_bid": "0.54", "best_ask": "0.62"}, {"asset_id": "79800804285394431406313674956566735663577258418418362056340026872565628701860", "price": "0.91", "size": "4557.32", "side": "SELL", "hash": "ebc9a0a5a3777daff9efdb0e2e1b848d43fbc7e3", "best_bid": "0.38", "best_ask": "0.46"}], "timestamp": "1769384709051", "event_type": "price_change"}}
{"_local_timestamp": "2026-01-25T23:45:09.683155+00:00", "data": {"market": "0xcf3bdf479e31addf0d920776325a8759c37e977d8ccd16d84bb8a7c9b319f5b4", "price_changes": [{"asset_id": "19423897484252245381031724860563835455358662770351298411785241621776824540110", "price": "0.1", "size": "6.13", "side": "BUY", "hash": "7658db8c6662febbd3a1e49c0542341a602023d5", "best_bid": "0.54", "best_ask": "0.62"}, {"asset_id": "79800804285394431406313674956566735663577258418418362056340026872565628701860", "price": "0.9", "size": "6.13", "side": "SELL", "hash": "edd80561c5947226f29dfbafe2bde1f4fd0a9d7c", "best_bid": "0.38", "best_ask": "0.46"}], "timestamp": "1769384709614", "event_type": "price_change"}}
{"_local_timestamp": "2026-01-25T23:45:10.569885+00:00", "data": {"market": "0xcf3bdf479e31addf0d920776325a8759c37e977d8ccd16d84bb8a7c9b319f5b4", "price_changes": [{"asset_id": "79800804285394431406313674956566735663577258418418362056340026872565628701860", "price": "0.1", "size": "6.21", "side": "BUY", "hash": "070e89a9c96242a0ec9cf6dd8a1f93213b800ab8", "best_bid": "0.38", "best_ask": "0.46"}, {"asset_id": "19423897484252245381031724860563835455358662770351298411785241621776824540110", "price": "0.9", "size": "6.21", "side": "SELL", "hash": "d75656d58d25881de936d7bea9e20442fab672d3", "best_bid": "0.54", "best_ask": "0.62"}], "timestamp": "1769384710498", "event_type": "price_change"}}
{"_local_timestamp": "2026-01-25T23:45:47.130763+00:00", "data": {"market": "0xcf3bdf479e31addf0d920776325a8759c37e977d8ccd16d84bb8a7c9b319f5b4", "price_changes": [{"asset_id": "19423897484252245381031724860563835455358662770351298411785241621776824540110", "price": "0.08", "size": "4357.32", "side": "BUY", "hash": "45f6541a39d8a6cd3d801b94cd9328a35b8bfb84", "best_bid": "0.54", "best_ask": "0.62"}, {"asset_id": "79800804285394431406313674956566735663577258418418362056340026872565628701860", "price": "0.92", "size": "4357.32", "side": "SELL", "hash": "18a47f7f15ba622350594a032d6c63c9ccf9909a", "best_bid": "0.38", "best_ask": "0.46"}], "timestamp": "1769384747059", "event_type": "price_change"}}
{"_local_timestamp": "2026-01-25T23:45:47.189210+00:00", "data": {"market": "0xcf3bdf479e31addf0d920776325a8759c37e977d8ccd16d84bb8a7c9b319f5b4", "price_changes": [{"asset_id": "19423897484252245381031724860563835455358662770351298411785241621776824540110", "price": "0.09", "size": "3667.21", "side": "BUY", "hash": "39c724cbca7463a1cb0fa080b62c7e8ec27f25d6", "best_bid": "0.54", "best_ask": "0.62"}, {"asset_id": "79800804285394431406313674956566735663577258418418362056340026872565628701860", "price": "0.91", "size": "3667.21", "side": "SELL", "hash": "f156c9fd175222d8a52c37cb8077eac8d0f3d048", "best_bid": "0.38", "best_ask": "0.46"}], "timestamp": "1769384747123", "event_type": "price_change"}}
{"_local_timestamp": "2026-01-25T23:45:47.245820+00:00", "data": {"market": "0xcf3bdf479e31addf0d920776325a8759c37e977d8ccd16d84bb8a7c9b319f5b4", "price_changes": [{"asset_id": "19423897484252245381031724860563835455358662770351298411785241621776824540110", "price": "0.1", "size": "896.24", "side": "BUY", "hash": "f4c2097de1f171f913925663bcd359b620b533e9", "best_bid": "0.54", "best_ask": "0.62"}, {"asset_id": "79800804285394431406313674956566735663577258418418362056340026872565628701860", "price": "0.9", "size": "896.24", "side": "SELL", "hash": "32dab6b0ba00b74ebafc6d3cf07b73fd909da1b0", "best_bid": "0.38", "best_ask": "0.46"}], "timestamp": "1769384747174", "event_type": "price_change"}}
{"_local_timestamp": "2026-01-25T23:45:47.246815+00:00", "data": {"market": "0xcf3bdf479e31addf0d920776325a8759c37e977d8ccd16d84bb8a7c9b319f5b4", "price_changes": [{"asset_id": "19423897484252245381031724860563835455358662770351298411785241621776824540110", "price": "0.1", "size": "2166.34", "side": "BUY", "hash": "5b9fc54ac936a419796237636acb2d94017c68c0", "best_bid": "0.54", "best_ask": "0.62"}, {"asset_id": "79800804285394431406313674956566735663577258418418362056340026872565628701860", "price": "0.9", "size": "2166.34", "side": "SELL", "hash": "160483381cfe9fe3074015824283954104b23e3e", "best_bid": "0.38", "best_ask": "0.46"}], "timestamp": "1769384747175", "event_type": "price_change"}}
{"_local_timestamp": "2026-01-25T23:45:47.283832+00:00", "data": {"market": "0xcf3bdf479e31addf0d920776325a8759c37e977d8ccd16d84bb8a7c9b319f5b4", "price_changes": [{"asset_id": "19423897484252245381031724860563835455358662770351298411785241621776824540110", "price": "0.1", "size": "4163.45", "side": "BUY", "hash": "426c1d6aadb4943e3369c4153a7e704543808e57", "best_bid": "0.54", "best_ask": "0.62"}, {"asset_id": "79800804285394431406313674956566735663577258418418362056340026872565628701860", "price": "0.9", "size": "4163.45", "side": "SELL", "hash": "bb25367edcde81a849d15a862d90d247594e0671", "best_bid": "0.38", "best_ask": "0.46"}], "timestamp": "1769384747208", "event_type": "price_change"}}
{"_local_timestamp": "2026-01-25T23:45:47.313172+00:00", "data": {"market": "0xcf3bdf479e31addf0d920776325a8759c37e977d8ccd16d84bb8a7c9b319f5b4", "price_changes": [{"asset_id": "19423897484252245381031724860563835455358662770351298411785241621776824540110", "price": "0.09", "size": "400", "side": "BUY", "hash": "f62a2a1c5d69a1f40a1ec975e50728f399e2f2fc", "best_bid": "0.54", "best_ask": "0.62"}, {"asset_id": "79800804285394431406313674956566735663577258418418362056340026872565628701860", "price": "0.91", "size": "400", "side": "SELL", "hash": "c7571cd0e544ea5c26bbc1e1a752e2cda53542a2", "best_bid": "0.38", "best_ask": "0.46"}], "timestamp": "1769384747238", "event_type": "price_change"}}
{"_local_timestamp": "2026-01-25T23:45:47.384040+00:00", "data": {"market": "0xcf3bdf479e31addf0d920776325a8759c37e977d8ccd16d84bb8a7c9b319f5b4", "price_changes": [{"asset_id": "19423897484252245381031724860563835455358662770351298411785241621776824540110", "price": "0.09", "size": "500", "side": "BUY", "hash": "d5599d697d282726d6edf6548c49a8d04064179f", "best_bid": "0.54", "best_ask": "0.62"}, {"asset_id": "79800804285394431406313674956566735663577258418418362056340026872565628701860", "price": "0.91", "size": "500", "side": "SELL", "hash": "b9db3cb2eb0be30e606d2880d55af913bf1b2678", "best_bid": "0.38", "best_ask": "0.46"}], "timestamp": "1769384747317", "event_type": "price_change"}}
{"_local_timestamp": "2026-01-25T23:45:53.530424+00:00", "data": {"market": "0xcf3bdf479e31addf0d920776325a8759c37e977d8ccd16d84bb8a7c9b319f5b4", "price_changes": [{"asset_id": "19423897484252245381031724860563835455358662770351298411785241621776824540110", "price": "0.08", "size": "4257.32", "side": "BUY", "hash": "2ba2499f1e576a4e58996c44285659e0dbd4d902", "best_bid": "0.54", "best_ask": "0.62"}, {"asset_id": "79800804285394431406313674956566735663577258418418362056340026872565628701860", "price": "0.92", "size": "4257.32", "side": "SELL", "hash": "71171cf24091d6b7e72e665fe575d9e116cf50de", "best_bid": "0.38", "best_ask": "0.46"}], "timestamp": "1769384753451", "event_type": "price_change"}}
{"_local_timestamp": "2026-01-25T23:45:53.593177+00:00", "data": {"market": "0xcf3bdf479e31addf0d920776325a8759c37e977d8ccd16d84bb8a7c9b319f5b4", "price_changes": [{"asset_id": "19423897484252245381031724860563835455358662770351298411785241621776824540110", "price": "0.1", "size": "6.13", "side": "BUY", "hash": "09079f19fec923e9ae28f083b98eae2c353408e2", "best_bid": "0.54", "best_ask": "0.62"}, {"asset_id": "79800804285394431406313674956566735663577258418418362056340026872565628701860", "price": "0.9", "size": "6.13", "side": "SELL", "hash": "2f5233c8a19a76eccaf0feb6a4f25e0cd267829c", "best_bid": "0.38", "best_ask": "0.46"}], "timestamp": "1769384753521", "event_type": "price_change"}}
{"_local_timestamp": "2026-01-25T23:45:53.822610+00:00", "data": {"market": "0xcf3bdf479e31addf0d920776325a8759c37e977d8ccd16d84bb8a7c9b319f5b4", "price_changes": [{"asset_id": "19423897484252245381031724860563835455358662770351298411785241621776824540110", "price": "0.09", "size": "600", "side": "BUY", "hash": "824a590db3b5dabfa3df3e143e3d1a93dba3b0fd", "best_bid": "0.54", "best_ask": "0.62"}, {"asset_id": "79800804285394431406313674956566735663577258418418362056340026872565628701860", "price": "0.91", "size": "600", "side": "SELL", "hash": "923da87324c7aac3ffdcf1b88503a6011888f206", "best_bid": "0.38", "best_ask": "0.46"}], "timestamp": "1769384753756", "event_type": "price_change"}}
{"_local_timestamp": "2026-01-25T23:45:53.898486+00:00", "data": {"market": "0xcf3bdf479e31addf0d920776325a8759c37e977d8ccd16d84bb8a7c9b319f5b4", "price_changes": [{"asset_id": "19423897484252245381031724860563835455358662770351298411785241621776824540110", "price": "0.1", "size": "896.24", "side": "BUY", "hash": "a45e40b1aaa12fe58b164e7ac29d26074fdd9dab", "best_bid": "0.54", "best_ask": "0.62"}, {"asset_id": "79800804285394431406313674956566735663577258418418362056340026872565628701860", "price": "0.9", "size": "896.24", "side": "SELL", "hash": "495dcda93f800123eaf91239c361a1f03029e11c", "best_bid": "0.38", "best_ask": "0.46"}], "timestamp": "1769384753827", "event_type": "price_change"}}
{"_local_timestamp": "2026-01-25T23:45:53.899523+00:00", "data": {"market": "0xcf3bdf479e31addf0d920776325a8759c37e977d8ccd16d84bb8a7c9b319f5b4", "price_changes": [{"asset_id": "19423897484252245381031724860563835455358662770351298411785241621776824540110", "price": "0.1", "size": "2893.35", "side": "BUY", "hash": "378dc580f6a71c00e29097a9bba9c388062d152f", "best_bid": "0.54", "best_ask": "0.62"}, {"asset_id": "79800804285394431406313674956566735663577258418418362056340026872565628701860", "price": "0.9", "size": "2893.35", "side": "SELL", "hash": "ae8c3f2bb42f72ab0bd19dac8992137cf353119e", "best_bid": "0.38", "best_ask": "0.46"}], "timestamp": "1769384753828", "event_type": "price_change"}}
{"_local_timestamp": "2026-01-25T23:45:53.900424+00:00", "data": {"market": "0xcf3bdf479e31addf0d920776325a8759c37e977d8ccd16d84bb8a7c9b319f5b4", "price_changes": [{"asset_id": "19423897484252245381031724860563835455358662770351298411785241621776824540110", "price": "0.1", "size": "4163.45", "side": "BUY", "hash": "3f47ba09063b8878051a9ac0a910d06d6f35482e", "best_bid": "0.54", "best_ask": "0.62"}, {"asset_id": "79800804285394431406313674956566735663577258418418362056340026872565628701860", "price": "0.9", "size": "4163.45", "side": "SELL", "hash": "fcc990cda1b3269e799321365b1bcb28da545952", "best_bid": "0.38", "best_ask": "0.46"}], "timestamp": "1769384753829", "event_type": "price_change"}}
{"_local_timestamp": "2026-01-25T23:45:55.846061+00:00", "data": {"market": "0xcf3bdf479e31addf0d920776325a8759c37e977d8ccd16d84bb8a7c9b319f5b4", "price_changes": [{"asset_id": "19423897484252245381031724860563835455358662770351298411785241621776824540110", "price": "0.08", "size": "4157.32", "side": "BUY", "hash": "7f88adc5c9de97f249eb5529b681ab4f91222282", "best_bid": "0.54", "best_ask": "0.62"}, {"asset_id": "79800804285394431406313674956566735663577258418418362056340026872565628701860", "price": "0.92", "size": "4157.32", "side": "SELL", "hash": "89964b0e84645c0132f1e8343c3ff83df0817592", "best_bid": "0.38", "best_ask": "0.46"}], "timestamp": "1769384755775", "event_type": "price_change"}}
{"_local_timestamp": "2026-01-25T23:45:56.802617+00:00", "data": {"market": "0xcf3bdf479e31addf0d920776325a8759c37e977d8ccd16d84bb8a7c9b319f5b4", "price_changes": [{"asset_id": "19423897484252245381031724860563835455358662770351298411785241621776824540110", "price": "0.09", "size": "700", "side": "BUY", "hash": "53c187c78edcac0ca36c565d22c4b6b64b62bf0e", "best_bid": "0.54", "best_ask": "0.62"}, {"asset_id": "79800804285394431406313674956566735663577258418418362056340026872565628701860", "price": "0.91", "size": "700", "side": "SELL", "hash": "1a1ee2e1a3237ed716481c12c70a0e2fa63f07d2", "best_bid": "0.38", "best_ask": "0.46"}], "timestamp": "1769384756134", "event_type": "price_change"}}
{"_local_timestamp": "2026-01-25T23:45:57.195072+00:00", "data": {"market": "0xcf3bdf479e31addf0d920776325a8759c37e977d8ccd16d84bb8a7c9b319f5b4", "price_changes": [{"asset_id": "19423897484252245381031724860563835455358662770351298411785241621776824540110", "price": "0.08", "size": "1997.11", "side": "BUY", "hash": "3fd5aa35d5fb415e32f8240e8bef1c16714ff7a2", "best_bid": "0.54", "best_ask": "0.62"}, {"asset_id": "79800804285394431406313674956566735663577258418418362056340026872565628701860", "price": "0.92", "size": "1997.11", "side": "SELL", "hash": "16d66b1788b2c42c22a0880b7872d7da586836d7", "best_bid": "0.38", "best_ask": "0.46"}], "timestamp": "1769384756775", "event_type": "price_change"}}
{"_local_timestamp": "2026-01-25T23:45:57.252928+00:00", "data": {"market": "0xcf3bdf479e31addf0d920776325a8759c37e977d8ccd16d84bb8a7c9b319f5b4", "price_changes": [{"asset_id": "79800804285394431406313674956566735663577258418418362056340026872565628701860", "price": "0.09", "size": "0", "side": "BUY", "hash": "bfbc2cea7ce0a248ae311c51587f0ecb95f3b548", "best_bid": "0.38", "best_ask": "0.46"}, {"asset_id": "19423897484252245381031724860563835455358662770351298411785241621776824540110", "price": "0.91", "size": "0", "side": "SELL", "hash": "d0faa7573a7bf99b4f1f219b7fd317376e720b10", "best_bid": "0.54", "best_ask": "0.62"}], "timestamp": "1769384756842", "event_type": "price_change"}}
{"_local_timestamp": "2026-01-25T23:45:57.262428+00:00", "data": {"market": "0xcf3bdf479e31addf0d920776325a8759c37e977d8ccd16d84bb8a7c9b319f5b4", "price_changes": [{"asset_id": "19423897484252245381031724860563835455358662770351298411785241621776824540110", "price": "0.08", "size": "0", "side": "BUY", "hash": "c75631805e903f2a9f782e4c03b560b6b5cfd987", "best_bid": "0.54", "best_ask": "0.62"}, {"asset_id": "79800804285394431406313674956566735663577258418418362056340026872565628701860", "price": "0.92", "size": "0", "side": "SELL", "hash": "2b4b5b578c233090cfa12220cc78efabf02d5d5b", "best_bid": "0.38", "best_ask": "0.46"}], "timestamp": "1769384756866", "event_type": "price_change"}}
{"_local_timestamp": "2026-01-25T23:46:09.867805+00:00", "data": {"market": "0xcf3bdf479e31addf0d920776325a8759c37e977d8ccd16d84bb8a7c9b319f5b4", "price_changes": [{"asset_id": "19423897484252245381031724860563835455358662770351298411785241621776824540110", "price": "0.09", "size": "600", "side": "BUY", "hash": "b398cca9449cf5d6979c099d355b7cce66d14125", "best_bid": "0.54", "best_ask": "0.62"}, {"asset_id": "79800804285394431406313674956566735663577258418418362056340026872565628701860", "price": "0.91", "size": "600", "side": "SELL", "hash": "cca803d712be23b148b260a4985fb01bbe2af1f2", "best_bid": "0.38", "best_ask": "0.46"}], "timestamp": "1769384769796", "event_type": "price_change"}}
{"_local_timestamp": "2026-01-25T23:46:10.144600+00:00", "data": {"market": "0xcf3bdf479e31addf0d920776325a8759c37e977d8ccd16d84bb8a7c9b319f5b4", "price_changes": [{"asset_id": "19423897484252245381031724860563835455358662770351298411785241621776824540110", "price": "0.1", "size": "4263.45", "side": "BUY", "hash": "5745edfe6c1bd3baf9eecbd3f9f718e8fcf2877f", "best_bid": "0.54", "best_ask": "0.62"}, {"asset_id": "79800804285394431406313674956566735663577258418418362056340026872565628701860", "price": "0.9", "size": "4263.45", "side": "SELL", "hash": "2f8680d37e3832f6888d15892e19a6253cada1b9", "best_bid": "0.38", "best_ask": "0.46"}], "timestamp": "1769384770072", "event_type": "price_change"}}
{"_local_timestamp": "2026-01-25T23:46:12.048614+00:00", "data": {"market": "0xcf3bdf479e31addf0d920776325a8759c37e977d8ccd16d84bb8a7c9b319f5b4", "price_changes": [{"asset_id": "19423897484252245381031724860563835455358662770351298411785241621776824540110", "price": "0.09", "size": "200", "side": "BUY", "hash": "dba10f9a7a64c9fa0309eebea4cd527523b9080a", "best_bid": "0.54", "best_ask": "0.62"}, {"asset_id": "79800804285394431406313674956566735663577258418418362056340026872565628701860", "price": "0.91", "size": "200", "side": "SELL", "hash": "9fbdc7bccc4af155704ac099c98bb6a5c69c82ec", "best_bid": "0.38", "best_ask": "0.46"}], "timestamp": "1769384771942", "event_type": "price_change"}}
{"_local_timestamp": "2026-01-25T23:46:12.293975+00:00", "data": {"market": "0xcf3bdf479e31addf0d920776325a8759c37e977d8ccd16d84bb8a7c9b319f5b4", "price_changes": [{"asset_id": "19423897484252245381031724860563835455358662770351298411785241621776824540110", "price": "0.1", "size": "4663.45", "side": "BUY", "hash": "01d0f8ec3751a26f797434ff82d2c4aa100e2584", "best_bid": "0.54", "best_ask": "0.62"}, {"asset_id": "79800804285394431406313674956566735663577258418418362056340026872565628701860", "price": "0.9", "size": "4663.45", "side": "SELL", "hash": "7a887568790e08a8fda1e5dc08a4e1fb54c05ef8", "best_bid": "0.38", "best_ask": "0.46"}], "timestamp": "1769384772218", "event_type": "price_change"}}
{"_local_timestamp": "2026-01-25T23:46:12.315215+00:00", "data": {"market": "0xcf3bdf479e31addf0d920776325a8759c37e977d8ccd16d84bb8a7c9b319f5b4", "price_changes": [{"asset_id": "19423897484252245381031724860563835455358662770351298411785241621776824540110", "price": "0.08", "size": "1997.11", "side": "BUY", "hash": "87ae7db12b6fea8a886aec4deaccd88333f83c17", "best_bid": "0.54", "best_ask": "0.62"}, {"asset_id": "79800804285394431406313674956566735663577258418418362056340026872565628701860", "price": "0.92", "size": "1997.11", "side": "SELL", "hash": "14d6caf28b978c6876b1e950fc23bd85327ac5f7", "best_bid": "0.38", "best_ask": "0.46"}], "timestamp": "1769384772243", "event_type": "price_change"}}
{"_local_timestamp": "2026-01-25T23:46:12.548505+00:00", "data": {"market": "0xcf3bdf479e31addf0d920776325a8759c37e977d8ccd16d84bb8a7c9b319f5b4", "price_changes": [{"asset_id": "19423897484252245381031724860563835455358662770351298411785241621776824540110", "price": "0.08", "size": "3267.21", "side": "BUY", "hash": "c0ba4fdc04db6613f23c1a1818f8baaf50fb3edb", "best_bid": "0.54", "best_ask": "0.62"}, {"asset_id": "79800804285394431406313674956566735663577258418418362056340026872565628701860", "price": "0.92", "size": "3267.21", "side": "SELL", "hash": "cfe9f1d7c32cce570ea65183144331283327669a", "best_bid": "0.38", "best_ask": "0.46"}], "timestamp": "1769384772476", "event_type": "price_change"}}
{"_local_timestamp": "2026-01-25T23:46:12.549597+00:00", "data": {"market": "0xcf3bdf479e31addf0d920776325a8759c37e977d8ccd16d84bb8a7c9b319f5b4", "price_changes": [{"asset_id": "19423897484252245381031724860563835455358662770351298411785241621776824540110", "price": "0.08", "size": "4157.32", "side": "BUY", "hash": "1f049b6ea258d6ae18d4fe3a77cadf816d43d2c6", "best_bid": "0.54", "best_ask": "0.62"}, {"asset_id": "79800804285394431406313674956566735663577258418418362056340026872565628701860", "price": "0.92", "size": "4157.32", "side": "SELL", "hash": "92ef4211871eb6e27bfc15e81716a0cf3b4e8001", "best_bid": "0.38", "best_ask": "0.46"}], "timestamp": "1769384772477", "event_type": "price_change"}}
{"_local_timestamp": "2026-01-25T23:46:22.128664+00:00", "data": {"market": "0xcf3bdf479e31addf0d920776325a8759c37e977d8ccd16d84bb8a7c9b319f5b4", "price_changes": [{"asset_id": "19423897484252245381031724860563835455358662770351298411785241621776824540110", "price": "0.09", "size": "100", "side": "BUY", "hash": "07026415f508a2965d519e2fbfb80a3778c9db19", "best_bid": "0.54", "best_ask": "0.62"}, {"asset_id": "79800804285394431406313674956566735663577258418418362056340026872565628701860", "price": "0.91", "size": "100", "side": "SELL", "hash": "5123ccff7dbbbaf3b9eb9b1e98a10d219e19b23c", "best_bid": "0.38", "best_ask": "0.46"}], "timestamp": "1769384782021", "event_type": "price_change"}}
{"_local_timestamp": "2026-01-25T23:46:22.218234+00:00", "data": {"market": "0xcf3bdf479e31addf0d920776325a8759c37e977d8ccd16d84bb8a7c9b319f5b4", "price_changes": [{"asset_id": "19423897484252245381031724860563835455358662770351298411785241621776824540110", "price": "0.1", "size": "506.13", "side": "BUY", "hash": "ec830e8ce7c7c95728a3a19ef353a8c4f1076b85", "best_bid": "0.54", "best_ask": "0.62"}, {"asset_id": "79800804285394431406313674956566735663577258418418362056340026872565628701860", "price": "0.9", "size": "506.13", "side": "SELL", "hash": "f3fe2ac0d89eec1ef34f9f1222ebad9ea465a549", "best_bid": "0.38", "best_ask": "0.46"}], "timestamp": "1769384782148", "event_type": "price_change"}}
{"_local_timestamp": "2026-01-25T23:46:22.388163+00:00", "data": {"market": "0xcf3bdf479e31addf0d920776325a8759c37e977d8ccd16d84bb8a7c9b319f5b4", "price_changes": [{"asset_id": "19423897484252245381031724860563835455358662770351298411785241621776824540110", "price": "0.1", "size": "606.13", "side": "BUY", "hash": "d4cc6787e81d54b8437f21d697bab8264d7a8914", "best_bid": "0.54", "best_ask": "0.62"}, {"asset_id": "79800804285394431406313674956566735663577258418418362056340026872565628701860", "price": "0.9", "size": "606.13", "side": "SELL", "hash": "b559f78717d5cf04c0a6c167b56e5ab1c336e212", "best_bid": "0.38", "best_ask": "0.46"}], "timestamp": "1769384782320", "event_type": "price_change"}}
{"_local_timestamp": "2026-01-25T23:46:22.488762+00:00", "data": {"market": "0xcf3bdf479e31addf0d920776325a8759c37e977d8ccd16d84bb8a7c9b319f5b4", "price_changes": [{"asset_id": "19423897484252245381031724860563835455358662770351298411785241621776824540110", "price": "0.11", "size": "1270.1", "side": "BUY", "hash": "7f1a5e9a2c112310eb5eb433649c8528914a9bef", "best_bid": "0.54", "best_ask": "0.62"}, {"asset_id": "79800804285394431406313674956566735663577258418418362056340026872565628701860", "price": "0.89", "size": "1270.1", "side": "SELL", "hash": "0f74c85cfa1567f85270136430e5297aa8c49257", "best_bid": "0.38", "best_ask": "0.46"}], "timestamp": "1769384782420", "event_type": "price_change"}}
{"_local_timestamp": "2026-01-25T23:46:22.527189+00:00", "data": {"market": "0xcf3bdf479e31addf0d920776325a8759c37e977d8ccd16d84bb8a7c9b319f5b4", "price_changes": [{"asset_id": "19423897484252245381031724860563835455358662770351298411785241621776824540110", "price": "0.11", "size": "3267.21", "side": "BUY", "hash": "b215c6a0432dafbbff0b8d48a745542c7ee44e16", "best_bid": "0.54", "best_ask": "0.62"}, {"asset_id": "79800804285394431406313674956566735663577258418418362056340026872565628701860", "price": "0.89", "size": "3267.21", "side": "SELL", "hash": "61db8653262918ecec4744dd893b83485257f77c", "best_bid": "0.38", "best_ask": "0.46"}], "timestamp": "1769384782454", "event_type": "price_change"}}
{"_local_timestamp": "2026-01-25T23:46:22.528264+00:00", "data": {"market": "0xcf3bdf479e31addf0d920776325a8759c37e977d8ccd16d84bb8a7c9b319f5b4", "price_changes": [{"asset_id": "19423897484252245381031724860563835455358662770351298411785241621776824540110", "price": "0.11", "size": "4157.32", "side": "BUY", "hash": "48b62bc37b62adcd61e56733f5ad8914cc23d62c", "best_bid": "0.54", "best_ask": "0.62"}, {"asset_id": "79800804285394431406313674956566735663577258418418362056340026872565628701860", "price": "0.89", "size": "4157.32", "side": "SELL", "hash": "7731f65ea9bb611b033feee7dd5fea252fe7b7c8", "best_bid": "0.38", "best_ask": "0.46"}], "timestamp": "1769384782455", "event_type": "price_change"}}
{"_local_timestamp": "2026-01-25T23:46:25.904191+00:00", "data": {"market": "0xcf3bdf479e31addf0d920776325a8759c37e977d8ccd16d84bb8a7c9b319f5b4", "price_changes": [{"asset_id": "19423897484252245381031724860563835455358662770351298411785241621776824540110", "price": "0.09", "size": "0", "side": "BUY", "hash": "30ea318863fbc6e4edef813ccddc65bf7846db52", "best_bid": "0.54", "best_ask": "0.62"}, {"asset_id": "79800804285394431406313674956566735663577258418418362056340026872565628701860", "price": "0.91", "size": "0", "side": "SELL", "hash": "e4ccac7cc43c37497db3d053ddbe5aac88bdef31", "best_bid": "0.38", "best_ask": "0.46"}], "timestamp": "1769384785831", "event_type": "price_change"}}
{"_local_timestamp": "2026-01-25T23:46:25.991996+00:00", "data": {"market": "0xcf3bdf479e31addf0d920776325a8759c37e977d8ccd16d84bb8a7c9b319f5b4", "price_changes": [{"asset_id": "19423897484252245381031724860563835455358662770351298411785241621776824540110", "price": "0.08", "size": "0", "side": "BUY", "hash": "91f68981dd0b2bdedf772114c2642e0d5154d448", "best_bid": "0.54", "best_ask": "0.62"}, {"asset_id": "79800804285394431406313674956566735663577258418418362056340026872565628701860", "price": "0.92", "size": "0", "side": "SELL", "hash": "45b0b6737f2f42f0ab3dcbc97b12bc1d95b0dac0", "best_bid": "0.38", "best_ask": "0.46"}], "timestamp": "1769384785912", "event_type": "price_change"}}
{"_local_timestamp": "2026-01-25T23:46:26.199067+00:00", "data": {"market": "0xcf3bdf479e31addf0d920776325a8759c37e977d8ccd16d84bb8a7c9b319f5b4", "price_changes": [{"asset_id": "19423897484252245381031724860563835455358662770351298411785241621776824540110", "price": "0.1", "size": "706.13", "side": "BUY", "hash": "e4a4b7b28f819b06777eb490c930a6eeae389e2a", "best_bid": "0.54", "best_ask": "0.62"}, {"asset_id": "79800804285394431406313674956566735663577258418418362056340026872565628701860", "price": "0.9", "size": "706.13", "side": "SELL", "hash": "1518aa997b905c96be3abc35a371439710459a3f", "best_bid": "0.38", "best_ask": "0.46"}], "timestamp": "1769384786130", "event_type": "price_change"}}
{"_local_timestamp": "2026-01-25T23:46:52.827972+00:00", "data": {"market": "0xcf3bdf479e31addf0d920776325a8759c37e977d8ccd16d84bb8a7c9b319f5b4", "price_changes": [{"asset_id": "19423897484252245381031724860563835455358662770351298411785241621776824540110", "price": "0.1", "size": "606.13", "side": "BUY", "hash": "4dc995a7a19391f263ed70780793adc8437273e9", "best_bid": "0.54", "best_ask": "0.62"}, {"asset_id": "79800804285394431406313674956566735663577258418418362056340026872565628701860", "price": "0.9", "size": "606.13", "side": "SELL", "hash": "665180e4020a9ce8d3767144d89b58d307d918e6", "best_bid": "0.38", "best_ask": "0.46"}], "timestamp": "1769384812751", "event_type": "price_change"}}
{"_local_timestamp": "2026-01-25T23:46:53.137316+00:00", "data": {"market": "0xcf3bdf479e31addf0d920776325a8759c37e977d8ccd16d84bb8a7c9b319f5b4", "price_changes": [{"asset_id": "19423897484252245381031724860563835455358662770351298411785241621776824540110", "price": "0.11", "size": "4257.32", "side": "BUY", "hash": "a05efff1061601b8b0b02ebfdc461275f5677517", "best_bid": "0.54", "best_ask": "0.62"}, {"asset_id": "79800804285394431406313674956566735663577258418418362056340026872565628701860", "price": "0.89", "size": "4257.32", "side": "SELL", "hash": "e98c9706cdd02fdaaec2b468d15f6464251d6ec0", "best_bid": "0.38", "best_ask": "0.46"}], "timestamp": "1769384813062", "event_type": "price_change"}}
{"_local_timestamp": "2026-01-25T23:46:54.177676+00:00", "data": {"market": "0xcf3bdf479e31addf0d920776325a8759c37e977d8ccd16d84bb8a7c9b319f5b4", "price_changes": [{"asset_id": "19423897484252245381031724860563835455358662770351298411785241621776824540110", "price": "0.1", "size": "506.13", "side": "BUY", "hash": "9784ecb1f9e8d82d77a2db56f1e2e0a4bf97c4a7", "best_bid": "0.54", "best_ask": "0.62"}, {"asset_id": "79800804285394431406313674956566735663577258418418362056340026872565628701860", "price": "0.9", "size": "506.13", "side": "SELL", "hash": "78e28045c2635b60a7cb416379341d4516e73185", "best_bid": "0.38", "best_ask": "0.46"}], "timestamp": "1769384814102", "event_type": "price_change"}}
{"_local_timestamp": "2026-01-25T23:46:54.190303+00:00", "data": {"market": "0xcf3bdf479e31addf0d920776325a8759c37e977d8ccd16d84bb8a7c9b319f5b4", "price_changes": [{"asset_id": "19423897484252245381031724860563835455358662770351298411785241621776824540110", "price": "0.1", "size": "106.13", "side": "BUY", "hash": "7b0c0ca5433c7df3e37adc89af01a39fd3e2f23a", "best_bid": "0.54", "best_ask": "0.62"}, {"asset_id": "79800804285394431406313674956566735663577258418418362056340026872565628701860", "price": "0.9", "size": "106.13", "side": "SELL", "hash": "616118507fb4077deea673c74575aeffbd2dfd90", "best_bid": "0.38", "best_ask": "0.46"}], "timestamp": "1769384814119", "event_type": "price_change"}}
{"_local_timestamp": "2026-01-25T23:46:54.239728+00:00", "data": {"market": "0xcf3bdf479e31addf0d920776325a8759c37e977d8ccd16d84bb8a7c9b319f5b4", "price_changes": [{"asset_id": "19423897484252245381031724860563835455358662770351298411785241621776824540110", "price": "0.08", "size": "1270.1", "side": "BUY", "hash": "865dbcb85578dddb897b5b1e7f80ed0286d2dc47", "best_bid": "0.54", "best_ask": "0.62"}, {"asset_id": "79800804285394431406313674956566735663577258418418362056340026872565628701860", "price": "0.92", "size": "1270.1", "side": "SELL", "hash": "afb6790bdb67d4af53d0f42c1326498ef998ac4b", "best_bid": "0.38", "best_ask": "0.46"}], "timestamp": "1769384814174", "event_type": "price_change"}}
{"_local_timestamp": "2026-01-25T23:46:54.240778+00:00", "data": {"market": "0xcf3bdf479e31addf0d920776325a8759c37e977d8ccd16d84bb8a7c9b319f5b4", "price_changes": [{"asset_id": "19423897484252245381031724860563835455358662770351298411785241621776824540110", "price": "0.08", "size": "2160.21", "side": "BUY", "hash": "6aeb03a279f9bd7aa975fcd127679b1bf2a655dc", "best_bid": "0.54", "best_ask": "0.62"}, {"asset_id": "79800804285394431406313674956566735663577258418418362056340026872565628701860", "price": "0.92", "size": "2160.21", "side": "SELL", "hash": "fe9420bb77b81df3187710011e37e4ac5e8a0708", "best_bid": "0.38", "best_ask": "0.46"}], "timestamp": "1769384814175", "event_type": "price_change"}}
{"_local_timestamp": "2026-01-25T23:46:54.305185+00:00", "data": {"market": "0xcf3bdf479e31addf0d920776325a8759c37e977d8ccd16d84bb8a7c9b319f5b4", "price_changes": [{"asset_id": "19423897484252245381031724860563835455358662770351298411785241621776824540110", "price": "0.08", "size": "4157.32", "side": "BUY", "hash": "c1a15b6ed23e6d512eba35672d4099b8d38cad57", "best_bid": "0.54", "best_ask": "0.62"}, {"asset_id": "79800804285394431406313674956566735663577258418418362056340026872565628701860", "price": "0.92", "size": "4157.32", "side": "SELL", "hash": "cd292adcad652c1dc00d9b487039eb65549ebb89", "best_bid": "0.38", "best_ask": "0.46"}], "timestamp": "1769384814234", "event_type": "price_change"}}
{"_local_timestamp": "2026-01-25T23:46:54.487399+00:00", "data": {"market": "0xcf3bdf479e31addf0d920776325a8759c37e977d8ccd16d84bb8a7c9b319f5b4", "price_changes": [{"asset_id": "19423897484252245381031724860563835455358662770351298411785241621776824540110", "price": "0.11", "size": "4357.32", "side": "BUY", "hash": "4220d41654408349515c9a25363410c004301877", "best_bid": "0.54", "best_ask": "0.62"}, {"asset_id": "79800804285394431406313674956566735663577258418418362056340026872565628701860", "price": "0.89", "size": "4357.32", "side": "SELL", "hash": "2eb60b2d1696e87c11983256e492637493636eaf", "best_bid": "0.38", "best_ask": "0.46"}], "timestamp": "1769384814412", "event_type": "price_change"}}
{"_local_timestamp": "2026-01-25T23:46:54.500726+00:00", "data": {"market": "0xcf3bdf479e31addf0d920776325a8759c37e977d8ccd16d84bb8a7c9b319f5b4", "price_changes": [{"asset_id": "19423897484252245381031724860563835455358662770351298411785241621776824540110", "price": "0.11", "size": "4757.32", "side": "BUY", "hash": "14ca0846669cd22b692b392073737aab9c353dd7", "best_bid": "0.54", "best_ask": "0.62"}, {"asset_id": "79800804285394431406313674956566735663577258418418362056340026872565628701860", "price": "0.89", "size": "4757.32", "side": "SELL", "hash": "484cca7d61e38d7513942f52b8d94a1f77bedc2f", "best_bid": "0.38", "best_ask": "0.46"}], "timestamp": "1769384814436", "event_type": "price_change"}}
{"_local_timestamp": "2026-01-25T23:46:56.799565+00:00", "data": {"market": "0xcf3bdf479e31addf0d920776325a8759c37e977d8ccd16d84bb8a7c9b319f5b4", "price_changes": [{"asset_id": "79800804285394431406313674956566735663577258418418362056340026872565628701860", "price": "0.19", "size": "425", "side": "BUY", "hash": "5530a5064ae3e6cf24f5bbf586487921aa6c8d75", "best_bid": "0.38", "best_ask": "0.46"}, {"asset_id": "19423897484252245381031724860563835455358662770351298411785241621776824540110", "price": "0.81", "size": "425", "side": "SELL", "hash": "3a0ab69dfcce53f03678b6ea485db207c970f34a", "best_bid": "0.54", "best_ask": "0.62"}], "timestamp": "1769384816717", "event_type": "price_change"}}
{"_local_timestamp": "2026-01-25T23:46:56.847951+00:00", "data": {"market": "0xcf3bdf479e31addf0d920776325a8759c37e977d8ccd16d84bb8a7c9b319f5b4", "price_changes": [{"asset_id": "19423897484252245381031724860563835455358662770351298411785241621776824540110", "price": "0.11", "size": "600", "side": "BUY", "hash": "78c83e04f65135212246d84b23b19dd0f0ee51e6", "best_bid": "0.54", "best_ask": "0.62"}, {"asset_id": "79800804285394431406313674956566735663577258418418362056340026872565628701860", "price": "0.89", "size": "600", "side": "SELL", "hash": "5c96ff6c35c6eafc873176e9a1cd43d3efe25e5c", "best_bid": "0.38", "best_ask": "0.46"}], "timestamp": "1769384816779", "event_type": "price_change"}}
{"_local_timestamp": "2026-01-25T23:46:56.858117+00:00", "data": {"market": "0xcf3bdf479e31addf0d920776325a8759c37e977d8ccd16d84bb8a7c9b319f5b4", "price_changes": [{"asset_id": "79800804285394431406313674956566735663577258418418362056340026872565628701860", "price": "0.2", "size": "965.11", "side": "BUY", "hash": "0de385ac1a2fe22942522fb872b2fe09cfb174e6", "best_bid": "0.38", "best_ask": "0.46"}, {"asset_id": "19423897484252245381031724860563835455358662770351298411785241621776824540110", "price": "0.8", "size": "965.11", "side": "SELL", "hash": "af08e43e17cc7d0899ac5a441ce76dd4d79c7058", "best_bid": "0.54", "best_ask": "0.62"}], "timestamp": "1769384816785", "event_type": "price_change"}}
{"_local_timestamp": "2026-01-25T23:46:56.859068+00:00", "data": {"market": "0xcf3bdf479e31addf0d920776325a8759c37e977d8ccd16d84bb8a7c9b319f5b4", "price_changes": [{"asset_id": "79800804285394431406313674956566735663577258418418362056340026872565628701860", "price": "0.19", "size": "1315.11", "side": "BUY", "hash": "61c703d71db46805a982242bdce7523fc9a84ee7", "best_bid": "0.38", "best_ask": "0.46"}, {"asset_id": "19423897484252245381031724860563835455358662770351298411785241621776824540110", "price": "0.81", "size": "1315.11", "side": "SELL", "hash": "9467bf827236962d6f5417689d5c6264d4e32888", "best_bid": "0.54", "best_ask": "0.62"}], "timestamp": "1769384816786", "event_type": "price_change"}}
