{"_local_timestamp": "2026-01-25T23:41:19.323774+00:00", "data": [{"market": "0xd3bec487721678dfe96c27d3055d2717d7d04e104f83d1502b32bea4436a952d", "asset_id": "113648131379277879753924959667041184881882806227484118809819396840767118223714", "timestamp": "1769384447736", "hash": "7d33ac5229abcd72e69f16d0b0f1606784091ad9", "bids": [{"price": "0.01", "size": "303.59"}, {"price": "0.02", "size": "96.69"}, {"price": "0.03", "size": "21"}, {"price": "0.05", "size": "23.99"}, {"price": "0.06", "size": "5.47"}], "asks": [{"price": "0.99", "size": "302.04"}, {"price": "0.98", "size": "100.48"}, {"price": "0.97", "size": "18.99"}, {"price": "0.96", "size": "29.99"}], "event_type": "book", "last_trade_price": ""}, {"market": "0x8960d9841cb0cfad6aa1c9d55067b42628b60560ae0a031b67972372b449ff92", "asset_id": "96534092401079138871902112518550779370486234549561591023672979476568161619882", "timestamp": "1769384447736", "hash": "9872643a795dfe5f627d9c6d9f4f403138c31a38", "bids": [{"price": "0.01", "size": "293.28"}, {"price": "0.02", "size": "255.94"}, {"price": "0.03", "size": "22.94"}, {"price": "0.05", "size": "23.99"}, {"price": "0.06", "size": "5.47"}], "asks": [{"price": "0.99", "size": "302.04"}, {"price": "0.98", "size": "325.48"}, {"price": "0.97", "size": "18.99"}, {"price": "0.96", "size": "29.99"}], "event_type": "book", "last_trade_price": ""}, {"market": "0xc86e9656d38c5f006cb51bf1bdfa1e5b90a632d2c9cbf4c6f3e15aa9e34be297", "asset_id": "75817408377548610766665809770044466675141164601276055493067377670196650120168", "timestamp": "1769384276760", "hash": "974383b63e23defa268a69edff2539d474c6642c", "bids": [{"price": "0.01", "size": "10549.88"}, {"price": "0.02", "size": "43.27"}, {"price": "0.04", "size": "5.47"}, {"price": "0.06", "size": "5.47"}, {"price": "0.07", "size": "5.47"}, {"price": "0.09", "size": "1140.11"}, {"price": "0.1", "size": "890.11"}], "asks": [{"price": "0.99", "size": "11434.04"}, {"price": "0.98", "size": "936.36"}, {"price": "0.88", "size": "1190.11"}, {"price": "0.87", "size": "890.11"}, {"price": "0.86", "size": "4157.32"}, {"price": "0.82", "size": "5.55"}], "event_type": "book", "last_trade_price": ""}, {"market": "0xd9261f30db9f4f13887bb7034962ccab0e0f7e0a00a5a892ee6695020826bfe4", "asset_id": "89686342503270167986446841122521338719128882966165149362478507209278270710085", "timestamp": "1769384447736", "hash": "e4bb7a2e357014d67992051aab331656299cf693", "bids": [{"price": "0.01", "size": "302.04"}, {"price": "0.02", "size": "257.48"}, {"price": "0.03", "size": "18.99"}, {"price": "0.05", "size": "23.99"}, {"price": "0.06", "size": "5.47"}], "asks": [{"price": "0.99", "size": "302.04"}, {"price": "0.98", "size": "275.48"}, {"price": "0.97", "size": "18.99"}, {"price": "0.96", "size": "29.99"}], "event_type": "book", "last_trade_price": ""}, {"market": "0x3788b720cd8df3e46d5700fdf1fcb2006d57d1896822f69350960d83a7f6f2c3", "asset_id": "83260965155425071750789202687088676838918123979784508430901911692764221989918", "timestamp": "1769384276760", "hash": "5e00d4a57ed925add75a22e41ae8a739d78e7e65", "bids": [{"price": "0.01", "size": "7184.59"}, {"price": "0.02", "size": "4314.77"}, {"price": "0.04", "size": "550"}, {"price": "0.05", "size": "15.92"}, {"price": "0.23", "size": "300"}, {"price": "0.26", "size": "1090.11"}, {"price": "0.27", "size": "890.11"}, {"price": "0.28", "size": "125"}, {"price": "0.3", "size": "162"}, {"price": "0.41", "size": "8"}, {"price": "0.43", "size": "70"}], "asks": [{"price": "0.99", "size": "8584.32"}, {"price": "0.98", "size": "1155.41"}, {"price": "0.97", "size": "4157.32"}, {"price": "0.96", "size": "6.66"}, {"price": "0.91", "size": "300"}, {"price": "0.9", "size": "1095.84"}, {"price": "0.89", "size": "1015.11"}, {"price": "0.88", "size": "75"}, {"price": "0.86", "size": "1190.11"}, {"price": "0.85", "size": "890.11"}, {"price": "0.84", "size": "4157.32"}, {"price": "0.68", "size": "105"}], "event_type": "book", "last_trade_price": ""}, {"market": "0x485ce1306dd172776d7a77cc89f586d6e25f88124e5892456d5ed7eea9090d73", "asset_id": "97528358565453323139050329739119863122720716621075724466897165338601927812963", "timestamp": "1769384447736", "hash": "67c03df49f32bc051528858c9d82ef200a4e5744", "bids": [{"price": "0.01", "size": "302.04"}, {"price": "0.02", "size": "100.48"}, {"price": "0.03", "size": "18.99"}, {"price": "0.04", "size": "29.99"}], "asks": [{"price": "0.99", "size": "303.65"}, {"price": "0.98", "size": "96.69"}, {"price": "0.97", "size": "20.99"}, {"price": "0.95", "size": "23.99"}, {"price": "0.94", "size": "5.47"}], "event_type": "book", "last_trade_price": ""}, {"market": "0xa3db0789331514d26706a5ba0ea5383b7fbf69c7366bfedf81a0115f69cfe57d", "asset_id": "3103132194095219426836511727094772331436803570864955642027195551582214215009", "timestamp": "1769383981010", "hash": "e72c4fc0abdcf3e845e90fbe8ef77d2787e33c29", "bids": [{"price": "0.01", "size": "11391.33"}, {"price": "0.02", "size": "157.03"}, {"price": "0.03", "size": "12.74"}, {"price": "0.05", "size": "1140.11"}, {"price": "0.06", "size": "901.06"}], "asks": [{"price": "0.99", "size": "11391.33"}, {"price": "0.98", "size": "157.03"}, {"price": "0.97", "size": "12.74"}, {"price": "0.95", "size": "1140.11"}, {"price": "0.94", "size": "895.59"}], "event_type": "book", "last_trade_price": ""}, {"market": "0x3f2eb8f9cd6979afe707e4543d3043122a1cbba2ddc7a65e9ea97601248890ee", "asset_id": "102484701068555519192079347140364192632743634945213377300360113030189464221193", "timestamp": "1769384192327", "hash": "58b939aaa1a2dab27b3923f3e9d4a661d5e7c0f8", "bids": [{"price": "0.01", "size": "10451.06"}, {"price": "0.02", "size": "26.69"}, {"price": "0.05", "size": "1190.11"}, {"price": "0.06", "size": "895.44"}], "asks": [{"price": "0.99", "size": "10448.02"}, {"price": "0.98", "size": "7.86"}, {"price": "0.97", "size": "24.23"}, {"price": "0.93", "size": "10.94"}, {"price": "0.91", "size": "1140.11"}, {"price": "0.9", "size": "890.11"}], "event_type": "book", "last_trade_price": ""}, {"market": "0x9a83eaa76d0eb7e2dcdcd60309e839d8d72dc2cf4390b569cd15ddea33bfdb4e", "asset_id": "27888513267230729321709250185969253838771561814661155674945182507335066777790", "timestamp": "1769383981010", "hash": "cbf5b48cfe8af7c9c71cf7405cabe8011fa51ec1", "bids": [{"price": "0.01", "size": "11391.33"}, {"price": "0.02", "size": "157.03"}, {"price": "0.03", "size": "23.71"}, {"price": "0.06", "size": "1140.11"}, {"price": "0.07", "size": "904.31"}], "asks": [{"price": "0.99", "size": "11391.33"}, {"price": "0.98", "size": "157.03"}, {"price": "0.97", "size": "23.71"}, {"price": "0.94", "size": "1140.11"}, {"price": "0.93", "size": "895.58"}], "event_type": "book", "last_trade_price": ""}, {"market": "0x3f2eb8f9cd6979afe707e4543d3043122a1cbba2ddc7a65e9ea97601248890ee", "asset_id": "88259995135008213692905889764500357581849606230487472831822828846742426729203", "timestamp": "1769384192327", "hash": "bf8957abb8c420de570067e35bf62fbd399c0ea4", "bids": [{"price": "0.01", "size": "10448.02"}, {"price": "0.02", "size": "7.86"}, {"price": "0.03", "size": "24.23"}, {"price": "0.07", "size": "10.94"}, {"price": "0.09", "size": "1140.11"}, {"price": "0.1", "size": "890.11"}], "asks": [{"price": "0.99", "size": "10451.06"}, {"price": "0.98", "size": "26.69"}, {"price": "0.95", "size": "1190.11"}, {"price": "0.94", "size": "895.44"}], "event_type": "book", "last_trade_price": ""}, {"market": "0x3954ec303febb0420062456b4125d2faf5dd12fd702cb7f36601cc5bf7adf8cf", "asset_id": "64349311682857866827393360367739437779294412649231079613468610137061404516535", "timestamp": "1769384189637", "hash": "5ccf4705542e575e821e37c237d1ef5a562150fe", "bids": [{"price": "0.01", "size": "10546.63"}, {"price": "0.02", "size": "44.9"}, {"price": "0.06", "size": "5.47"}, {"price": "0.07", "size": "5.47"}, {"price": "0.09", "size": "1140.11"}, {"price": "0.1", "size": "890.11"}], "asks": [{"price": "0.99", "size": "10547.23"}, {"price": "0.98", "size": "5.58"}, {"price": "0.97", "size": "26.01"}, {"price": "0.9", "size": "1140.11"}, {"price": "0.89", "size": "890.11"}], "event_type": "book", "last_trade_price": ""}, {"market": "0x9a83eaa76d0eb7e2dcdcd60309e839d8d72dc2cf4390b569cd15ddea33bfdb4e", "asset_id": "103336392619027583676134527163320432699186704848416164441797167484155123904502", "timestamp": "1769383981010", "hash": "9ea1c93b3c173f5e62df4efffebbc2cebc2e0d2c", "bids": [{"price": "0.01", "size": "11391.33"}, {"price": "0.02", "size": "157.03"}, {"price": "0.03", "size": "23.71"}, {"price": "0.06", "size": "1140.11"}, {"price": "0.07", "size": "895.58"}], "asks": [{"price": "0.99", "size": "11391.33"}, {"price": "0.98", "size": "157.03"}, {"price": "0.97", "size": "23.71"}, {"price": "0.94", "size": "1140.11"}, {"price": "0.93", "size": "904.31"}], "event_type": "book", "last_trade_price": ""}, {"market": "0x3954ec303febb0420062456b4125d2faf5dd12fd702cb7f36601cc5bf7adf8cf", "asset_id": "18734145241804997171021886584889310771568155256660137995688218800340229317604", "timestamp": "1769384189637", "hash": "4e27577961dcbab7ad1791bcab407529416b70ea", "bids": [{"price": "0.01", "size": "10547.23"}, {"price": "0.02", "size": "5.58"}, {"price": "0.03", "size": "26.01"}, {"price": "0.1", "size": "1140.11"}, {"price": "0.11", "size": "890.11"}], "asks": [{"price": "0.99", "size": "10546.63"}, {"price": "0.98", "size": "44.9"}, {"price": "0.94", "size": "5.47"}, {"price": "0.93", "size": "5.47"}, {"price": "0.91", "size": "1140.11"}, {"price": "0.9", "size": "890.11"}], "event_type": "book", "last_trade_price": ""}, {"market": "0x3788b720cd8df3e46d5700fdf1fcb2006d57d1896822f69350960d83a7f6f2c3", "asset_id": "82941787026169217016577064856639835191868871934790509742804812814935908621037", "timestamp": "1769384276760", "hash": "e56d199c497c163aa910bbfe3953170d3ea5cd8b", "bids": [{"price": "0.01", "size": "8584.32"}, {"price": "0.02", "size": "1155.41"}, {"price": "0.03", "size": "4157.32"}, {"price": "0.04", "size": "6.66"}, {"price": "0.09", "size": "300"}, {"price": "0.1", "size": "1095.84"}, {"price": "0.11", "size": "1015.11"}, {"price": "0.12", "size": "75"}, {"price": "0.14", "size": "1190.11"}, {"price": "0.15", "size": "890.11"}, {"price": "0.16", "size": "4157.32"}, {"price": "0.32", "size": "105"}], "asks": [{"price": "0.99", "size": "7184.59"}, {"price": "0.98", "size": "4314.77"}, {"price": "0.96", "size": "550"}, {"price": "0.95", "size": "15.92"}, {"price": "0.77", "size": "300"}, {"price": "0.74", "size": "1090.11"}, {"price": "0.73", "size": "890.11"}, {"price": "0.72", "size": "125"}, {"price": "0.7", "size": "162"}, {"price": "0.59", "size": "8"}, {"price": "0.57", "size": "70"}], "event_type": "book", "last_trade_price": ""}, {"market": "0x8960d9841cb0cfad6aa1c9d55067b42628b60560ae0a031b67972372b449ff92", "asset_id": "61963817687278949156561457702289203016562578262296881296974026720247149064615", "timestamp": "1769384447736", "hash": "2da822eef17f0c89c95e0a234dcb635686f8bffc", "bids": [{"price": "0.01", "size": "302.04"}, {"price": "0.02", "size": "325.48"}, {"price": "0.03", "size": "18.99"}, {"price": "0.04", "size": "29.99"}], "asks": [{"price": "0.99", "size": "293.28"}, {"price": "0.98", "size": "255.94"}, {"price": "0.97", "size": "22.94"}, {"price": "0.95", "size": "23.99"}, {"price": "0.94", "size": "5.47"}], "event_type": "book", "last_trade_price": ""}, {"market": "0xa3db0789331514d26706a5ba0ea5383b7fbf69c7366bfedf81a0115f69cfe57d", "asset_id": "89347168883216177290942337308564626845438137241490927486905126517375612527740", "timestamp": "1769383981010", "hash": "ee0d7b50c965dd0b58fb572679902516f1445a0a", "bids": [{"price": "0.01", "size": "11391.33"}, {"price": "0.02", "size": "157.03"}, {"price": "0.03", "size": "12.74"}, {"price": "0.05", "size": "1140.11"}, {"price": "0.06", "size": "895.59"}], "asks": [{"price": "0.99", "size": "11391.33"}, {"price": "0.98", "size": "157.03"}, {"price": "0.97", "size": "12.74"}, {"price": "0.95", "size": "1140.11"}, {"price": "0.94", "size": "901.06"}], "event_type": "book", "last_trade_price": ""}, {"market": "0xc86e9656d38c5f006cb51bf1bdfa1e5b90a632d2c9cbf4c6f3e15aa9e34be297", "asset_id": "100904687155674326765601817752546749961630405169020182357454195192886816792582", "timestamp": "1769384276760", "hash": "670fce07f04593ddb434dd2df276883bd5d6dbfa", "bids": [{"price": "0.01", "size": "11434.04"}, {"price": "0.02", "size": "936.36"}, {"price": "0.12", "size": "1190.11"}, {"price": "0.13", "size": "890.11"}, {"price": "0.14", "size": "4157.32"}, {"price": "0.18", "size": "5.55"}], "asks": [{"price": "0.99", "size": "10549.88"}, {"price": "0.98", "size": "43.27"}, {"price": "0.96", "size": "5.47"}, {"price": "0.94", "size": "5.47"}, {"price": "0.93", "size": "5.47"}, {"price": "0.91", "size": "1140.11"}, {"price": "0.9", "size": "890.11"}], "event_type": "book", "last_trade_price": ""}, {"market": "0x485ce1306dd172776d7a77cc89f586d6e25f88124e5892456d5ed7eea9090d73", "asset_id": "87841825926106475440156310469671214425083954360844729142714800512646927152922", "timestamp": "1769384447736", "hash": "129f0afcf5d9ea602514371c3ac085b596dc1b8a", "bids": [{"price": "0.01", "size": "303.65"}, {"price": "0.02", "size": "96.69"}, {"price": "0.03", "size": "20.99"}, {"price": "0.05", "size": "23.99"}, {"price": "0.06", "size": "5.47"}], "asks": [{"price": "0.99", "size": "302.04"}, {"price": "0.98", "size": "100.48"}, {"price": "0.97", "size": "18.99"}, {"price": "0.96", "size": "29.99"}], "event_type": "book", "last_trade_price": ""}, {"market": "0xd3bec487721678dfe96c27d3055d2717d7d04e104f83d1502b32bea4436a952d", "asset_id": "77855381230996067606750098735367294369035865859370005738242844881019056925725", "timestamp": "1769384447736", "hash": "a00eb246df8c58930afb8989498a0babda87c694", "bids": [{"price": "0.01", "size": "302.04"}, {"price": "0.02", "size": "100.48"}, {"price": "0.03", "size": "18.99"}, {"price": "0.04", "size": "29.99"}], "asks": [{"price": "0.99", "size": "303.59"}, {"price": "0.98", "size": "96.69"}, {"price": "0.97", "size": "21"}, {"price": "0.95", "size": "23.99"}, {"price": "0.94", "size": "5.47"}], "event_type": "book", "last_trade_price": ""}, {"market": "0xd9261f30db9f4f13887bb7034962ccab0e0f7e0a00a5a892ee6695020826bfe4", "asset_id": "42821893875966871518449471814771135482213633848029529871803285715812246793674", "timestamp": "1769384447736", "hash": "28654a9dbed24413e718d30cae9ba827bd1fc568", "bids": [{"price": "0.01", "size": "302.04"}, {"price": "0.02", "size": "275.48"}, {"price": "0.03", "size": "18.99"}, {"price": "0.04", "size": "29.99"}], "asks": [{"price": "0.99", "size": "302.04"}, {"price": "0.98", "size": "257.48"}, {"price": "0.97", "size": "18.99"}, {"price": "0.95", "size": "23.99"}, {"price": "0.94", "size": "5.47"}], "event_type": "book", "last_trade_price": ""}]}
{"_local_timestamp": "2026-01-25T23:41:27.088893+00:00", "data": {"market": "0x8960d9841cb0cfad6aa1c9d55067b42628b60560ae0a031b67972372b449ff92", "price_changes": [{"asset_id": "61963817687278949156561457702289203016562578262296881296974026720247149064615", "price": "0.02", "size": "175.48", "side": "BUY", "hash": "4da6ca854788cf4071e0ee856c595089e17155b4", "best_bid": "0.04", "best_ask": "0.94"}, {"asset_id": "96534092401079138871902112518550779370486234549561591023672979476568161619882", "price": "0.98", "size": "175.48", "side": "SELL", "hash": "904b8c54ace2655f1beeb1d6423c5bce8aaa47b9", "best_bid": "0.06", "best_ask": "0.96"}], "timestamp": "1769384487000", "event_type": "price_change"}}
{"_local_timestamp": "2026-01-25T23:41:27.091942+00:00", "data": {"market": "0x8960d9841cb0cfad6aa1c9d55067b42628b60560ae0a031b67972372b449ff92", "price_changes": [{"asset_id": "96534092401079138871902112518550779370486234549561591023672979476568161619882", "price": "0.02", "size": "105.94", "side": "BUY", "hash": "e459c2ff7dd6b86f05282119e1d847875a220e44", "best_bid": "0.06", "best_ask": "0.96"}, {"asset_id": "61963817687278949156561457702289203016562578262296881296974026720247149064615", "price": "0.98", "size": "105.94", "side": "SELL", "hash": "e77fe5c50ee4f6112baf667958eb188862d4d200", "best_bid": "0.04", "best_ask": "0.94"}], "timestamp": "1769384487001", "event_type": "price_change"}}
{"_local_timestamp": "2026-01-25T23:41:33.855476+00:00", "data": {"market": "0x8960d9841cb0cfad6aa1c9d55067b42628b60560ae0a031b67972372b449ff92", "price_changes": [{"asset_id": "96534092401079138871902112518550779370486234549561591023672979476568161619882", "price": "0.02", "size": "255.94", "side": "BUY", "hash": "e4176761fe7012ca786b35a45cd4576f64de9b62", "best_bid": "0.06", "best_ask": "0.96"}, {"asset_id": "61963817687278949156561457702289203016562578262296881296974026720247149064615", "price": "0.98", "size": "255.94", "side": "SELL", "hash": "1692a69c373b04219f6fd69daf1ba1daa635fdbd", "best_bid": "0.04", "best_ask": "0.94"}], "timestamp": "1769384493765", "event_type": "price_change"}}
{"_local_timestamp": "2026-01-25T23:41:33.859866+00:00", "data": {"market": "0x8960d9841cb0cfad6aa1c9d55067b42628b60560ae0a031b67972372b449ff92", "price_changes": [{"asset_id": "61963817687278949156561457702289203016562578262296881296974026720247149064615", "price": "0.02", "size": "325.48", "side": "BUY", "hash": "fcdd0452c950a201cc87eeff73d085d6815718eb", "best_bid": "0.04", "best_ask": "0.94"}, {"asset_id": "96534092401079138871902112518550779370486234549561591023672979476568161619882", "price": "0.98", "size": "325.48", "side": "SELL", "hash": "e850fb2a9eeec9f2a60d914b4300611487c4ca3b", "best_bid": "0.06", "best_ask": "0.96"}], "timestamp": "1769384493766", "event_type": "price_change"}}
{"_local_timestamp": "2026-01-25T23:42:06.637520+00:00", "data": {"market": "0xd9261f30db9f4f13887bb7034962ccab0e0f7e0a00a5a892ee6695020826bfe4", "price_changes": [{"asset_id": "89686342503270167986446841122521338719128882966165149362478507209278270710085", "price": "0.05", "size": "0", "side": "BUY", "hash": "47361abadf6661773b1f19ef43cc550f5bb1a02d", "best_bid": "0.06", "best_ask": "0.96"}, {"asset_id": "42821893875966871518449471814771135482213633848029529871803285715812246793674", "price": "0.95", "size": "0", "side": "SELL", "hash": "9f32897e82b5eefc4249ec6ccaa1ea76bc95a632", "best_bid": "0.04", "best_ask": "0.94"}], "timestamp": "1769384526567", "event_type": "price_change"}}
{"_local_timestamp": "2026-01-25T23:42:06.644565+00:00", "data": {"market": "0x8960d9841cb0cfad6aa1c9d55067b42628b60560ae0a031b67972372b449ff92", "price_changes": [{"asset_id": "96534092401079138871902112518550779370486234549561591023672979476568161619882", "price": "0.05", "size": "0", "side": "BUY", "hash": "5ed9d7b89fa97b6a101401e9d5f9020c4d58a67f", "best_bid": "0.06", "best_ask": "0.96"}, {"asset_id": "61963817687278949156561457702289203016562578262296881296974026720247149064615", "price": "0.95", "size": "0", "side": "SELL", "hash": "94139df0b5ffa1c1d12f6a76b29fd2596308f4ac", "best_bid": "0.04", "best_ask": "0.94"}], "timestamp": "1769384526567", "event_type": "price_change"}}
{"_local_timestamp": "2026-01-25T23:42:07.032760+00:00", "data": {"market": "0x485ce1306dd172776d7a77cc89f586d6e25f88124e5892456d5ed7eea9090d73", "price_changes": [{"asset_id": "87841825926106475440156310469671214425083954360844729142714800512646927152922", "price": "0.05", "size": "0", "side": "BUY", "hash": "2d1cf98b73b9dd80f2b2cca6a2ae6073ef670c96", "best_bid": "0.06", "best_ask": "0.96"}, {"asset_id": "97528358565453323139050329739119863122720716621075724466897165338601927812963", "price": "0.95", "size": "0", "side": "SELL", "hash": "f19954e11286d96b2a66bd8c03608456d9248c2e", "best_bid": "0.04", "best_ask": "0.94"}], "timestamp": "1769384526959", "event_type": "price_change"}}
{"_local_timestamp": "2026-01-25T23:42:07.033346+00:00", "data": {"market": "0xd3bec487721678dfe96c27d3055d2717d7d04e104f83d1502b32bea4436a952d", "price_changes": [{"asset_id": "113648131379277879753924959667041184881882806227484118809819396840767118223714", "price": "0.05", "size": "0", "side": "BUY", "hash": "040da8b77017b483656fec14303ce3f0d871d9b0", "best_bid": "0.06", "best_ask": "0.96"}, {"asset_id": "77855381230996067606750098735367294369035865859370005738242844881019056925725", "price": "0.95", "size": "0", "side": "SELL", "hash": "ae970cef34d8cea3ff66dd14684d4bf36818199f", "best_bid": "0.04", "best_ask": "0.94"}], "timestamp": "1769384526959", "event_type": "price_change"}}
