{"_local_timestamp": "2026-01-25T23:41:32.185715+00:00", "data": [{"market": "0xea2c7da28d0c1d1ec130637299a866301f8c657933f2496addb0ac73eb3dcb3f", "asset_id": "60915101732188839762489401380493546723239876274866960303039380489296996697928", "timestamp": "1769383982435", "hash": "0af8c529c8822e6ae275a8979f44d8a725128132", "bids": [{"price": "0.01", "size": "11323.44"}, {"price": "0.02", "size": "994.9"}, {"price": "0.03", "size": "15.83"}], "asks": [{"price": "0.99", "size": "10421.22"}, {"price": "0.98", "size": "26.15"}, {"price": "0.95", "size": "1140.11"}, {"price": "0.94", "size": "901.06"}], "event_type": "book", "last_trade_price": ""}, {"market": "0xe1c55a41c389051295edbf61184a1ac47d5903f85fd8c3ac5ff92b819e7758d9", "asset_id": "112453745798286260476619849085493387301317915928200921827655518887089027485044", "timestamp": "1769384488124", "hash": "942334e01a0ad1b0eb6462443e360384bfa13bc0", "bids": [{"price": "0.01", "size": "8858.88"}, {"price": "0.02", "size": "1000"}, {"price": "0.03", "size": "1108.02"}, {"price": "0.07", "size": "1700"}, {"price": "0.08", "size": "4557.32"}, {"price": "0.09", "size": "7.35"}, {"price": "0.13", "size": "300"}, {"price": "0.14", "size": "4157.32"}, {"price": "0.17", "size": "500"}, {"price": "0.2", "size": "200"}, {"price": "0.27", "size": "200"}, {"price": "0.34", "size": "100"}, {"price": "0.37", "size": "300"}, {"price": "0.42", "size": "200"}, {"price": "0.46", "size": "125"}, {"price": "0.49", "size": "75"}, {"price": "0.7", "size": "160"}, {"price": "0.71", "size": "1090.11"}, {"price": "0.72", "size": "920.11"}], "asks": [{"price": "0.99", "size": "1050"}, {"price": "0.98", "size": "4164.63"}, {"price": "0.97", "size": "250"}, {"price": "0.96", "size": "7.69"}, {"price": "0.94", "size": "300"}, {"price": "0.93", "size": "200"}, {"price": "0.92", "size": "1090.11"}, {"price": "0.91", "size": "946.17"}, {"price": "0.86", "size": "10"}, {"price": "0.82", "size": "5000"}, {"price": "0.8", "size": "199"}, {"price": "0.79", "size": "240"}], "event_type": "book", "last_trade_price": "0.250"}, {"market": "0xd36a646b11fcd2685c0a5c0140e562298d70ed55ddb7ad11bc22755676a26c12", "asset_id": "75728221102628373234668077836098275747915812015666026702672525682898699585277", "timestamp": "1769383979985", "hash": "0e6b92a5c3b951cc90bf0774d1cbcab4a4e5f2aa", "bids": [{"price": "0.01", "size": "10328.47"}, {"price": "0.02", "size": "20.46"}, {"price": "0.03", "size": "1140.11"}, {"price": "0.04", "size": "899.36"}], "asks": [{"price": "0.99", "size": "11223.44"}, {"price": "0.98", "size": "100.79"}, {"price": "0.97", "size": "21.3"}], "event_type": "book", "last_trade_price": ""}, {"market": "0x591c34e37f648dc6b2eabbd01024d6a9cd6f5f41ed66ddd2aab9aeee9f55c956", "asset_id": "27293949544680545052245549205172458819414393735745997442108948994945197274510", "timestamp": "1769383983535", "hash": "10a5fe164ad0f2c05f67bc8c1d4f47e45b075d9b", "bids": [{"price": "0.01", "size": "11223.44"}, {"price": "0.02", "size": "100.79"}, {"price": "0.03", "size": "21.3"}], "asks": [{"price": "0.99", "size": "11218.58"}, {"price": "0.98", "size": "20.47"}, {"price": "0.97", "size": "5297.43"}, {"price": "0.96", "size": "899.36"}], "event_type": "book", "last_trade_price": ""}, {"market": "0x1dbe9fcd53ae662d44605af4db0516d2e5c0563b3c7b453e70e38ae3f9008c16", "asset_id": "96283326732585816059176098194016963608094444702539793607212380849470706800454", "timestamp": "1769383982248", "hash": "5cca94b4437ac673cabb7004fa786555fe4c39f7", "bids": [{"price": "0.01", "size": "10421.22"}, {"price": "0.02", "size": "26.15"}, {"price": "0.05", "size": "1140.11"}, {"price": "0.06", "size": "901.06"}], "asks": [{"price": "0.99", "size": "11323.44"}, {"price": "0.98", "size": "994.9"}, {"price": "0.97", "size": "15.83"}], "event_type": "book", "last_trade_price": ""}, {"market": "0x3d423886d4c88fd85a749f320dcd26a178eec1f3251aaf86dd830c556a13b1a4", "asset_id": "3600184586423512565314452957379375702635142791067310454703271667406523797055", "timestamp": "1769379730659", "hash": "86b7405ceadca45c554852f7f32eb0e8f22e003d", "bids": [{"price": "0.01", "size": "176.9"}, {"price": "0.02", "size": "100.79"}, {"price": "0.03", "size": "21.3"}], "asks": [{"price": "0.99", "size": "176.9"}, {"price": "0.98", "size": "104.79"}, {"price": "0.97", "size": "15.83"}], "event_type": "book", "last_trade_price": ""}, {"market": "0x1dbe9fcd53ae662d44605af4db0516d2e5c0563b3c7b453e70e38ae3f9008c16", "asset_id": "62383936382507287741271690352052567870967355744746736787765253822002537758687", "timestamp": "1769383982248", "hash": "7161a88dcb97ce8724edca5cfb692c51f8449947", "bids": [{"price": "0.01", "size": "11323.44"}, {"price": "0.02", "size": "994.9"}, {"price": "0.03", "size": "15.83"}], "asks": [{"price": "0.99", "size": "10421.22"}, {"price": "0.98", "size": "26.15"}, {"price": "0.95", "size": "1140.11"}, {"price": "0.94", "size": "901.06"}], "event_type": "book", "last_trade_price": ""}, {"market": "0xabbe95834e4380969ddec4a0f02d97038b3a47f3595ac02c931e42385f5d800a", "asset_id": "108122496468641435762794097469842510055170824172308955607519142749628177013147", "timestamp": "1769379730659", "hash": "b21164fb7daa39e61f51110a4e5990d583d0b010", "bids": [{"price": "0.01", "size": "176.9"}, {"price": "0.02", "size": "104.79"}, {"price": "0.03", "size": "15.83"}], "asks": [{"price": "0.99", "size": "176.9"}, {"price": "0.98", "size": "100.79"}, {"price": "0.97", "size": "21.3"}], "event_type": "book", "last_trade_price": ""}, {"market": "0xd36a646b11fcd2685c0a5c0140e562298d70ed55ddb7ad11bc22755676a26c12", "asset_id": "100222319903479040217822630952132208437327535153263364031588365159859635429866", "timestamp": "1769383979985", "hash": "e90da8f1402dca27b2a8b6a1ff8616f31c50d8f7", "bids": [{"price": "0.01", "size": "11223.44"}, {"price": "0.02", "size": "100.79"}, {"price": "0.03", "size": "21.3"}], "asks": [{"price": "0.99", "size": "10328.47"}, {"price": "0.98", "size": "20.46"}, {"price": "0.97", "size": "1140.11"}, {"price": "0.96", "size": "899.36"}], "event_type": "book", "last_trade_price": ""}, {"market": "0x57a62e63b68de820a7eb756493dfe2ca0426a74644864096fc02ff01a7d439f5", "asset_id": "108205738291728961274416953771222189833483908032389561323012704440266957096994", "timestamp": "1769384419624", "hash": "f84eb5ae08541c5f4736e3af67b7e53c2bbd0b44", "bids": [{"price": "0.01", "size": "11323.44"}, {"price": "0.02", "size": "994.9"}, {"price": "0.03", "size": "15.83"}], "asks": [{"price": "0.99", "size": "11318.58"}, {"price": "0.98", "size": "900.59"}, {"price": "0.97", "size": "19.01"}, {"price": "0.96", "size": "14.46"}], "event_type": "book", "last_trade_price": ""}, {"market": "0x57a62e63b68de820a7eb756493dfe2ca0426a74644864096fc02ff01a7d439f5", "asset_id": "25259397735871581765626102105982136828634997559906267384502229780033486028478", "timestamp": "1769384419624", "hash": "4d5eb08728a630100ad30c31f0f777fda5e634e8", "bids": [{"price": "0.01", "size": "11318.58"}, {"price": "0.02", "size": "900.59"}, {"price": "0.03", "size": "19.01"}, {"price": "0.04", "size": "14.46"}], "asks": [{"price": "0.99", "size": "11323.44"}, {"price": "0.98", "size": "994.9"}, {"price": "0.97", "size": "15.83"}], "event_type": "book", "last_trade_price": ""}, {"market": "0x3d423886d4c88fd85a749f320dcd26a178eec1f3251aaf86dd830c556a13b1a4", "asset_id": "31078513427774865708328993529785858119819522311749988129560870156298391387115", "timestamp": "1769379730659", "hash": "e8b0def310f2afa957865eed7b6b6f34b6f36379", "bids": [{"price": "0.01", "size": "176.9"}, {"price": "0.02", "size": "104.79"}, {"price": "0.03", "size": "15.83"}], "asks": [{"price": "0.99", "size": "176.9"}, {"price": "0.98", "size": "100.79"}, {"price": "0.97", "size": "21.3"}], "event_type": "book", "last_trade_price": ""}, {"market": "0xe1c55a41c389051295edbf61184a1ac47d5903f85fd8c3ac5ff92b819e7758d9", "asset_id": "45623465970039811985156732364582292005770996455343860241298085709716069575338", "timestamp": "1769384488124", "hash": "d0f125bf2096c1f8f0fa203391ffeb411e0b3c26", "bids": [{"price": "0.01", "size": "1050"}, {"price": "0.02", "size": "4164.63"}, {"price": "0.03", "size": "250"}, {"price": "0.04", "size": "7.69"}, {"price": "0.06", "size": "300"}, {"price": "0.07", "size": "200"}, {"price": "0.08", "size": "1090.11"}, {"price": "0.09", "size": "946.17"}, {"price": "0.14", "size": "10"}, {"price": "0.18", "size": "5000"}, {"price": "0.2", "size": "199"}, {"price": "0.21", "size": "240"}], "asks": [{"price": "0.99", "size": "8858.88"}, {"price": "0.98", "size": "1000"}, {"price": "0.97", "size": "1108.02"}, {"price": "0.93", "size": "1700"}, {"price": "0.92", "size": "4557.32"}, {"price": "0.91", "size": "7.35"}, {"price": "0.87", "size": "300"}, {"price": "0.86", "size": "4157.32"}, {"price": "0.83", "size": "500"}, {"price": "0.8", "size": "200"}, {"price": "0.73", "size": "200"}, {"price": "0.66", "size": "100"}, {"price": "0.63", "size": "300"}, {"price": "0.58", "size": "200"}, {"price": "0.54", "size": "125"}, {"price": "0.51", "size": "75"}, {"price": "0.3", "size": "160"}, {"price": "0.29", "size": "1090.11"}, {"price": "0.28", "size": "920.11"}], "event_type": "book", "last_trade_price": "0.250"}, {"market": "0xea2c7da28d0c1d1ec130637299a866301f8c657933f2496addb0ac73eb3dcb3f", "asset_id": "69782975618834460658414927121832519125259849945075026092203149763099948532151", "timestamp": "1769383982435", "hash": "989b6cc793c24e08b609baa44cc9e86ba287b39d", "bids": [{"price": "0.01", "size": "10421.22"}, {"price": "0.02", "size": "26.15"}, {"price": "0.05", "size": "1140.11"}, {"price": "0.06", "size": "901.06"}], "asks": [{"price": "0.99", "size": "11323.44"}, {"price": "0.98", "size": "994.9"}, {"price": "0.97", "size": "15.83"}], "event_type": "book", "last_trade_price": ""}, {"market": "0xabbe95834e4380969ddec4a0f02d97038b3a47f3595ac02c931e42385f5d800a", "asset_id": "104509620627071474788080328471183853264232647522076306064515504549242816153013", "timestamp": "1769379730659", "hash": "d0de0e2c77d3f84849473cfae64f4bf13b7661e8", "bids": [{"price": "0.01", "size": "176.9"}, {"price": "0.02", "size": "100.79"}, {"price": "0.03", "size": "21.3"}], "asks": [{"price": "0.99", "size": "176.9"}, {"price": "0.98", "size": "104.79"}, {"price": "0.97", "size": "15.83"}], "event_type": "book", "last_trade_price": ""}, {"market": "0x591c34e37f648dc6b2eabbd01024d6a9cd6f5f41ed66ddd2aab9aeee9f55c956", "asset_id": "18322296764149117067054043602518047357698740780538582715861866601746623517264", "timestamp": "1769383983535", "hash": "77207fd706dcf4095644b2a89e9e98819566f5f3", "bids": [{"price": "0.01", "size": "11218.58"}, {"price": "0.02", "size": "20.47"}, {"price": "0.03", "size": "5297.43"}, {"price": "0.04", "size": "899.36"}], "asks": [{"price": "0.99", "size": "11223.44"}, {"price": "0.98", "size": "100.79"}, {"price": "0.97", "size": "21.3"}], "event_type": "book", "last_trade_price": ""}]}
{"_local_timestamp": "2026-01-25T23:41:33.508758+00:00", "data": {"market": "0xe1c55a41c389051295edbf61184a1ac47d5903f85fd8c3ac5ff92b819e7758d9", "price_changes": [{"asset_id": "112453745798286260476619849085493387301317915928200921827655518887089027485044", "price": "0.13", "size": "200", "side": "BUY", "hash": "ccc907ec80b9096cf544abcb84dc8f6039f388e8", "best_bid": "0.72", "best_ask": "0.79"}, {"asset_id": "45623465970039811985156732364582292005770996455343860241298085709716069575338", "price": "0.87", "size": "200", "side": "SELL", "hash": "6d0ba50da03bfdfed7f6bdb929e26666a0918a5d", "best_bid": "0.21", "best_ask": "0.28"}], "timestamp": "1769384493424", "event_type": "price_change"}}
{"_local_timestamp": "2026-01-25T23:41:33.647230+00:00", "data": {"market": "0xe1c55a41c389051295edbf61184a1ac47d5903f85fd8c3ac5ff92b819e7758d9", "price_changes": [{"asset_id": "112453745798286260476619849085493387301317915928200921827655518887089027485044", "price": "0.14", "size": "0", "side": "BUY", "hash": "3a0846587f301146d3b4672d3dafa81aade095ad", "best_bid": "0.72", "best_ask": "0.79"}, {"asset_id": "45623465970039811985156732364582292005770996455343860241298085709716069575338", "price": "0.86", "size": "0", "side": "SELL", "hash": "4657ac03c2c2dc2b5be9c5db809686fb3bde62ff", "best_bid": "0.21", "best_ask": "0.28"}], "timestamp": "1769384493572", "event_type": "price_change"}}
{"_local_timestamp": "2026-01-25T23:41:33.796904+00:00", "data": {"market": "0xe1c55a41c389051295edbf61184a1ac47d5903f85fd8c3ac5ff92b819e7758d9", "price_changes": [{"asset_id": "112453745798286260476619849085493387301317915928200921827655518887089027485044", "price": "0.14", "size": "100", "side": "BUY", "hash": "61d750c9ff3446c56eeb77e817bb0b15133b679a", "best_bid": "0.72", "best_ask": "0.79"}, {"asset_id": "45623465970039811985156732364582292005770996455343860241298085709716069575338", "price": "0.86", "size": "100", "side": "SELL", "hash": "8bef8909df5648fda62015f2ecbc3726e0d05ac8", "best_bid": "0.21", "best_ask": "0.28"}], "timestamp": "1769384493711", "event_type": "price_change"}}
{"_local_timestamp": "2026-01-25T23:41:42.448109+00:00", "data": {"market": "0xe1c55a41c389051295edbf61184a1ac47d5903f85fd8c3ac5ff92b819e7758d9", "price_changes": [{"asset_id": "112453745798286260476619849085493387301317915928200921827655518887089027485044", "price": "0.13", "size": "100", "side": "BUY", "hash": "619255bd8da56df5928d1e917720a294dab45985", "best_bid": "0.72", "best_ask": "0.79"}, {"asset_id": "45623465970039811985156732364582292005770996455343860241298085709716069575338", "price": "0.87", "size": "100", "side": "SELL", "hash": "20f37629b01ff0edf1842b657af742d3866b0824", "best_bid": "0.21", "best_ask": "0.28"}], "timestamp": "1769384502368", "event_type": "price_change"}}
{"_local_timestamp": "2026-01-25T23:41:42.728465+00:00", "data": {"market": "0xe1c55a41c389051295edbf61184a1ac47d5903f85fd8c3ac5ff92b819e7758d9", "price_changes": [{"asset_id": "112453745798286260476619849085493387301317915928200921827655518887089027485044", "price": "0.14", "size": "200", "side": "BUY", "hash": "c36b0f05d28e38bf4d8267d009b9b2373aff95a0", "best_bid": "0.72", "best_ask": "0.79"}, {"asset_id": "45623465970039811985156732364582292005770996455343860241298085709716069575338", "price": "0.86", "size": "200", "side": "SELL", "hash": "98ce5c2f38c9f18a5152168d529bef082545d1bc", "best_bid": "0.21", "best_ask": "0.28"}], "timestamp": "1769384502658", "event_type": "price_change"}}
{"_local_timestamp": "2026-01-25T23:41:44.462365+00:00", "data": {"market": "0xe1c55a41c389051295edbf61184a1ac47d5903f85fd8c3ac5ff92b819e7758d9", "price_changes": [{"asset_id": "112453745798286260476619849085493387301317915928200921827655518887089027485044", "price": "0.13", "size": "0", "side": "BUY", "hash": "965e74c5bb28e728e534a1a9e123a947271f259b", "best_bid": "0.72", "best_ask": "0.79"}, {"asset_id": "45623465970039811985156732364582292005770996455343860241298085709716069575338", "price": "0.87", "size": "0", "side": "SELL", "hash": "eaca749474635a3876989b31eeff9d5f816f89dc", "best_bid": "0.21", "best_ask": "0.28"}], "timestamp": "1769384504381", "event_type": "price_change"}}
{"_local_timestamp": "2026-01-25T23:41:44.769380+00:00", "data": {"market": "0xe1c55a41c389051295edbf61184a1ac47d5903f85fd8c3ac5ff92b819e7758d9", "price_changes": [{"asset_id": "112453745798286260476619849085493387301317915928200921827655518887089027485044", "price": "0.14", "size": "300", "side": "BUY", "hash": "0fd5b043fe44a9b51cf2e6fc9099c438458b7707", "best_bid": "0.72", "best_ask": "0.79"}, {"asset_id": "45623465970039811985156732364582292005770996455343860241298085709716069575338", "price": "0.86", "size": "300", "side": "SELL", "hash": "615abbb3ac039aadc3b9065a751dc3c15a830a9c", "best_bid": "0.21", "best_ask": "0.28"}], "timestamp": "1769384504696", "event_type": "price_change"}}
{"_local_timestamp": "2026-01-25T23:41:59.954955+00:00", "data": {"market": "0xe1c55a41c389051295edbf61184a1ac47d5903f85fd8c3ac5ff92b819e7758d9", "price_changes": [{"asset_id": "112453745798286260476619849085493387301317915928200921827655518887089027485044", "price": "0.14", "size": "200", "side": "BUY", "hash": "9b3d7a0a6fd89d6534b7e527110a801a2616b908", "best_bid": "0.72", "best_ask": "0.79"}, {"asset_id": "45623465970039811985156732364582292005770996455343860241298085709716069575338", "price": "0.86", "size": "200", "side": "SELL", "hash": "507f1e8b831c32099ac43aa6a0fb09ea67c94d7c", "best_bid": "0.21", "best_ask": "0.28"}], "timestamp": "1769384519872", "event_type": "price_change"}}
{"_local_timestamp": "2026-01-25T23:42:00.211378+00:00", "data": {"market": "0xe1c55a41c389051295edbf61184a1ac47d5903f85fd8c3ac5ff92b819e7758d9", "price_changes": [{"asset_id": "112453745798286260476619849085493387301317915928200921827655518887089027485044", "price": "0.08", "size": "4657.32", "side": "BUY", "hash": "65a777490d7230d24b687a6d5f3f888da65f3a23", "best_bid": "0.72", "best_ask": "0.79"}, {"asset_id": "45623465970039811985156732364582292005770996455343860241298085709716069575338", "price": "0.92", "size": "4657.32", "side": "SELL", "hash": "4f44229e5595ad1495cbccf6c96aa770d69408ac", "best_bid": "0.21", "best_ask": "0.28"}], "timestamp": "1769384520143", "event_type": "price_change"}}
{"_local_timestamp": "2026-01-25T23:42:10.137478+00:00", "data": {"market": "0xe1c55a41c389051295edbf61184a1ac47d5903f85fd8c3ac5ff92b819e7758d9", "price_changes": [{"asset_id": "112453745798286260476619849085493387301317915928200921827655518887089027485044", "price": "0.14", "size": "100", "side": "BUY", "hash": "5f81ad526b09d6be4b9131cef7ab37b7ea2f2227", "best_bid": "0.72", "best_ask": "0.79"}, {"asset_id": "45623465970039811985156732364582292005770996455343860241298085709716069575338", "price": "0.86", "size": "100", "side": "SELL", "hash": "18a8203791f87ce0e38f8f4fc94c61c6e43a3197", "best_bid": "0.21", "best_ask": "0.28"}], "timestamp": "1769384530031", "event_type": "price_change"}}
{"_local_timestamp": "2026-01-25T23:42:10.401090+00:00", "data": {"market": "0xe1c55a41c389051295edbf61184a1ac47d5903f85fd8c3ac5ff92b819e7758d9", "price_changes": [{"asset_id": "112453745798286260476619849085493387301317915928200921827655518887089027485044", "price": "0.08", "size": "4757.32", "side": "BUY", "hash": "1ef7bd3dc63c56e3a4ad7f7a83d2d896e95a4024", "best_bid": "0.72", "best_ask": "0.79"}, {"asset_id": "45623465970039811985156732364582292005770996455343860241298085709716069575338", "price": "0.92", "size": "4757.32", "side": "SELL", "hash": "bcefb307317587c957d6e5c8a4ffcba37735f566", "best_bid": "0.21", "best_ask": "0.28"}], "timestamp": "1769384530334", "event_type": "price_change"}}
{"_local_timestamp": "2026-01-25T23:42:10.483739+00:00", "data": {"market": "0xe1c55a41c389051295edbf61184a1ac47d5903f85fd8c3ac5ff92b819e7758d9", "price_changes": [{"asset_id": "112453745798286260476619849085493387301317915928200921827655518887089027485044", "price": "0.09", "size": "897.46", "side": "BUY", "hash": "dddc507239020703f09b08737bd0944f2f2eed3a", "best_bid": "0.72", "best_ask": "0.79"}, {"asset_id": "45623465970039811985156732364582292005770996455343860241298085709716069575338", "price": "0.91", "size": "897.46", "side": "SELL", "hash": "dbabfd24e1038b49a5dba77b036fa3882c4aa212", "best_bid": "0.21", "best_ask": "0.28"}], "timestamp": "1769384530416", "event_type": "price_change"}}
{"_local_timestamp": "2026-01-25T23:42:10.486934+00:00", "data": {"market": "0xe1c55a41c389051295edbf61184a1ac47d5903f85fd8c3ac5ff92b819e7758d9", "price_changes": [{"asset_id": "112453745798286260476619849085493387301317915928200921827655518887089027485044", "price": "0.09", "size": "2167.56", "side": "BUY", "hash": "3a7f0a77dc7a105cf106cf729969fbb9dc3efd33", "best_bid": "0.72", "best_ask": "0.79"}, {"asset_id": "45623465970039811985156732364582292005770996455343860241298085709716069575338", "price": "0.91", "size": "2167.56", "side": "SELL", "hash": "95694e852963e855cc77c2675ffa66e913fc6509", "best_bid": "0.21", "best_ask": "0.28"}], "timestamp": "1769384530417", "event_type": "price_change"}}
{"_local_timestamp": "2026-01-25T23:42:10.495146+00:00", "data": {"market": "0xe1c55a41c389051295edbf61184a1ac47d5903f85fd8c3ac5ff92b819e7758d9", "price_changes": [{"asset_id": "112453745798286260476619849085493387301317915928200921827655518887089027485044", "price": "0.09", "size": "4164.67", "side": "BUY", "hash": "54a933b0822004c46a5c0f0c3723331c93025341", "best_bid": "0.72", "best_ask": "0.79"}, {"asset_id": "45623465970039811985156732364582292005770996455343860241298085709716069575338", "price": "0.91", "size": "4164.67", "side": "SELL", "hash": "63e6e649798e99338dcb5469521c23bc28659628", "best_bid": "0.21", "best_ask": "0.28"}], "timestamp": "1769384530418", "event_type": "price_change"}}
{"_local_timestamp": "2026-01-25T23:42:13.586869+00:00", "data": {"market": "0xe1c55a41c389051295edbf61184a1ac47d5903f85fd8c3ac5ff92b819e7758d9", "price_changes": [{"asset_id": "112453745798286260476619849085493387301317915928200921827655518887089027485044", "price": "0.14", "size": "0", "side": "BUY", "hash": "ebd4914074832178093b873281519ebac3b4503e", "best_bid": "0.72", "best_ask": "0.79"}, {"asset_id": "45623465970039811985156732364582292005770996455343860241298085709716069575338", "price": "0.86", "size": "0", "side": "SELL", "hash": "8301f9b2ce61bc7e71763090613ab10c201cc07b", "best_bid": "0.21", "best_ask": "0.28"}], "timestamp": "1769384533511", "event_type": "price_change"}}
{"_local_timestamp": "2026-01-25T23:42:13.644101+00:00", "data": {"market": "0xe1c55a41c389051295edbf61184a1ac47d5903f85fd8c3ac5ff92b819e7758d9", "price_changes": [{"asset_id": "112453745798286260476619849085493387301317915928200921827655518887089027485044", "price": "0.08", "size": "600", "side": "BUY", "hash": "0b086f41c7c62795a02eb92d64ccc34e4d1fe1fb", "best_bid": "0.72", "best_ask": "0.79"}, {"asset_id": "45623465970039811985156732364582292005770996455343860241298085709716069575338", "price": "0.92", "size": "600", "side": "SELL", "hash": "04f1f309ea87091e30f2b9db8235508706bfd2c5", "best_bid": "0.21", "best_ask": "0.28"}], "timestamp": "1769384533574", "event_type": "price_change"}}
{"_local_timestamp": "2026-01-25T23:42:13.856937+00:00", "data": {"market": "0xe1c55a41c389051295edbf61184a1ac47d5903f85fd8c3ac5ff92b819e7758d9", "price_changes": [{"asset_id": "112453745798286260476619849085493387301317915928200921827655518887089027485044", "price": "0.08", "size": "700", "side": "BUY", "hash": "a683e996e841092b374412b1c5435591116f5516", "best_bid": "0.72", "best_ask": "0.79"}, {"asset_id": "45623465970039811985156732364582292005770996455343860241298085709716069575338", "price": "0.92", "size": "700", "side": "SELL", "hash": "f19161b033a6c20b40bb3818fcf4f357e4fff39d", "best_bid": "0.21", "best_ask": "0.28"}], "timestamp": "1769384533787", "event_type": "price_change"}}
{"_local_timestamp": "2026-01-25T23:42:34.046713+00:00", "data": {"market": "0xe1c55a41c389051295edbf61184a1ac47d5903f85fd8c3ac5ff92b819e7758d9", "price_changes": [{"asset_id": "112453745798286260476619849085493387301317915928200921827655518887089027485044", "price": "0.08", "size": "300", "side": "BUY", "hash": "61262e4da54e907e360fa7588ba95dba10f9ab33", "best_bid": "0.72", "best_ask": "0.79"}, {"asset_id": "45623465970039811985156732364582292005770996455343860241298085709716069575338", "price": "0.92", "size": "300", "side": "SELL", "hash": "611abd0a4773b8c464d48020d09586bd7b3123c8", "best_bid": "0.21", "best_ask": "0.28"}], "timestamp": "1769384553930", "event_type": "price_change"}}
{"_local_timestamp": "2026-01-25T23:42:34.198523+00:00", "data": {"market": "0xe1c55a41c389051295edbf61184a1ac47d5903f85fd8c3ac5ff92b819e7758d9", "price_changes": [{"asset_id": "112453745798286260476619849085493387301317915928200921827655518887089027485044", "price": "0.08", "size": "1190.11", "side": "BUY", "hash": "58b1523d8ccc28ffaa4abf6ace92150665f31eec", "best_bid": "0.72", "best_ask": "0.79"}, {"asset_id": "45623465970039811985156732364582292005770996455343860241298085709716069575338", "price": "0.92", "size": "1190.11", "side": "SELL", "hash": "8dbc61daf52f1640f54a08c2838dc644690be651", "best_bid": "0.21", "best_ask": "0.28"}], "timestamp": "1769384554087", "event_type": "price_change"}}
{"_local_timestamp": "2026-01-25T23:42:34.232875+00:00", "data": {"market": "0xe1c55a41c389051295edbf61184a1ac47d5903f85fd8c3ac5ff92b819e7758d9", "price_changes": [{"asset_id": "112453745798286260476619849085493387301317915928200921827655518887089027485044", "price": "0.08", "size": "2460.21", "side": "BUY", "hash": "35038aef363964577ae8603d5903183b7c720799", "best_bid": "0.72", "best_ask": "0.79"}, {"asset_id": "45623465970039811985156732364582292005770996455343860241298085709716069575338", "price": "0.92", "size": "2460.21", "side": "SELL", "hash": "dd0c51de7e478ab473450b0cf8542136e9fdafda", "best_bid": "0.21", "best_ask": "0.28"}], "timestamp": "1769384554125", "event_type": "price_change"}}
{"_local_timestamp": "2026-01-25T23:42:34.233562+00:00", "data": {"market": "0xe1c55a41c389051295edbf61184a1ac47d5903f85fd8c3ac5ff92b819e7758d9", "price_changes": [{"asset_id": "112453745798286260476619849085493387301317915928200921827655518887089027485044", "price": "0.08", "size": "4457.32", "side": "BUY", "hash": "07e5575403fa1f3667d7a73c3130acc6799e5a15", "best_bid": "0.72", "best_ask": "0.79"}, {"asset_id": "45623465970039811985156732364582292005770996455343860241298085709716069575338", "price": "0.92", "size": "4457.32", "side": "SELL", "hash": "7f02768e368b4071dc81aa3c2a6a99e378e967a7", "best_bid": "0.21", "best_ask": "0.28"}], "timestamp": "1769384554126", "event_type": "price_change"}}
{"_local_timestamp": "2026-01-25T23:42:34.314852+00:00", "data": {"market": "0xe1c55a41c389051295edbf61184a1ac47d5903f85fd8c3ac5ff92b819e7758d9", "price_changes": [{"asset_id": "112453745798286260476619849085493387301317915928200921827655518887089027485044", "price": "0.09", "size": "4564.67", "side": "BUY", "hash": "456b3bd2d1aa8a338a2cd3ef33879faef64bcca6", "best_bid": "0.72", "best_ask": "0.79"}, {"asset_id": "45623465970039811985156732364582292005770996455343860241298085709716069575338", "price": "0.91", "size": "4564.67", "side": "SELL", "hash": "1ce17dd57b1191c97544511fd10ead7798a143a3", "best_bid": "0.21", "best_ask": "0.28"}], "timestamp": "1769384554203", "event_type": "price_change"}}
{"_local_timestamp": "2026-01-25T23:42:41.417982+00:00", "data": {"market": "0xe1c55a41c389051295edbf61184a1ac47d5903f85fd8c3ac5ff92b819e7758d9", "price_changes": [{"asset_id": "112453745798286260476619849085493387301317915928200921827655518887089027485044", "price": "0.08", "size": "4357.32", "side": "BUY", "hash": "47e10d41494c8f47c0b193e11ade7c147a48f258", "best_bid": "0.72", "best_ask": "0.79"}, {"asset_id": "45623465970039811985156732364582292005770996455343860241298085709716069575338", "price": "0.92", "size": "4357.32", "side": "SELL", "hash": "d3ba3b67b08fd36ea8ca55c890b60fe6e9693796", "best_bid": "0.21", "best_ask": "0.28"}], "timestamp": "1769384561295", "event_type": "price_change"}}
{"_local_timestamp": "2026-01-25T23:42:41.578525+00:00", "data": {"market": "0xe1c55a41c389051295edbf61184a1ac47d5903f85fd8c3ac5ff92b819e7758d9", "price_changes": [{"asset_id": "112453745798286260476619849085493387301317915928200921827655518887089027485044", "price": "0.09", "size": "407.35", "side": "BUY", "hash": "f7c63dd45276b63f7b5820d6209e3189b8ec2bc7", "best_bid": "0.72", "best_ask": "0.79"}, {"asset_id": "45623465970039811985156732364582292005770996455343860241298085709716069575338", "price": "0.91", "size": "407.35", "side": "SELL", "hash": "6169ae8548d10f7402ae525113942f98ac3add8d", "best_bid": "0.21", "best_ask": "0.28"}], "timestamp": "1769384561456", "event_type": "price_change"}}
{"_local_timestamp": "2026-01-25T23:42:41.744226+00:00", "data": {"market": "0xe1c55a41c389051295edbf61184a1ac47d5903f85fd8c3ac5ff92b819e7758d9", "price_changes": [{"asset_id": "112453745798286260476619849085493387301317915928200921827655518887089027485044", "price": "0.09", "size": "507.35", "side": "BUY", "hash": "3f5ba4e7276444b765927f8d2cd18ac0c71a6ec8", "best_bid": "0.72", "best_ask": "0.79"}, {"asset_id": "45623465970039811985156732364582292005770996455343860241298085709716069575338", "price": "0.91", "size": "507.35", "side": "SELL", "hash": "8922a33ae1eb9593488d350ec7919af25ae69841", "best_bid": "0.21", "best_ask": "0.28"}], "timestamp": "1769384561626", "event_type": "price_change"}}
{"_local_timestamp": "2026-01-25T23:42:42.861470+00:00", "data": {"market": "0xe1c55a41c389051295edbf61184a1ac47d5903f85fd8c3ac5ff92b819e7758d9", "price_changes": [{"asset_id": "112453745798286260476619849085493387301317915928200921827655518887089027485044", "price": "0.08", "size": "4257.32", "side": "BUY", "hash": "44eb46c97625ff20e37805ba2c466fafd95aa3c6", "best_bid": "0.72", "best_ask": "0.79"}, {"asset_id": "45623465970039811985156732364582292005770996455343860241298085709716069575338", "price": "0.92", "size": "4257.32", "side": "SELL", "hash": "0d01b583465514936c4e1b4fd5eaf45e09ed5f2e", "best_bid": "0.21", "best_ask": "0.28"}], "timestamp": "1769384562745", "event_type": "price_change"}}
{"_local_timestamp": "2026-01-25T23:42:43.153768+00:00", "data": {"market": "0xe1c55a41c389051295edbf61184a1ac47d5903f85fd8c3ac5ff92b819e7758d9", "price_changes": [{"asset_id": "112453745798286260476619849085493387301317915928200921827655518887089027485044", "price": "0.09", "size": "607.35", "side": "BUY", "hash": "7e99038867efe3826477d4dca20c8cb2a1a14f01", "best_bid": "0.72", "best_ask": "0.79"}, {"asset_id": "45623465970039811985156732364582292005770996455343860241298085709716069575338", "price": "0.91", "size": "607.35", "side": "SELL", "hash": "c6536c65b731fd83a49a1ed323ff10bb286fae93", "best_bid": "0.21", "best_ask": "0.28"}], "timestamp": "1769384563037", "event_type": "price_change"}}
{"_local_timestamp": "2026-01-25T23:42:43.211129+00:00", "data": {"market": "0xe1c55a41c389051295edbf61184a1ac47d5903f85fd8c3ac5ff92b819e7758d9", "price_changes": [{"asset_id": "112453745798286260476619849085493387301317915928200921827655518887089027485044", "price": "0.1", "size": "1270.1", "side": "BUY", "hash": "521d01df946ba91c4ef145b6a94eaf02a7b3274e", "best_bid": "0.72", "best_ask": "0.79"}, {"asset_id": "45623465970039811985156732364582292005770996455343860241298085709716069575338", "price": "0.9", "size": "1270.1", "side": "SELL", "hash": "4c33e2f05bcd20866a7be8d26030bb2aa4ba5c04", "best_bid": "0.21", "best_ask": "0.28"}], "timestamp": "1769384563094", "event_type": "price_change"}}
{"_local_timestamp": "2026-01-25T23:42:43.211915+00:00", "data": {"market": "0xe1c55a41c389051295edbf61184a1ac47d5903f85fd8c3ac5ff92b819e7758d9", "price_changes": [{"asset_id": "112453745798286260476619849085493387301317915928200921827655518887089027485044", "price": "0.1", "size": "3267.21", "side": "BUY", "hash": "ce6e83de28dbd346dcd1ca79520e8e4941e20ebf", "best_bid": "0.72", "best_ask": "0.79"}, {"asset_id": "45623465970039811985156732364582292005770996455343860241298085709716069575338", "price": "0.9", "size": "3267.21", "side": "SELL", "hash": "f3340b24e07571e4c0af6941740578bb90a5d2ef", "best_bid": "0.21", "best_ask": "0.28"}], "timestamp": "1769384563095", "event_type": "price_change"}}
{"_local_timestamp": "2026-01-25T23:42:43.431262+00:00", "data": {"market": "0xe1c55a41c389051295edbf61184a1ac47d5903f85fd8c3ac5ff92b819e7758d9", "price_changes": [{"asset_id": "112453745798286260476619849085493387301317915928200921827655518887089027485044", "price": "0.1", "size": "4157.32", "side": "BUY", "hash": "db31ef44d18084cd61886d774f127a285e10abf1", "best_bid": "0.72", "best_ask": "0.79"}, {"asset_id": "45623465970039811985156732364582292005770996455343860241298085709716069575338", "price": "0.9", "size": "4157.32", "side": "SELL", "hash": "8ea6f4ac3227b4fe0ae38e08f1404a20322d060c", "best_bid": "0.21", "best_ask": "0.28"}], "timestamp": "1769384563322", "event_type": "price_change"}}
{"_local_timestamp": "2026-01-25T23:42:49.430954+00:00", "data": {"market": "0xe1c55a41c389051295edbf61184a1ac47d5903f85fd8c3ac5ff92b819e7758d9", "price_changes": [{"asset_id": "112453745798286260476619849085493387301317915928200921827655518887089027485044", "price": "0.08", "size": "4157.32", "side": "BUY", "hash": "7a2df30fb2a5d735a80cc6e9631b587b081bf090", "best_bid": "0.72", "best_ask": "0.79"}, {"asset_id": "45623465970039811985156732364582292005770996455343860241298085709716069575338", "price": "0.92", "size": "4157.32", "side": "SELL", "hash": "fd3d5a45fac2b1427d2d72cfc0174a27bfa8d6cc", "best_bid": "0.21", "best_ask": "0.28"}], "timestamp": "1769384569321", "event_type": "price_change"}}
{"_local_timestamp": "2026-01-25T23:42:49.497427+00:00", "data": {"market": "0xe1c55a41c389051295edbf61184a1ac47d5903f85fd8c3ac5ff92b819e7758d9", "price_changes": [{"asset_id": "112453745798286260476619849085493387301317915928200921827655518887089027485044", "price": "0.08", "size": "890.11", "side": "BUY", "hash": "8fd20a961caf33c96a62ec869289e94eaa2753b8", "best_bid": "0.72", "best_ask": "0.79"}, {"asset_id": "45623465970039811985156732364582292005770996455343860241298085709716069575338", "price": "0.92", "size": "890.11", "side": "SELL", "hash": "84d7326d5d9e494f855587dd5e7bc910f0df0d7e", "best_bid": "0.21", "best_ask": "0.28"}], "timestamp": "1769384569390", "event_type": "price_change"}}
{"_local_timestamp": "2026-01-25T23:42:49.587283+00:00", "data": {"market": "0xe1c55a41c389051295edbf61184a1ac47d5903f85fd8c3ac5ff92b819e7758d9", "price_changes": [{"asset_id": "112453745798286260476619849085493387301317915928200921827655518887089027485044", "price": "0.08", "size": "0", "side": "BUY", "hash": "4705b9827ebb613865e4ec405492a4ab4251d518", "best_bid": "0.72", "best_ask": "0.79"}, {"asset_id": "45623465970039811985156732364582292005770996455343860241298085709716069575338", "price": "0.92", "size": "0", "side": "SELL", "hash": "fcd2971243b173789a80bcb05266207c7637a06e", "best_bid": "0.21", "best_ask": "0.28"}], "timestamp": "1769384569480", "event_type": "price_change"}}
{"_local_timestamp": "2026-01-25T23:42:49.698903+00:00", "data": {"market": "0xe1c55a41c389051295edbf61184a1ac47d5903f85fd8c3ac5ff92b819e7758d9", "price_changes": [{"asset_id": "112453745798286260476619849085493387301317915928200921827655518887089027485044", "price": "0.09", "size": "707.35", "side": "BUY", "hash": "04c522a80963437712d8757664252b150a413e45", "best_bid": "0.72", "best_ask": "0.79"}, {"asset_id": "45623465970039811985156732364582292005770996455343860241298085709716069575338", "price": "0.91", "size": "707.35", "side": "SELL", "hash": "61d1b1c56b548ff664eeddcb246aeb30dad1fdce", "best_bid": "0.21", "best_ask": "0.28"}], "timestamp": "1769384569597", "event_type": "price_change"}}
{"_local_timestamp": "2026-01-25T23:43:08.117183+00:00", "data": {"market": "0xe1c55a41c389051295edbf61184a1ac47d5903f85fd8c3ac5ff92b819e7758d9", "price_changes": [{"asset_id": "112453745798286260476619849085493387301317915928200921827655518887089027485044", "price": "0.71", "size": "940.11", "side": "BUY", "hash": "fe6dda5ee0666821c954f7479343292d8fb81163", "best_bid": "0.72", "best_ask": "0.79"}, {"asset_id": "45623465970039811985156732364582292005770996455343860241298085709716069575338", "price": "0.29", "size": "940.11", "side": "SELL", "hash": "3cd4be2736d7e8aecdb48d920feedd2343baec15", "best_bid": "0.21", "best_ask": "0.28"}], "timestamp": "1769384588001", "event_type": "price_change"}}
{"_local_timestamp": "2026-01-25T23:43:08.201051+00:00", "data": {"market": "0xe1c55a41c389051295edbf61184a1ac47d5903f85fd8c3ac5ff92b819e7758d9", "price_changes": [{"asset_id": "112453745798286260476619849085493387301317915928200921827655518887089027485044", "price": "0.42", "size": "1090.11", "side": "BUY", "hash": "3669a65667d93f3cc68e3eaf5e3127bb39ca99b3", "best_bid": "0.72", "best_ask": "0.79"}, {"asset_id": "45623465970039811985156732364582292005770996455343860241298085709716069575338", "price": "0.58", "size": "1090.11", "side": "SELL", "hash": "4375939de698487c6a320349ad2a27be85113d2b", "best_bid": "0.21", "best_ask": "0.28"}], "timestamp": "1769384588072", "event_type": "price_change"}}
{"_local_timestamp": "2026-01-25T23:43:08.201732+00:00", "data": {"market": "0xe1c55a41c389051295edbf61184a1ac47d5903f85fd8c3ac5ff92b819e7758d9", "price_changes": [{"asset_id": "112453745798286260476619849085493387301317915928200921827655518887089027485044", "price": "0.43", "size": "890.11", "side": "BUY", "hash": "da6fed412857146f318e08b31e7ea722cad9b1e2", "best_bid": "0.72", "best_ask": "0.79"}, {"asset_id": "45623465970039811985156732364582292005770996455343860241298085709716069575338", "price": "0.57", "size": "890.11", "side": "SELL", "hash": "2519f380a1e85ad11ef19d60ddb464b70757eef4", "best_bid": "0.21", "best_ask": "0.28"}], "timestamp": "1769384588073", "event_type": "price_change"}}
{"_local_timestamp": "2026-01-25T23:43:08.391435+00:00", "data": {"market": "0xe1c55a41c389051295edbf61184a1ac47d5903f85fd8c3ac5ff92b819e7758d9", "price_changes": [{"asset_id": "112453745798286260476619849085493387301317915928200921827655518887089027485044", "price": "0.44", "size": "1270.1", "side": "BUY", "hash": "fc5aaa9077b58c1604202b9c07de258cae85a19a", "best_bid": "0.72", "best_ask": "0.79"}, {"asset_id": "45623465970039811985156732364582292005770996455343860241298085709716069575338", "price": "0.56", "size": "1270.1", "side": "SELL", "hash": "9557fb6ba7ff19d75120c73fe597e9c379fa538d", "best_bid": "0.21", "best_ask": "0.28"}], "timestamp": "1769384588300", "event_type": "price_change"}}
{"_local_timestamp": "2026-01-25T23:43:08.392197+00:00", "data": {"market": "0xe1c55a41c389051295edbf61184a1ac47d5903f85fd8c3ac5ff92b819e7758d9", "price_changes": [{"asset_id": "112453745798286260476619849085493387301317915928200921827655518887089027485044", "price": "0.44", "size": "3267.21", "side": "BUY", "hash": "4b41ba34b4171a761b75f0f70749ab475accd44a", "best_bid": "0.72", "best_ask": "0.79"}, {"asset_id": "45623465970039811985156732364582292005770996455343860241298085709716069575338", "price": "0.56", "size": "3267.21", "side": "SELL", "hash": "c1fc71187bb5d78446d9c84f528dd20e2f1f4b8f", "best_bid": "0.21", "best_ask": "0.28"}], "timestamp": "1769384588301", "event_type": "price_change"}}
{"_local_timestamp": "2026-01-25T23:43:08.392778+00:00", "data": {"market": "0xe1c55a41c389051295edbf61184a1ac47d5903f85fd8c3ac5ff92b819e7758d9", "price_changes": [{"asset_id": "112453745798286260476619849085493387301317915928200921827655518887089027485044", "price": "0.44", "size": "4157.32", "side": "BUY", "hash": "dedfd0b582de8870fe6bb96099f25a6085a6b41c", "best_bid": "0.72", "best_ask": "0.79"}, {"asset_id": "45623465970039811985156732364582292005770996455343860241298085709716069575338", "price": "0.56", "size": "4157.32", "side": "SELL", "hash": "af8ea030ed81b5bd8fce94f0eeefb5e66da627cb", "best_bid": "0.21", "best_ask": "0.28"}], "timestamp": "1769384588301", "event_type": "price_change"}}
{"_local_timestamp": "2026-01-25T23:43:14.059682+00:00", "data": {"market": "0xe1c55a41c389051295edbf61184a1ac47d5903f85fd8c3ac5ff92b819e7758d9", "price_changes": [{"asset_id": "112453745798286260476619849085493387301317915928200921827655518887089027485044", "price": "0.09", "size": "607.35", "side": "BUY", "hash": "4037b2b338e728ac36e83625758e142b4842ec90", "best_bid": "0.72", "best_ask": "0.79"}, {"asset_id": "45623465970039811985156732364582292005770996455343860241298085709716069575338", "price": "0.91", "size": "607.35", "side": "SELL", "hash": "7f2bbfa471e79b90c24b9ca84f5b2d73e1f6ef90", "best_bid": "0.21", "best_ask": "0.28"}], "timestamp": "1769384593931", "event_type": "price_change"}}
{"_local_timestamp": "2026-01-25T23:43:14.181964+00:00", "data": {"market": "0xe1c55a41c389051295edbf61184a1ac47d5903f85fd8c3ac5ff92b819e7758d9", "price_changes": [{"asset_id": "112453745798286260476619849085493387301317915928200921827655518887089027485044", "price": "0.72", "size": "30", "side": "BUY", "hash": "21beb79168c5c3266039068d6a9cf886bf415db5", "best_bid": "0.72", "best_ask": "0.79"}, {"asset_id": "45623465970039811985156732364582292005770996455343860241298085709716069575338", "price": "0.28", "size": "30", "side": "SELL", "hash": "631803fa3675bf10ee2416663fc6028bde07e2db", "best_bid": "0.21", "best_ask": "0.28"}], "timestamp": "1769384594013", "event_type": "price_change"}}
{"_local_timestamp": "2026-01-25T23:43:14.182668+00:00", "data": {"market": "0xe1c55a41c389051295edbf61184a1ac47d5903f85fd8c3ac5ff92b819e7758d9", "price_changes": [{"asset_id": "112453745798286260476619849085493387301317915928200921827655518887089027485044", "price": "0.71", "size": "50", "side": "BUY", "hash": "21beb79168c5c3266039068d6a9cf886bf415db5", "best_bid": "0.72", "best_ask": "0.79"}, {"asset_id": "45623465970039811985156732364582292005770996455343860241298085709716069575338", "price": "0.29", "size": "50", "side": "SELL", "hash": "631803fa3675bf10ee2416663fc6028bde07e2db", "best_bid": "0.21", "best_ask": "0.28"}], "timestamp": "1769384594013", "event_type": "price_change"}}
{"_local_timestamp": "2026-01-25T23:43:14.183274+00:00", "data": {"market": "0xe1c55a41c389051295edbf61184a1ac47d5903f85fd8c3ac5ff92b819e7758d9", "price_changes": [{"asset_id": "112453745798286260476619849085493387301317915928200921827655518887089027485044", "price": "0.44", "size": "0", "side": "BUY", "hash": "21beb79168c5c3266039068d6a9cf886bf415db5", "best_bid": "0.72", "best_ask": "0.79"}, {"asset_id": "45623465970039811985156732364582292005770996455343860241298085709716069575338", "price": "0.56", "size": "0", "side": "SELL", "hash": "631803fa3675bf10ee2416663fc6028bde07e2db", "best_bid": "0.21", "best_ask": "0.28"}], "timestamp": "1769384594013", "event_type": "price_change"}}
{"_local_timestamp": "2026-01-25T23:43:14.371674+00:00", "data": {"market": "0xe1c55a41c389051295edbf61184a1ac47d5903f85fd8c3ac5ff92b819e7758d9", "price_changes": [{"asset_id": "112453745798286260476619849085493387301317915928200921827655518887089027485044", "price": "0.1", "size": "4257.32", "side": "BUY", "hash": "3e13af06e358831ab6b4ff2f01c3f9ce756d1403", "best_bid": "0.72", "best_ask": "0.79"}, {"asset_id": "45623465970039811985156732364582292005770996455343860241298085709716069575338", "price": "0.9", "size": "4257.32", "side": "SELL", "hash": "8b7da695fd0d2023ae26736632650f65b9163a0c", "best_bid": "0.21", "best_ask": "0.28"}], "timestamp": "1769384594238", "event_type": "price_change"}}
{"_local_timestamp": "2026-01-25T23:43:14.806010+00:00", "data": {"market": "0xe1c55a41c389051295edbf61184a1ac47d5903f85fd8c3ac5ff92b819e7758d9", "price_changes": [{"asset_id": "112453745798286260476619849085493387301317915928200921827655518887089027485044", "price": "0.71", "size": "200", "side": "BUY", "hash": "2be87d53c19151c2c59eb290b48b181e6df0c1e5", "best_bid": "0.72", "best_ask": "0.79"}, {"asset_id": "45623465970039811985156732364582292005770996455343860241298085709716069575338", "price": "0.29", "size": "200", "side": "SELL", "hash": "a5c8f96d1fe09168a64ecc398d545ca3e4b80900", "best_bid": "0.21", "best_ask": "0.28"}], "timestamp": "1769384594671", "event_type": "price_change"}}
{"_local_timestamp": "2026-01-25T23:43:14.867357+00:00", "data": {"market": "0xe1c55a41c389051295edbf61184a1ac47d5903f85fd8c3ac5ff92b819e7758d9", "price_changes": [{"asset_id": "112453745798286260476619849085493387301317915928200921827655518887089027485044", "price": "0.71", "size": "1090.11", "side": "BUY", "hash": "ba07bc9d8cff61dac6a0e2fcb57235cf3d8caee4", "best_bid": "0.72", "best_ask": "0.79"}, {"asset_id": "45623465970039811985156732364582292005770996455343860241298085709716069575338", "price": "0.29", "size": "1090.11", "side": "SELL", "hash": "7cdbadc16439603c9dc6b2d599cfd51ea93b64b8", "best_bid": "0.21", "best_ask": "0.28"}], "timestamp": "1769384594733", "event_type": "price_change"}}
{"_local_timestamp": "2026-01-25T23:43:14.868113+00:00", "data": {"market": "0xe1c55a41c389051295edbf61184a1ac47d5903f85fd8c3ac5ff92b819e7758d9", "price_changes": [{"asset_id": "112453745798286260476619849085493387301317915928200921827655518887089027485044", "price": "0.72", "size": "920.11", "side": "BUY", "hash": "398d52a8ffcf659777e822b2c6eca0c0ef6dfa2d", "best_bid": "0.72", "best_ask": "0.79"}, {"asset_id": "45623465970039811985156732364582292005770996455343860241298085709716069575338", "price": "0.28", "size": "920.11", "side": "SELL", "hash": "a294a84e02ec4d75d239b4ae19efe442bb58cd0f", "best_bid": "0.21", "best_ask": "0.28"}], "timestamp": "1769384594734", "event_type": "price_change"}}
{"_local_timestamp": "2026-01-25T23:43:15.583193+00:00", "data": {"market": "0xe1c55a41c389051295edbf61184a1ac47d5903f85fd8c3ac5ff92b819e7758d9", "price_changes": [{"asset_id": "112453745798286260476619849085493387301317915928200921827655518887089027485044", "price": "0.09", "size": "207.35", "side": "BUY", "hash": "d440b696d334ad2e361bb4e31062fec7d00c17d9", "best_bid": "0.72", "best_ask": "0.79"}, {"asset_id": "45623465970039811985156732364582292005770996455343860241298085709716069575338", "price": "0.91", "size": "207.35", "side": "SELL", "hash": "c66a50a368a00e0f3255ca2049a176e27d3853b7", "best_bid": "0.21", "best_ask": "0.28"}], "timestamp": "1769384595447", "event_type": "price_change"}}
{"_local_timestamp": "2026-01-25T23:43:15.652848+00:00", "data": {"market": "0xe1c55a41c389051295edbf61184a1ac47d5903f85fd8c3ac5ff92b819e7758d9", "price_changes": [{"asset_id": "112453745798286260476619849085493387301317915928200921827655518887089027485044", "price": "0.08", "size": "1997.11", "side": "BUY", "hash": "6fa2d8a9835b3617731e4fe439e30a292a7fe9d9", "best_bid": "0.72", "best_ask": "0.79"}, {"asset_id": "45623465970039811985156732364582292005770996455343860241298085709716069575338", "price": "0.92", "size": "1997.11", "side": "SELL", "hash": "f454756e98485cb6ef6a6a5949eb77c58737695d", "best_bid": "0.21", "best_ask": "0.28"}], "timestamp": "1769384595517", "event_type": "price_change"}}
{"_local_timestamp": "2026-01-25T23:43:15.708855+00:00", "data": {"market": "0xe1c55a41c389051295edbf61184a1ac47d5903f85fd8c3ac5ff92b819e7758d9", "price_changes": [{"asset_id": "112453745798286260476619849085493387301317915928200921827655518887089027485044", "price": "0.08", "size": "2887.22", "side": "BUY", "hash": "f0a6cf9705247715e0227f191c1fa3e1a8a762ec", "best_bid": "0.72", "best_ask": "0.79"}, {"asset_id": "45623465970039811985156732364582292005770996455343860241298085709716069575338", "price": "0.92", "size": "2887.22", "side": "SELL", "hash": "5c5e53352af8c480ed3c3c1ba64f1d9a3f38c14f", "best_bid": "0.21", "best_ask": "0.28"}], "timestamp": "1769384595574", "event_type": "price_change"}}
{"_local_timestamp": "2026-01-25T23:43:15.716805+00:00", "data": {"market": "0xe1c55a41c389051295edbf61184a1ac47d5903f85fd8c3ac5ff92b819e7758d9", "price_changes": [{"asset_id": "112453745798286260476619849085493387301317915928200921827655518887089027485044", "price": "0.08", "size": "4157.32", "side": "BUY", "hash": "cae46070d17b49a7bd0a49546091c5384dbbddd6", "best_bid": "0.72", "best_ask": "0.79"}, {"asset_id": "45623465970039811985156732364582292005770996455343860241298085709716069575338", "price": "0.92", "size": "4157.32", "side": "SELL", "hash": "28505e5354ffee48f0e4fa5ca615ea42f2783bce", "best_bid": "0.21", "best_ask": "0.28"}], "timestamp": "1769384595575", "event_type": "price_change"}}
{"_local_timestamp": "2026-01-25T23:43:15.938451+00:00", "data": {"market": "0xe1c55a41c389051295edbf61184a1ac47d5903f85fd8c3ac5ff92b819e7758d9", "price_changes": [{"asset_id": "112453745798286260476619849085493387301317915928200921827655518887089027485044", "price": "0.1", "size": "4657.32", "side": "BUY", "hash": "b83448a8ecd3015c286aff8e4a27423a1b2eb1d9", "best_bid": "0.72", "best_ask": "0.79"}, {"asset_id": "45623465970039811985156732364582292005770996455343860241298085709716069575338", "price": "0.9", "size": "4657.32", "side": "SELL", "hash": "da677f0ffd6a8bd289e58586e1f5af68c0fa5daf", "best_bid": "0.21", "best_ask": "0.28"}], "timestamp": "1769384595780", "event_type": "price_change"}}
{"_local_timestamp": "2026-01-25T23:43:16.049045+00:00", "data": {"market": "0xe1c55a41c389051295edbf61184a1ac47d5903f85fd8c3ac5ff92b819e7758d9", "price_changes": [{"asset_id": "112453745798286260476619849085493387301317915928200921827655518887089027485044", "price": "0.09", "size": "107.35", "side": "BUY", "hash": "0610168dfe86b7db7742e88630c0f75392f914d6", "best_bid": "0.72", "best_ask": "0.79"}, {"asset_id": "45623465970039811985156732364582292005770996455343860241298085709716069575338", "price": "0.91", "size": "107.35", "side": "SELL", "hash": "4e4b7fc849502f54315f499b03b1a49d1d128dc7", "best_bid": "0.21", "best_ask": "0.28"}], "timestamp": "1769384595914", "event_type": "price_change"}}
{"_local_timestamp": "2026-01-25T23:43:16.420228+00:00", "data": {"market": "0xe1c55a41c389051295edbf61184a1ac47d5903f85fd8c3ac5ff92b819e7758d9", "price_changes": [{"asset_id": "112453745798286260476619849085493387301317915928200921827655518887089027485044", "price": "0.1", "size": "4757.32", "side": "BUY", "hash": "d19c709e04f91bbc166d3b899df955e0524687dd", "best_bid": "0.72", "best_ask": "0.79"}, {"asset_id": "45623465970039811985156732364582292005770996455343860241298085709716069575338", "price": "0.9", "size": "4757.32", "side": "SELL", "hash": "39c42e23f2db598df0e9dd047cccfa39fa45b24f", "best_bid": "0.21", "best_ask": "0.28"}], "timestamp": "1769384596294", "event_type": "price_change"}}
{"_local_timestamp": "2026-01-25T23:43:18.465956+00:00", "data": {"market": "0xe1c55a41c389051295edbf61184a1ac47d5903f85fd8c3ac5ff92b819e7758d9", "price_changes": [{"asset_id": "112453745798286260476619849085493387301317915928200921827655518887089027485044", "price": "0.09", "size": "7.35", "side": "BUY", "hash": "72c0291629d87661652865991f7038a6cfb78433", "best_bid": "0.72", "best_ask": "0.79"}, {"asset_id": "45623465970039811985156732364582292005770996455343860241298085709716069575338", "price": "0.91", "size": "7.35", "side": "SELL", "hash": "efa259b35b4c0b95cb9925aebf0bc9d86108fbd5", "best_bid": "0.21", "best_ask": "0.28"}], "timestamp": "1769384598346", "event_type": "price_change"}}
{"_local_timestamp": "2026-01-25T23:43:18.574022+00:00", "data": {"market": "0xe1c55a41c389051295edbf61184a1ac47d5903f85fd8c3ac5ff92b819e7758d9", "price_changes": [{"asset_id": "112453745798286260476619849085493387301317915928200921827655518887089027485044", "price": "0.43", "size": "0", "side": "BUY", "hash": "cd3889acf42ca6f4eb8ec26b758be92cb591080b", "best_bid": "0.72", "best_ask": "0.79"}, {"asset_id": "45623465970039811985156732364582292005770996455343860241298085709716069575338", "price": "0.57", "size": "0", "side": "SELL", "hash": "39f635a059a6d5d4b89b9ff62ff9724aaf13d565", "best_bid": "0.21", "best_ask": "0.28"}], "timestamp": "1769384598449", "event_type": "price_change"}}
{"_local_timestamp": "2026-01-25T23:43:18.582159+00:00", "data": {"market": "0xe1c55a41c389051295edbf61184a1ac47d5903f85fd8c3ac5ff92b819e7758d9", "price_changes": [{"asset_id": "112453745798286260476619849085493387301317915928200921827655518887089027485044", "price": "0.42", "size": "200", "side": "BUY", "hash": "cd3889acf42ca6f4eb8ec26b758be92cb591080b", "best_bid": "0.72", "best_ask": "0.79"}, {"asset_id": "45623465970039811985156732364582292005770996455343860241298085709716069575338", "price": "0.58", "size": "200", "side": "SELL", "hash": "39f635a059a6d5d4b89b9ff62ff9724aaf13d565", "best_bid": "0.21", "best_ask": "0.28"}], "timestamp": "1769384598449", "event_type": "price_change"}}
{"_local_timestamp": "2026-01-25T23:43:18.582863+00:00", "data": {"market": "0xe1c55a41c389051295edbf61184a1ac47d5903f85fd8c3ac5ff92b819e7758d9", "price_changes": [{"asset_id": "112453745798286260476619849085493387301317915928200921827655518887089027485044", "price": "0.1", "size": "600", "side": "BUY", "hash": "cd3889acf42ca6f4eb8ec26b758be92cb591080b", "best_bid": "0.72", "best_ask": "0.79"}, {"asset_id": "45623465970039811985156732364582292005770996455343860241298085709716069575338", "price": "0.9", "size": "600", "side": "SELL", "hash": "39f635a059a6d5d4b89b9ff62ff9724aaf13d565", "best_bid": "0.21", "best_ask": "0.28"}], "timestamp": "1769384598449", "event_type": "price_change"}}
{"_local_timestamp": "2026-01-25T23:43:18.665653+00:00", "data": {"market": "0xe1c55a41c389051295edbf61184a1ac47d5903f85fd8c3ac5ff92b819e7758d9", "price_changes": [{"asset_id": "112453745798286260476619849085493387301317915928200921827655518887089027485044", "price": "0.11", "size": "1270.1", "side": "BUY", "hash": "58d29a1e6defe77e01743623145e4ae39834bf4b", "best_bid": "0.72", "best_ask": "0.79"}, {"asset_id": "45623465970039811985156732364582292005770996455343860241298085709716069575338", "price": "0.89", "size": "1270.1", "side": "SELL", "hash": "b6055c106e1b02de82ee7cc7e97f8305949d468d", "best_bid": "0.21", "best_ask": "0.28"}], "timestamp": "1769384598543", "event_type": "price_change"}}
{"_local_timestamp": "2026-01-25T23:43:18.666425+00:00", "data": {"market": "0xe1c55a41c389051295edbf61184a1ac47d5903f85fd8c3ac5ff92b819e7758d9", "price_changes": [{"asset_id": "112453745798286260476619849085493387301317915928200921827655518887089027485044", "price": "0.11", "size": "7269.21", "side": "BUY", "hash": "88a6eddf3e2c8c6c486751827d8eb705e596db26", "best_bid": "0.72", "best_ask": "0.79"}, {"asset_id": "45623465970039811985156732364582292005770996455343860241298085709716069575338", "price": "0.89", "size": "7269.21", "side": "SELL", "hash": "cb6cdf209fed790656deefe3a4db147f6785f15a", "best_bid": "0.21", "best_ask": "0.28"}], "timestamp": "1769384598544", "event_type": "price_change"}}
{"_local_timestamp": "2026-01-25T23:43:18.701437+00:00", "data": {"market": "0xe1c55a41c389051295edbf61184a1ac47d5903f85fd8c3ac5ff92b819e7758d9", "price_changes": [{"asset_id": "112453745798286260476619849085493387301317915928200921827655518887089027485044", "price": "0.11", "size": "8159.32", "side": "BUY", "hash": "00f433a1b9f13c8ff001459f202a2dd71a755bea", "best_bid": "0.72", "best_ask": "0.79"}, {"asset_id": "45623465970039811985156732364582292005770996455343860241298085709716069575338", "price": "0.89", "size": "8159.32", "side": "SELL", "hash": "fbac95de39b6dcd954b4621ad2ac05a831a19606", "best_bid": "0.21", "best_ask": "0.28"}], "timestamp": "1769384598584", "event_type": "price_change"}}
{"_local_timestamp": "2026-01-25T23:43:18.702130+00:00", "data": {"market": "0xe1c55a41c389051295edbf61184a1ac47d5903f85fd8c3ac5ff92b819e7758d9", "price_changes": [{"asset_id": "112453745798286260476619849085493387301317915928200921827655518887089027485044", "price": "0.11", "size": "10156.43", "side": "BUY", "hash": "49420b835c502a53149a47af125bf14d3e0b157f", "best_bid": "0.72", "best_ask": "0.79"}, {"asset_id": "45623465970039811985156732364582292005770996455343860241298085709716069575338", "price": "0.89", "size": "10156.43", "side": "SELL", "hash": "ce55a29c0770975e6f7915ea37e5b3997347a639", "best_bid": "0.21", "best_ask": "0.28"}], "timestamp": "1769384598585", "event_type": "price_change"}}
{"_local_timestamp": "2026-01-25T23:43:18.883827+00:00", "data": {"market": "0xe1c55a41c389051295edbf61184a1ac47d5903f85fd8c3ac5ff92b819e7758d9", "price_changes": [{"asset_id": "112453745798286260476619849085493387301317915928200921827655518887089027485044", "price": "0.1", "size": "700", "side": "BUY", "hash": "ef16168f5484114f5fe9a439c206547fd91a1ba1", "best_bid": "0.72", "best_ask": "0.79"}, {"asset_id": "45623465970039811985156732364582292005770996455343860241298085709716069575338", "price": "0.9", "size": "700", "side": "SELL", "hash": "dd20b8777e21d7fe9a78f32775e2f1258c91825a", "best_bid": "0.21", "best_ask": "0.28"}], "timestamp": "1769384598773", "event_type": "price_change"}}
{"_local_timestamp": "2026-01-25T23:43:25.071318+00:00", "data": {"market": "0xe1c55a41c389051295edbf61184a1ac47d5903f85fd8c3ac5ff92b819e7758d9", "price_changes": [{"asset_id": "112453745798286260476619849085493387301317915928200921827655518887089027485044", "price": "0.27", "size": "0", "side": "BUY", "hash": "e8ca5c5232b2fbaac7153ad66419fb58c387521c", "best_bid": "0.72", "best_ask": "0.79"}, {"asset_id": "45623465970039811985156732364582292005770996455343860241298085709716069575338", "price": "0.73", "size": "0", "side": "SELL", "hash": "a2f281765deacf52a43c906e7ca232f7a0fc8d18", "best_bid": "0.21", "best_ask": "0.28"}], "timestamp": "1769384604920", "event_type": "price_change"}}
{"_local_timestamp": "2026-01-25T23:43:25.072504+00:00", "data": {"market": "0xe1c55a41c389051295edbf61184a1ac47d5903f85fd8c3ac5ff92b819e7758d9", "price_changes": [{"asset_id": "112453745798286260476619849085493387301317915928200921827655518887089027485044", "price": "0.2", "size": "0", "side": "BUY", "hash": "e8ca5c5232b2fbaac7153ad66419fb58c387521c", "best_bid": "0.72", "best_ask": "0.79"}, {"asset_id": "45623465970039811985156732364582292005770996455343860241298085709716069575338", "price": "0.8", "size": "0", "side": "SELL", "hash": "a2f281765deacf52a43c906e7ca232f7a0fc8d18", "best_bid": "0.21", "best_ask": "0.28"}], "timestamp": "1769384604920", "event_type": "price_change"}}
{"_local_timestamp": "2026-01-25T23:43:25.073182+00:00", "data": {"market": "0xe1c55a41c389051295edbf61184a1ac47d5903f85fd8c3ac5ff92b819e7758d9", "price_changes": [{"asset_id": "112453745798286260476619849085493387301317915928200921827655518887089027485044", "price": "0.34", "size": "0", "side": "BUY", "hash": "e8ca5c5232b2fbaac7153ad66419fb58c387521c", "best_bid": "0.72", "best_ask": "0.79"}, {"asset_id": "45623465970039811985156732364582292005770996455343860241298085709716069575338", "price": "0.66", "size": "0", "side": "SELL", "hash": "a2f281765deacf52a43c906e7ca232f7a0fc8d18", "best_bid": "0.21", "best_ask": "0.28"}], "timestamp": "1769384604920", "event_type": "price_change"}}
{"_local_timestamp": "2026-01-25T23:43:25.133761+00:00", "data": {"market": "0xe1c55a41c389051295edbf61184a1ac47d5903f85fd8c3ac5ff92b819e7758d9", "price_changes": [{"asset_id": "112453745798286260476619849085493387301317915928200921827655518887089027485044", "price": "0.08", "size": "0", "side": "BUY", "hash": "ecb6a6b6d5a278c87ff34ebe19715b54cf84bec8", "best_bid": "0.72", "best_ask": "0.79"}, {"asset_id": "45623465970039811985156732364582292005770996455343860241298085709716069575338", "price": "0.92", "size": "0", "side": "SELL", "hash": "683ab6fb5a62089953f44e061fe53d0e63e3356c", "best_bid": "0.21", "best_ask": "0.28"}], "timestamp": "1769384604993", "event_type": "price_change"}}
{"_local_timestamp": "2026-01-25T23:43:25.135194+00:00", "data": {"market": "0xe1c55a41c389051295edbf61184a1ac47d5903f85fd8c3ac5ff92b819e7758d9", "price_changes": [{"asset_id": "112453745798286260476619849085493387301317915928200921827655518887089027485044", "price": "0.11", "size": "4157.32", "side": "BUY", "hash": "ecb6a6b6d5a278c87ff34ebe19715b54cf84bec8", "best_bid": "0.72", "best_ask": "0.79"}, {"asset_id": "45623465970039811985156732364582292005770996455343860241298085709716069575338", "price": "0.89", "size": "4157.32", "side": "SELL", "hash": "683ab6fb5a62089953f44e061fe53d0e63e3356c", "best_bid": "0.21", "best_ask": "0.28"}], "timestamp": "1769384604993", "event_type": "price_change"}}
{"_local_timestamp": "2026-01-25T23:43:25.177620+00:00", "data": {"market": "0xe1c55a41c389051295edbf61184a1ac47d5903f85fd8c3ac5ff92b819e7758d9", "price_changes": [{"asset_id": "112453745798286260476619849085493387301317915928200921827655518887089027485044", "price": "0.12", "size": "1997.11", "side": "BUY", "hash": "9ea1e0405bf6262ced1728c831191af723b775e8", "best_bid": "0.72", "best_ask": "0.79"}, {"asset_id": "45623465970039811985156732364582292005770996455343860241298085709716069575338", "price": "0.88", "size": "1997.11", "side": "SELL", "hash": "42e176608a98d083925e13fa5a2e2cd9d07eed76", "best_bid": "0.21", "best_ask": "0.28"}], "timestamp": "1769384605027", "event_type": "price_change"}}
{"_local_timestamp": "2026-01-25T23:43:25.178392+00:00", "data": {"market": "0xe1c55a41c389051295edbf61184a1ac47d5903f85fd8c3ac5ff92b819e7758d9", "price_changes": [{"asset_id": "112453745798286260476619849085493387301317915928200921827655518887089027485044", "price": "0.12", "size": "3267.21", "side": "BUY", "hash": "619753885ed3c88848ecbe0dfac74c20ab958bbc", "best_bid": "0.72", "best_ask": "0.79"}, {"asset_id": "45623465970039811985156732364582292005770996455343860241298085709716069575338", "price": "0.88", "size": "3267.21", "side": "SELL", "hash": "2712664bb1dc38ae1cd3f304c030d62a1add4626", "best_bid": "0.21", "best_ask": "0.28"}], "timestamp": "1769384605028", "event_type": "price_change"}}
{"_local_timestamp": "2026-01-25T23:43:25.179082+00:00", "data": {"market": "0xe1c55a41c389051295edbf61184a1ac47d5903f85fd8c3ac5ff92b819e7758d9", "price_changes": [{"asset_id": "112453745798286260476619849085493387301317915928200921827655518887089027485044", "price": "0.12", "size": "9266.32", "side": "BUY", "hash": "27bc8d4c92243cae02e4e1f1b2ae22b05b045571", "best_bid": "0.72", "best_ask": "0.79"}, {"asset_id": "45623465970039811985156732364582292005770996455343860241298085709716069575338", "price": "0.88", "size": "9266.32", "side": "SELL", "hash": "a5ff26c2886dfac4141c2fbcc08bf40e47955a7e", "best_bid": "0.21", "best_ask": "0.28"}], "timestamp": "1769384605029", "event_type": "price_change"}}
{"_local_timestamp": "2026-01-25T23:43:25.179860+00:00", "data": {"market": "0xe1c55a41c389051295edbf61184a1ac47d5903f85fd8c3ac5ff92b819e7758d9", "price_changes": [{"asset_id": "112453745798286260476619849085493387301317915928200921827655518887089027485044", "price": "0.12", "size": "10156.43", "side": "BUY", "hash": "af629abde71a1d4de515ac409c3501c5a1c9c6ef", "best_bid": "0.72", "best_ask": "0.79"}, {"asset_id": "45623465970039811985156732364582292005770996455343860241298085709716069575338", "price": "0.88", "size": "10156.43", "side": "SELL", "hash": "d3a6dc83be705d4d7d7c1c23c8c2039434747aad", "best_bid": "0.21", "best_ask": "0.28"}], "timestamp": "1769384605029", "event_type": "price_change"}}
{"_local_timestamp": "2026-01-25T23:43:38.230447+00:00", "data": {"market": "0xe1c55a41c389051295edbf61184a1ac47d5903f85fd8c3ac5ff92b819e7758d9", "price_changes": [{"asset_id": "112453745798286260476619849085493387301317915928200921827655518887089027485044", "price": "0.1", "size": "300", "side": "BUY", "hash": "742977c053c3ca3c2ddd4d3b99f14ca0d0d76e6e", "best_bid": "0.72", "best_ask": "0.79"}, {"asset_id": "45623465970039811985156732364582292005770996455343860241298085709716069575338", "price": "0.9", "size": "300", "side": "SELL", "hash": "704735fe3360ef6e76c4822eff50bb41a13e371f", "best_bid": "0.21", "best_ask": "0.28"}], "timestamp": "1769384618105", "event_type": "price_change"}}
{"_local_timestamp": "2026-01-25T23:43:38.290036+00:00", "data": {"market": "0xe1c55a41c389051295edbf61184a1ac47d5903f85fd8c3ac5ff92b819e7758d9", "price_changes": [{"asset_id": "112453745798286260476619849085493387301317915928200921827655518887089027485044", "price": "0.12", "size": "0", "side": "BUY", "hash": "4796f382fd5304aaf642ae4848551f5a720ee925", "best_bid": "0.72", "best_ask": "0.79"}, {"asset_id": "45623465970039811985156732364582292005770996455343860241298085709716069575338", "price": "0.88", "size": "0", "side": "SELL", "hash": "999c2bbe464f1128c3fbb841031be28f31da3887", "best_bid": "0.21", "best_ask": "0.28"}], "timestamp": "1769384618166", "event_type": "price_change"}}
{"_local_timestamp": "2026-01-25T23:43:38.356539+00:00", "data": {"market": "0xe1c55a41c389051295edbf61184a1ac47d5903f85fd8c3ac5ff92b819e7758d9", "price_changes": [{"asset_id": "112453745798286260476619849085493387301317915928200921827655518887089027485044", "price": "0.08", "size": "1997.11", "side": "BUY", "hash": "befbf3814434b29d9ffddc68adb0c5a953335e15", "best_bid": "0.72", "best_ask": "0.79"}, {"asset_id": "45623465970039811985156732364582292005770996455343860241298085709716069575338", "price": "0.92", "size": "1997.11", "side": "SELL", "hash": "7ca3d91afd83e99ccd38752581ff2a2d4816e5a8", "best_bid": "0.21", "best_ask": "0.28"}], "timestamp": "1769384618226", "event_type": "price_change"}}
{"_local_timestamp": "2026-01-25T23:43:38.357479+00:00", "data": {"market": "0xe1c55a41c389051295edbf61184a1ac47d5903f85fd8c3ac5ff92b819e7758d9", "price_changes": [{"asset_id": "112453745798286260476619849085493387301317915928200921827655518887089027485044", "price": "0.08", "size": "3267.21", "side": "BUY", "hash": "829473315978500f133defd24901e9ac47475eef", "best_bid": "0.72", "best_ask": "0.79"}, {"asset_id": "45623465970039811985156732364582292005770996455343860241298085709716069575338", "price": "0.92", "size": "3267.21", "side": "SELL", "hash": "7787c9f78a5c461e78022fe135672faf9e66a1db", "best_bid": "0.21", "best_ask": "0.28"}], "timestamp": "1769384618226", "event_type": "price_change"}}
{"_local_timestamp": "2026-01-25T23:43:38.358336+00:00", "data": {"market": "0xe1c55a41c389051295edbf61184a1ac47d5903f85fd8c3ac5ff92b819e7758d9", "price_changes": [{"asset_id": "112453745798286260476619849085493387301317915928200921827655518887089027485044", "price": "0.08", "size": "4157.32", "side": "BUY", "hash": "b83a4fbf294b8ce2dda913e44ba44942f7d9d435", "best_bid": "0.72", "best_ask": "0.79"}, {"asset_id": "45623465970039811985156732364582292005770996455343860241298085709716069575338", "price": "0.92", "size": "4157.32", "side": "SELL", "hash": "be29c2d57e3a2daf0b080509693ac72c45b34cda", "best_bid": "0.21", "best_ask": "0.28"}], "timestamp": "1769384618227", "event_type": "price_change"}}
{"_local_timestamp": "2026-01-25T23:43:38.515505+00:00", "data": {"market": "0xe1c55a41c389051295edbf61184a1ac47d5903f85fd8c3ac5ff92b819e7758d9", "price_changes": [{"asset_id": "112453745798286260476619849085493387301317915928200921827655518887089027485044", "price": "0.11", "size": "4557.32", "side": "BUY", "hash": "cf532b88c1685afe15d92e7b756e92c2e4788790", "best_bid": "0.72", "best_ask": "0.79"}, {"asset_id": "45623465970039811985156732364582292005770996455343860241298085709716069575338", "price": "0.89", "size": "4557.32", "side": "SELL", "hash": "6a48fa2cdc30da475c18c5d9e8ca4bf1c9feea12", "best_bid": "0.21", "best_ask": "0.28"}], "timestamp": "1769384618389", "event_type": "price_change"}}
{"_local_timestamp": "2026-01-25T23:43:44.791518+00:00", "data": {"market": "0xe1c55a41c389051295edbf61184a1ac47d5903f85fd8c3ac5ff92b819e7758d9", "price_changes": [{"asset_id": "112453745798286260476619849085493387301317915928200921827655518887089027485044", "price": "0.1", "size": "200", "side": "BUY", "hash": "824ad63293d497a1c548b2abd21787fc35c29abe", "best_bid": "0.72", "best_ask": "0.79"}, {"asset_id": "45623465970039811985156732364582292005770996455343860241298085709716069575338", "price": "0.9", "size": "200", "side": "SELL", "hash": "d3088238f62839d69e9cab3c6f4bd62ed05d91c6", "best_bid": "0.21", "best_ask": "0.28"}], "timestamp": "1769384624680", "event_type": "price_change"}}
{"_local_timestamp": "2026-01-25T23:43:44.843949+00:00", "data": {"market": "0xe1c55a41c389051295edbf61184a1ac47d5903f85fd8c3ac5ff92b819e7758d9", "price_changes": [{"asset_id": "112453745798286260476619849085493387301317915928200921827655518887089027485044", "price": "0.11", "size": "2560.21", "side": "BUY", "hash": "c2e63e6e70022b36e7a3ac26bba16e1e70e111b0", "best_bid": "0.72", "best_ask": "0.79"}, {"asset_id": "45623465970039811985156732364582292005770996455343860241298085709716069575338", "price": "0.89", "size": "2560.21", "side": "SELL", "hash": "7e6ae13747748798b7838de169d51341b490cf06", "best_bid": "0.21", "best_ask": "0.28"}], "timestamp": "1769384624734", "event_type": "price_change"}}
{"_local_timestamp": "2026-01-25T23:43:44.947815+00:00", "data": {"market": "0xe1c55a41c389051295edbf61184a1ac47d5903f85fd8c3ac5ff92b819e7758d9", "price_changes": [{"asset_id": "112453745798286260476619849085493387301317915928200921827655518887089027485044", "price": "0.11", "size": "400", "side": "BUY", "hash": "f4c0d2341ce59091f71c3420ceebb939bd197791", "best_bid": "0.72", "best_ask": "0.79"}, {"asset_id": "45623465970039811985156732364582292005770996455343860241298085709716069575338", "price": "0.89", "size": "400", "side": "SELL", "hash": "f4d322ad8215f27c67db573ebde9aea90a1feed4", "best_bid": "0.21", "best_ask": "0.28"}], "timestamp": "1769384624832", "event_type": "price_change"}}
{"_local_timestamp": "2026-01-25T23:43:44.962975+00:00", "data": {"market": "0xe1c55a41c389051295edbf61184a1ac47d5903f85fd8c3ac5ff92b819e7758d9", "price_changes": [{"asset_id": "112453745798286260476619849085493387301317915928200921827655518887089027485044", "price": "0.12", "size": "890.11", "side": "BUY", "hash": "4acfe333f8f6f34ed9736ffabc80ec66c196f989", "best_bid": "0.72", "best_ask": "0.79"}, {"asset_id": "45623465970039811985156732364582292005770996455343860241298085709716069575338", "price": "0.88", "size": "890.11", "side": "SELL", "hash": "aac372e415ec60b62a67a3b5fdfb885c6a18a5d4", "best_bid": "0.21", "best_ask": "0.28"}], "timestamp": "1769384624851", "event_type": "price_change"}}
{"_local_timestamp": "2026-01-25T23:43:44.963710+00:00", "data": {"market": "0xe1c55a41c389051295edbf61184a1ac47d5903f85fd8c3ac5ff92b819e7758d9", "price_changes": [{"asset_id": "112453745798286260476619849085493387301317915928200921827655518887089027485044", "price": "0.12", "size": "2160.21", "side": "BUY", "hash": "14e950b4af2a1cc075d649b2d82e34d205dc3832", "best_bid": "0.72", "best_ask": "0.79"}, {"asset_id": "45623465970039811985156732364582292005770996455343860241298085709716069575338", "price": "0.88", "size": "2160.21", "side": "SELL", "hash": "34d7a444e4bbd1459f305f4db493321aabddb31c", "best_bid": "0.21", "best_ask": "0.28"}], "timestamp": "1769384624852", "event_type": "price_change"}}
{"_local_timestamp": "2026-01-25T23:43:44.992373+00:00", "data": {"market": "0xe1c55a41c389051295edbf61184a1ac47d5903f85fd8c3ac5ff92b819e7758d9", "price_changes": [{"asset_id": "112453745798286260476619849085493387301317915928200921827655518887089027485044", "price": "0.12", "size": "4157.32", "side": "BUY", "hash": "580c35f4e2bbc813c86becc11508c03df0b563c1", "best_bid": "0.72", "best_ask": "0.79"}, {"asset_id": "45623465970039811985156732364582292005770996455343860241298085709716069575338", "price": "0.88", "size": "4157.32", "side": "SELL", "hash": "8b7bca411291ad239ca8a4bf591b9a7f82e122aa", "best_bid": "0.21", "best_ask": "0.28"}], "timestamp": "1769384624884", "event_type": "price_change"}}
{"_local_timestamp": "2026-01-25T23:43:45.070286+00:00", "data": {"market": "0xe1c55a41c389051295edbf61184a1ac47d5903f85fd8c3ac5ff92b819e7758d9", "price_changes": [{"asset_id": "112453745798286260476619849085493387301317915928200921827655518887089027485044", "price": "0.12", "size": "4257.32", "side": "BUY", "hash": "518fc69a08bd8bb49ac689bd1c7561cb99744c8d", "best_bid": "0.72", "best_ask": "0.79"}, {"asset_id": "45623465970039811985156732364582292005770996455343860241298085709716069575338", "price": "0.88", "size": "4257.32", "side": "SELL", "hash": "64e3b563e5da92adf568c1c85ca0c8d741f55c69", "best_bid": "0.21", "best_ask": "0.28"}], "timestamp": "1769384624964", "event_type": "price_change"}}
{"_local_timestamp": "2026-01-25T23:43:46.890885+00:00", "data": {"market": "0xe1c55a41c389051295edbf61184a1ac47d5903f85fd8c3ac5ff92b819e7758d9", "price_changes": [{"asset_id": "112453745798286260476619849085493387301317915928200921827655518887089027485044", "price": "0.27", "size": "200", "side": "BUY", "hash": "1d9ee110f999d3477fb9702029104ef65cc7c3cf", "best_bid": "0.72", "best_ask": "0.79"}, {"asset_id": "45623465970039811985156732364582292005770996455343860241298085709716069575338", "price": "0.73", "size": "200", "side": "SELL", "hash": "d4a5821e069444e287fa43a68cfcdefcd5fbbf4c", "best_bid": "0.21", "best_ask": "0.28"}], "timestamp": "1769384626776", "event_type": "price_change"}}
{"_local_timestamp": "2026-01-25T23:43:46.891692+00:00", "data": {"market": "0xe1c55a41c389051295edbf61184a1ac47d5903f85fd8c3ac5ff92b819e7758d9", "price_changes": [{"asset_id": "112453745798286260476619849085493387301317915928200921827655518887089027485044", "price": "0.2", "size": "200", "side": "BUY", "hash": "69642139e45bc238c7ac90cd5b9d6016c3c24303", "best_bid": "0.72", "best_ask": "0.79"}, {"asset_id": "45623465970039811985156732364582292005770996455343860241298085709716069575338", "price": "0.8", "size": "200", "side": "SELL", "hash": "9546931ee77d5da076dd739dd494a795568ef45b", "best_bid": "0.21", "best_ask": "0.28"}], "timestamp": "1769384626777", "event_type": "price_change"}}
{"_local_timestamp": "2026-01-25T23:43:46.892491+00:00", "data": {"market": "0xe1c55a41c389051295edbf61184a1ac47d5903f85fd8c3ac5ff92b819e7758d9", "price_changes": [{"asset_id": "112453745798286260476619849085493387301317915928200921827655518887089027485044", "price": "0.34", "size": "100", "side": "BUY", "hash": "fecaf1b67f4c675bde07f62b9da99a4faaec1006", "best_bid": "0.72", "best_ask": "0.79"}, {"asset_id": "45623465970039811985156732364582292005770996455343860241298085709716069575338", "price": "0.66", "size": "100", "side": "SELL", "hash": "5d2cf4daa47912c5c8a33cb84cb66fa59d934998", "best_bid": "0.21", "best_ask": "0.28"}], "timestamp": "1769384626777", "event_type": "price_change"}}
{"_local_timestamp": "2026-01-25T23:43:47.843353+00:00", "data": {"market": "0xe1c55a41c389051295edbf61184a1ac47d5903f85fd8c3ac5ff92b819e7758d9", "price_changes": [{"asset_id": "112453745798286260476619849085493387301317915928200921827655518887089027485044", "price": "0.1", "size": "100", "side": "BUY", "hash": "1590fbdf40810bca33055fcc785dc5951b3f2e93", "best_bid": "0.72", "best_ask": "0.79"}, {"asset_id": "45623465970039811985156732364582292005770996455343860241298085709716069575338", "price": "0.9", "size": "100", "side": "SELL", "hash": "0b45e1e90e7dfcd2e5a2beadf920dabdb3068e1f", "best_bid": "0.21", "best_ask": "0.28"}], "timestamp": "1769384627727", "event_type": "price_change"}}
{"_local_timestamp": "2026-01-25T23:43:47.907840+00:00", "data": {"market": "0xe1c55a41c389051295edbf61184a1ac47d5903f85fd8c3ac5ff92b819e7758d9", "price_changes": [{"asset_id": "112453745798286260476619849085493387301317915928200921827655518887089027485044", "price": "0.12", "size": "100", "side": "BUY", "hash": "39a0b8c6e24f44e0a55ed573ef6e58387afdf927", "best_bid": "0.72", "best_ask": "0.79"}, {"asset_id": "45623465970039811985156732364582292005770996455343860241298085709716069575338", "price": "0.88", "size": "100", "side": "SELL", "hash": "ed806acb77ca5af741d7473d7c52cd115aefdd4f", "best_bid": "0.21", "best_ask": "0.28"}], "timestamp": "1769384627795", "event_type": "price_change"}}
{"_local_timestamp": "2026-01-25T23:43:48.149585+00:00", "data": {"market": "0xe1c55a41c389051295edbf61184a1ac47d5903f85fd8c3ac5ff92b819e7758d9", "price_changes": [{"asset_id": "112453745798286260476619849085493387301317915928200921827655518887089027485044", "price": "0.12", "size": "200", "side": "BUY", "hash": "661127f5063222545491ea79c842d01db2bb17f0", "best_bid": "0.72", "best_ask": "0.79"}, {"asset_id": "45623465970039811985156732364582292005770996455343860241298085709716069575338", "price": "0.88", "size": "200", "side": "SELL", "hash": "18ba56992e212c7947e390ff664d34de5791f274", "best_bid": "0.21", "best_ask": "0.28"}], "timestamp": "1769384628034", "event_type": "price_change"}}
{"_local_timestamp": "2026-01-25T23:43:49.857164+00:00", "data": {"market": "0xe1c55a41c389051295edbf61184a1ac47d5903f85fd8c3ac5ff92b819e7758d9", "price_changes": [{"asset_id": "112453745798286260476619849085493387301317915928200921827655518887089027485044", "price": "0.1", "size": "0", "side": "BUY", "hash": "1832a98b8c7674894b1997cb101de3195ff20be1", "best_bid": "0.72", "best_ask": "0.79"}, {"asset_id": "45623465970039811985156732364582292005770996455343860241298085709716069575338", "price": "0.9", "size": "0", "side": "SELL", "hash": "a122111b4fd478d6c0d4ea99274fb20532c19008", "best_bid": "0.21", "best_ask": "0.28"}], "timestamp": "1769384629733", "event_type": "price_change"}}
{"_local_timestamp": "2026-01-25T23:43:50.185368+00:00", "data": {"market": "0xe1c55a41c389051295edbf61184a1ac47d5903f85fd8c3ac5ff92b819e7758d9", "price_changes": [{"asset_id": "112453745798286260476619849085493387301317915928200921827655518887089027485044", "price": "0.11", "size": "500", "side": "BUY", "hash": "6e09be15ed5899f23276416d0422d2023d225329", "best_bid": "0.72", "best_ask": "0.79"}, {"asset_id": "45623465970039811985156732364582292005770996455343860241298085709716069575338", "price": "0.89", "size": "500", "side": "SELL", "hash": "fbce639a5cf81a229cc6484bd1d2a5951999cf39", "best_bid": "0.21", "best_ask": "0.28"}], "timestamp": "1769384630017", "event_type": "price_change"}}
{"_local_timestamp": "2026-01-25T23:44:01.592077+00:00", "data": {"market": "0xe1c55a41c389051295edbf61184a1ac47d5903f85fd8c3ac5ff92b819e7758d9", "price_changes": [{"asset_id": "112453745798286260476619849085493387301317915928200921827655518887089027485044", "price": "0.11", "size": "100", "side": "BUY", "hash": "769510ff097fd295acea83a8d770023519a8806e", "best_bid": "0.72", "best_ask": "0.79"}, {"asset_id": "45623465970039811985156732364582292005770996455343860241298085709716069575338", "price": "0.89", "size": "100", "side": "SELL", "hash": "6b8df0dbe5899d6c918c8f1af3de558ad2a08355", "best_bid": "0.21", "best_ask": "0.28"}], "timestamp": "1769384641441", "event_type": "price_change"}}
{"_local_timestamp": "2026-01-25T23:44:01.887328+00:00", "data": {"market": "0xe1c55a41c389051295edbf61184a1ac47d5903f85fd8c3ac5ff92b819e7758d9", "price_changes": [{"asset_id": "112453745798286260476619849085493387301317915928200921827655518887089027485044", "price": "0.12", "size": "600", "side": "BUY", "hash": "77714b43cd3f7164e1e5978bf914a0cdbfbddc54", "best_bid": "0.72", "best_ask": "0.79"}, {"asset_id": "45623465970039811985156732364582292005770996455343860241298085709716069575338", "price": "0.88", "size": "600", "side": "SELL", "hash": "090386b5076abd4f627a11d5164362dda9e7c978", "best_bid": "0.21", "best_ask": "0.28"}], "timestamp": "1769384641728", "event_type": "price_change"}}
{"_local_timestamp": "2026-01-25T23:44:01.919526+00:00", "data": {"market": "0xe1c55a41c389051295edbf61184a1ac47d5903f85fd8c3ac5ff92b819e7758d9", "price_changes": [{"asset_id": "112453745798286260476619849085493387301317915928200921827655518887089027485044", "price": "0.13", "size": "1270.1", "side": "BUY", "hash": "86ba2865b40c01892546ed92c0ff1bee70de0779", "best_bid": "0.72", "best_ask": "0.79"}, {"asset_id": "45623465970039811985156732364582292005770996455343860241298085709716069575338", "price": "0.87", "size": "1270.1", "side": "SELL", "hash": "fe089b802de2cec89fa43b377489b37623f9839d", "best_bid": "0.21", "best_ask": "0.28"}], "timestamp": "1769384641769", "event_type": "price_change"}}
{"_local_timestamp": "2026-01-25T23:44:01.920264+00:00", "data": {"market": "0xe1c55a41c389051295edbf61184a1ac47d5903f85fd8c3ac5ff92b819e7758d9", "price_changes": [{"asset_id": "112453745798286260476619849085493387301317915928200921827655518887089027485044", "price": "0.13", "size": "2160.21", "side": "BUY", "hash": "3d4da6935d1e8fd05d4411b20a6eff293416feb6", "best_bid": "0.72", "best_ask": "0.79"}, {"asset_id": "45623465970039811985156732364582292005770996455343860241298085709716069575338", "price": "0.87", "size": "2160.21", "side": "SELL", "hash": "d07d9a05875b4139746eb65a0ea6b48b346901cb", "best_bid": "0.21", "best_ask": "0.28"}], "timestamp": "1769384641770", "event_type": "price_change"}}
{"_local_timestamp": "2026-01-25T23:44:02.146087+00:00", "data": {"market": "0xe1c55a41c389051295edbf61184a1ac47d5903f85fd8c3ac5ff92b819e7758d9", "price_changes": [{"asset_id": "112453745798286260476619849085493387301317915928200921827655518887089027485044", "price": "0.13", "size": "4157.32", "side": "BUY", "hash": "a3e8c1f0a3c3e0653eb004364adb231fc0ddc89c", "best_bid": "0.72", "best_ask": "0.79"}, {"asset_id": "45623465970039811985156732364582292005770996455343860241298085709716069575338", "price": "0.87", "size": "4157.32", "side": "SELL", "hash": "acaf0d19e176e3133803ee876cfa8aa9de957951", "best_bid": "0.21", "best_ask": "0.28"}], "timestamp": "1769384641998", "event_type": "price_change"}}
{"_local_timestamp": "2026-01-25T23:44:06.355047+00:00", "data": {"market": "0xe1c55a41c389051295edbf61184a1ac47d5903f85fd8c3ac5ff92b819e7758d9", "price_changes": [{"asset_id": "112453745798286260476619849085493387301317915928200921827655518887089027485044", "price": "0.12", "size": "500", "side": "BUY", "hash": "354c198f5fa53c593aa8609341dfac979ea03fa1", "best_bid": "0.72", "best_ask": "0.79"}, {"asset_id": "45623465970039811985156732364582292005770996455343860241298085709716069575338", "price": "0.88", "size": "500", "side": "SELL", "hash": "8e9017d214ae62a2e63c310a54fe369f23f6b820", "best_bid": "0.21", "best_ask": "0.28"}], "timestamp": "1769384646216", "event_type": "price_change"}}
{"_local_timestamp": "2026-01-25T23:44:06.645479+00:00", "data": {"market": "0xe1c55a41c389051295edbf61184a1ac47d5903f85fd8c3ac5ff92b819e7758d9", "price_changes": [{"asset_id": "112453745798286260476619849085493387301317915928200921827655518887089027485044", "price": "0.08", "size": "4257.32", "side": "BUY", "hash": "e563dc3838513f08af249e4d6c9e6be8e8d6fdfb", "best_bid": "0.72", "best_ask": "0.79"}, {"asset_id": "45623465970039811985156732364582292005770996455343860241298085709716069575338", "price": "0.92", "size": "4257.32", "side": "SELL", "hash": "6c1867122ea1f7badd60686009d0373a82244d28", "best_bid": "0.21", "best_ask": "0.28"}], "timestamp": "1769384646502", "event_type": "price_change"}}
{"_local_timestamp": "2026-01-25T23:44:18.261322+00:00", "data": {"market": "0xe1c55a41c389051295edbf61184a1ac47d5903f85fd8c3ac5ff92b819e7758d9", "price_changes": [{"asset_id": "112453745798286260476619849085493387301317915928200921827655518887089027485044", "price": "0.12", "size": "400", "side": "BUY", "hash": "33d9686c4d1cdb2953e0a977d2df99238190e404", "best_bid": "0.72", "best_ask": "0.79"}, {"asset_id": "45623465970039811985156732364582292005770996455343860241298085709716069575338", "price": "0.88", "size": "400", "side": "SELL", "hash": "0dde910a915d1637b1e771e6886a06eb84df5540", "best_bid": "0.21", "best_ask": "0.28"}], "timestamp": "1769384658002", "event_type": "price_change"}}
{"_local_timestamp": "2026-01-25T23:44:18.298616+00:00", "data": {"market": "0xe1c55a41c389051295edbf61184a1ac47d5903f85fd8c3ac5ff92b819e7758d9", "price_changes": [{"asset_id": "112453745798286260476619849085493387301317915928200921827655518887089027485044", "price": "0.13", "size": "3267.21", "side": "BUY", "hash": "9a61a6ad690cd208c26d377a5f91372ce3558c8a", "best_bid": "0.72", "best_ask": "0.79"}, {"asset_id": "45623465970039811985156732364582292005770996455343860241298085709716069575338", "price": "0.87", "size": "3267.21", "side": "SELL", "hash": "d3ec09a6ee8a3e7436928948e81f72900b43547f", "best_bid": "0.21", "best_ask": "0.28"}], "timestamp": "1769384658051", "event_type": "price_change"}}
{"_local_timestamp": "2026-01-25T23:44:18.368019+00:00", "data": {"market": "0xe1c55a41c389051295edbf61184a1ac47d5903f85fd8c3ac5ff92b819e7758d9", "price_changes": [{"asset_id": "112453745798286260476619849085493387301317915928200921827655518887089027485044", "price": "0.14", "size": "890.11", "side": "BUY", "hash": "cdf5ee68a32aabb2aa8261849a060c104fb25ae8", "best_bid": "0.72", "best_ask": "0.79"}, {"asset_id": "45623465970039811985156732364582292005770996455343860241298085709716069575338", "price": "0.86", "size": "890.11", "side": "SELL", "hash": "94cd33230643c4a3110ac2fdd189624ec4aab5f0", "best_bid": "0.21", "best_ask": "0.28"}], "timestamp": "1769384658124", "event_type": "price_change"}}
{"_local_timestamp": "2026-01-25T23:44:18.368845+00:00", "data": {"market": "0xe1c55a41c389051295edbf61184a1ac47d5903f85fd8c3ac5ff92b819e7758d9", "price_changes": [{"asset_id": "112453745798286260476619849085493387301317915928200921827655518887089027485044", "price": "0.14", "size": "2160.21", "side": "BUY", "hash": "e1a103a0506d690820c1bb6f8ca7d5e972bccbf1", "best_bid": "0.72", "best_ask": "0.79"}, {"asset_id": "45623465970039811985156732364582292005770996455343860241298085709716069575338", "price": "0.86", "size": "2160.21", "side": "SELL", "hash": "3e9b2031d4e0633b3576f69c192bfb65fa31844c", "best_bid": "0.21", "best_ask": "0.28"}], "timestamp": "1769384658125", "event_type": "price_change"}}
{"_local_timestamp": "2026-01-25T23:44:18.369543+00:00", "data": {"market": "0xe1c55a41c389051295edbf61184a1ac47d5903f85fd8c3ac5ff92b819e7758d9", "price_changes": [{"asset_id": "112453745798286260476619849085493387301317915928200921827655518887089027485044", "price": "0.14", "size": "4157.32", "side": "BUY", "hash": "fdd2d202f8c063437caffd0c4f3023069284cf11", "best_bid": "0.72", "best_ask": "0.79"}, {"asset_id": "45623465970039811985156732364582292005770996455343860241298085709716069575338", "price": "0.86", "size": "4157.32", "side": "SELL", "hash": "33fc55e18fbe66d3096ac7747c8a599b29898051", "best_bid": "0.21", "best_ask": "0.28"}], "timestamp": "1769384658126", "event_type": "price_change"}}
{"_local_timestamp": "2026-01-25T23:44:18.380301+00:00", "data": {"market": "0xe1c55a41c389051295edbf61184a1ac47d5903f85fd8c3ac5ff92b819e7758d9", "price_changes": [{"asset_id": "112453745798286260476619849085493387301317915928200921827655518887089027485044", "price": "0.13", "size": "0", "side": "BUY", "hash": "3b4f112d2ced86161e2840b9808142dec427bbd9", "best_bid": "0.72", "best_ask": "0.79"}, {"asset_id": "45623465970039811985156732364582292005770996455343860241298085709716069575338", "price": "0.87", "size": "0", "side": "SELL", "hash": "e9e011a21efc8242c9dc2331b6e4ecb4194df469", "best_bid": "0.21", "best_ask": "0.28"}], "timestamp": "1769384658140", "event_type": "price_change"}}
{"_local_timestamp": "2026-01-25T23:44:18.546582+00:00", "data": {"market": "0xe1c55a41c389051295edbf61184a1ac47d5903f85fd8c3ac5ff92b819e7758d9", "price_changes": [{"asset_id": "112453745798286260476619849085493387301317915928200921827655518887089027485044", "price": "0.08", "size": "4357.32", "side": "BUY", "hash": "08056506af13a7e027406af013658c2fb718137a", "best_bid": "0.72", "best_ask": "0.79"}, {"asset_id": "45623465970039811985156732364582292005770996455343860241298085709716069575338", "price": "0.92", "size": "4357.32", "side": "SELL", "hash": "41512190ea4aebd6625a1e59a8c52fa212a93c67", "best_bid": "0.21", "best_ask": "0.28"}], "timestamp": "1769384658299", "event_type": "price_change"}}
{"_local_timestamp": "2026-01-25T23:44:23.358271+00:00", "data": {"market": "0xe1c55a41c389051295edbf61184a1ac47d5903f85fd8c3ac5ff92b819e7758d9", "price_changes": [{"asset_id": "112453745798286260476619849085493387301317915928200921827655518887089027485044", "price": "0.12", "size": "0", "side": "BUY", "hash": "26cf224daae37a3566fc94c4ff28b658603bb96e", "best_bid": "0.72", "best_ask": "0.79"}, {"asset_id": "45623465970039811985156732364582292005770996455343860241298085709716069575338", "price": "0.88", "size": "0", "side": "SELL", "hash": "431cc1eb0e7a8c0db369354a073767ac04a64dbe", "best_bid": "0.21", "best_ask": "0.28"}], "timestamp": "1769384662997", "event_type": "price_change"}}
{"_local_timestamp": "2026-01-25T23:44:23.371038+00:00", "data": {"market": "0xe1c55a41c389051295edbf61184a1ac47d5903f85fd8c3ac5ff92b819e7758d9", "price_changes": [{"asset_id": "112453745798286260476619849085493387301317915928200921827655518887089027485044", "price": "0.14", "size": "0", "side": "BUY", "hash": "acd3add1db598c7fa9bc72e564fade9f8d74c81c", "best_bid": "0.72", "best_ask": "0.79"}, {"asset_id": "45623465970039811985156732364582292005770996455343860241298085709716069575338", "price": "0.86", "size": "0", "side": "SELL", "hash": "802a830ccb4d08983e5557827d77abf0a7ebbfde", "best_bid": "0.21", "best_ask": "0.28"}], "timestamp": "1769384663059", "event_type": "price_change"}}
{"_local_timestamp": "2026-01-25T23:44:23.519277+00:00", "data": {"market": "0xe1c55a41c389051295edbf61184a1ac47d5903f85fd8c3ac5ff92b819e7758d9", "price_changes": [{"asset_id": "112453745798286260476619849085493387301317915928200921827655518887089027485044", "price": "0.13", "size": "400", "side": "BUY", "hash": "6394062469be963b5be130427e48437131bd9b40", "best_bid": "0.72", "best_ask": "0.79"}, {"asset_id": "45623465970039811985156732364582292005770996455343860241298085709716069575338", "price": "0.87", "size": "400", "side": "SELL", "hash": "d80e32196c5321495f8dea2cccbfbd9e712320de", "best_bid": "0.21", "best_ask": "0.28"}], "timestamp": "1769384663276", "event_type": "price_change"}}
{"_local_timestamp": "2026-01-25T23:44:23.646424+00:00", "data": {"market": "0xe1c55a41c389051295edbf61184a1ac47d5903f85fd8c3ac5ff92b819e7758d9", "price_changes": [{"asset_id": "112453745798286260476619849085493387301317915928200921827655518887089027485044", "price": "0.11", "size": "0", "side": "BUY", "hash": "59c47f618c7aef31491ebd316c7100571fa19667", "best_bid": "0.72", "best_ask": "0.79"}, {"asset_id": "45623465970039811985156732364582292005770996455343860241298085709716069575338", "price": "0.89", "size": "0", "side": "SELL", "hash": "919af275f86c5335950ca553b41c70d12d32dd62", "best_bid": "0.21", "best_ask": "0.28"}], "timestamp": "1769384663390", "event_type": "price_change"}}
{"_local_timestamp": "2026-01-25T23:44:23.908727+00:00", "data": {"market": "0xe1c55a41c389051295edbf61184a1ac47d5903f85fd8c3ac5ff92b819e7758d9", "price_changes": [{"asset_id": "112453745798286260476619849085493387301317915928200921827655518887089027485044", "price": "0.08", "size": "4457.32", "side": "BUY", "hash": "42a26f4bb9f353bfea6fb69e8d8beb75a1ea1d3a", "best_bid": "0.72", "best_ask": "0.79"}, {"asset_id": "45623465970039811985156732364582292005770996455343860241298085709716069575338", "price": "0.92", "size": "4457.32", "side": "SELL", "hash": "d9c4e8457cc09d69ce7cbc338af5e47f55761a62", "best_bid": "0.21", "best_ask": "0.28"}], "timestamp": "1769384663667", "event_type": "price_change"}}
{"_local_timestamp": "2026-01-25T23:44:27.235855+00:00", "data": {"market": "0xe1c55a41c389051295edbf61184a1ac47d5903f85fd8c3ac5ff92b819e7758d9", "price_changes": [{"asset_id": "112453745798286260476619849085493387301317915928200921827655518887089027485044", "price": "0.08", "size": "4357.32", "side": "BUY", "hash": "c83c4540faf994adcd93f183b348fb9d7100175e", "best_bid": "0.72", "best_ask": "0.79"}, {"asset_id": "45623465970039811985156732364582292005770996455343860241298085709716069575338", "price": "0.92", "size": "4357.32", "side": "SELL", "hash": "54a74dfc1531da335f43c7c36e599380ea87400e", "best_bid": "0.21", "best_ask": "0.28"}], "timestamp": "1769384666975", "event_type": "price_change"}}
{"_local_timestamp": "2026-01-25T23:44:27.509086+00:00", "data": {"market": "0xe1c55a41c389051295edbf61184a1ac47d5903f85fd8c3ac5ff92b819e7758d9", "price_changes": [{"asset_id": "112453745798286260476619849085493387301317915928200921827655518887089027485044", "price": "0.13", "size": "500", "side": "BUY", "hash": "dae2ac8728352d3e6ffc1f1be94b55af0d105735", "best_bid": "0.72", "best_ask": "0.79"}, {"asset_id": "45623465970039811985156732364582292005770996455343860241298085709716069575338", "price": "0.87", "size": "500", "side": "SELL", "hash": "3d7665731204d8d42fbad2e49e22fc851bda03f3", "best_bid": "0.21", "best_ask": "0.28"}], "timestamp": "1769384667238", "event_type": "price_change"}}
{"_local_timestamp": "2026-01-25T23:44:46.507366+00:00", "data": {"market": "0xe1c55a41c389051295edbf61184a1ac47d5903f85fd8c3ac5ff92b819e7758d9", "price_changes": [{"asset_id": "112453745798286260476619849085493387301317915928200921827655518887089027485044", "price": "0.13", "size": "100", "side": "BUY", "hash": "09f8f007eeb5f55574110553deac1c448ef85b59", "best_bid": "0.72", "best_ask": "0.79"}, {"asset_id": "45623465970039811985156732364582292005770996455343860241298085709716069575338", "price": "0.87", "size": "100", "side": "SELL", "hash": "8efc7cae02cd7ba40f32e4f828f581446b5a60ad", "best_bid": "0.21", "best_ask": "0.28"}], "timestamp": "1769384686315", "event_type": "price_change"}}
{"_local_timestamp": "2026-01-25T23:44:46.792708+00:00", "data": {"market": "0xe1c55a41c389051295edbf61184a1ac47d5903f85fd8c3ac5ff92b819e7758d9", "price_changes": [{"asset_id": "112453745798286260476619849085493387301317915928200921827655518887089027485044", "price": "0.08", "size": "4757.32", "side": "BUY", "hash": "4ac6792bcef09bfe4bd5cd6d666fc710238c50f4", "best_bid": "0.72", "best_ask": "0.79"}, {"asset_id": "45623465970039811985156732364582292005770996455343860241298085709716069575338", "price": "0.92", "size": "4757.32", "side": "SELL", "hash": "faf48189fb8526273bd40d2536e177581322d3b1", "best_bid": "0.21", "best_ask": "0.28"}], "timestamp": "1769384686597", "event_type": "price_change"}}
{"_local_timestamp": "2026-01-25T23:44:46.839017+00:00", "data": {"market": "0xe1c55a41c389051295edbf61184a1ac47d5903f85fd8c3ac5ff92b819e7758d9", "price_changes": [{"asset_id": "112453745798286260476619849085493387301317915928200921827655518887089027485044", "price": "0.09", "size": "1277.45", "side": "BUY", "hash": "0ea71e0fd2e7b1a44fbd5f783f12b418a4389374", "best_bid": "0.72", "best_ask": "0.79"}, {"asset_id": "45623465970039811985156732364582292005770996455343860241298085709716069575338", "price": "0.91", "size": "1277.45", "side": "SELL", "hash": "d7c15cbd0a2bff1e39c3fabe32d16a865ecc5861", "best_bid": "0.21", "best_ask": "0.28"}], "timestamp": "1769384686636", "event_type": "price_change"}}
{"_local_timestamp": "2026-01-25T23:44:46.839877+00:00", "data": {"market": "0xe1c55a41c389051295edbf61184a1ac47d5903f85fd8c3ac5ff92b819e7758d9", "price_changes": [{"asset_id": "112453745798286260476619849085493387301317915928200921827655518887089027485044", "price": "0.09", "size": "2167.56", "side": "BUY", "hash": "0955ecb5167e38718198d7a0a52b2ce62408fe74", "best_bid": "0.72", "best_ask": "0.79"}, {"asset_id": "45623465970039811985156732364582292005770996455343860241298085709716069575338", "price": "0.91", "size": "2167.56", "side": "SELL", "hash": "d6df1704cfac244f6cd15b88bc4b218ff6661e57", "best_bid": "0.21", "best_ask": "0.28"}], "timestamp": "1769384686637", "event_type": "price_change"}}
{"_local_timestamp": "2026-01-25T23:44:47.060448+00:00", "data": {"market": "0xe1c55a41c389051295edbf61184a1ac47d5903f85fd8c3ac5ff92b819e7758d9", "price_changes": [{"asset_id": "112453745798286260476619849085493387301317915928200921827655518887089027485044", "price": "0.09", "size": "4164.67", "side": "BUY", "hash": "6f2e334af4dc26aa544cdfe1eda52284670055be", "best_bid": "0.72", "best_ask": "0.79"}, {"asset_id": "45623465970039811985156732364582292005770996455343860241298085709716069575338", "price": "0.91", "size": "4164.67", "side": "SELL", "hash": "a1ea02e7ccb586e60d4ffa53cc923fd70dc97185", "best_bid": "0.21", "best_ask": "0.28"}], "timestamp": "1769384686866", "event_type": "price_change"}}
{"_local_timestamp": "2026-01-25T23:44:55.217782+00:00", "data": {"market": "0xe1c55a41c389051295edbf61184a1ac47d5903f85fd8c3ac5ff92b819e7758d9", "price_changes": [{"asset_id": "112453745798286260476619849085493387301317915928200921827655518887089027485044", "price": "0.13", "size": "0", "side": "BUY", "hash": "7df38d85e98199830522ebbe518347b1ce4da64e", "best_bid": "0.72", "best_ask": "0.79"}, {"asset_id": "45623465970039811985156732364582292005770996455343860241298085709716069575338", "price": "0.87", "size": "0", "side": "SELL", "hash": "62226d9c98a3c8d3ebe21506bf84f426632e43c0", "best_bid": "0.21", "best_ask": "0.28"}], "timestamp": "1769384695109", "event_type": "price_change"}}
{"_local_timestamp": "2026-01-25T23:44:55.345525+00:00", "data": {"market": "0xe1c55a41c389051295edbf61184a1ac47d5903f85fd8c3ac5ff92b819e7758d9", "price_changes": [{"asset_id": "112453745798286260476619849085493387301317915928200921827655518887089027485044", "price": "0.08", "size": "600", "side": "BUY", "hash": "cffd2eb66af30a0980df420c1b4681a06c7d892c", "best_bid": "0.72", "best_ask": "0.79"}, {"asset_id": "45623465970039811985156732364582292005770996455343860241298085709716069575338", "price": "0.92", "size": "600", "side": "SELL", "hash": "11fd5db85f15ae24ea7eb10e3b08956664f59422", "best_bid": "0.21", "best_ask": "0.28"}], "timestamp": "1769384695234", "event_type": "price_change"}}
{"_local_timestamp": "2026-01-25T23:44:55.526922+00:00", "data": {"market": "0xe1c55a41c389051295edbf61184a1ac47d5903f85fd8c3ac5ff92b819e7758d9", "price_changes": [{"asset_id": "112453745798286260476619849085493387301317915928200921827655518887089027485044", "price": "0.08", "size": "700", "side": "BUY", "hash": "ae9fb25e44ac5762e98ffc61d43310de77d7cea9", "best_bid": "0.72", "best_ask": "0.79"}, {"asset_id": "45623465970039811985156732364582292005770996455343860241298085709716069575338", "price": "0.92", "size": "700", "side": "SELL", "hash": "0b2c496897666a57eacbad0d2d097e0a36567f9c", "best_bid": "0.21", "best_ask": "0.28"}], "timestamp": "1769384695416", "event_type": "price_change"}}
{"_local_timestamp": "2026-01-25T23:45:08.843856+00:00", "data": {"market": "0xe1c55a41c389051295edbf61184a1ac47d5903f85fd8c3ac5ff92b819e7758d9", "price_changes": [{"asset_id": "112453745798286260476619849085493387301317915928200921827655518887089027485044", "price": "0.08", "size": "300", "side": "BUY", "hash": "6f6f103442afbdbb7aae8eee743b7702f5e4c1b5", "best_bid": "0.72", "best_ask": "0.79"}, {"asset_id": "45623465970039811985156732364582292005770996455343860241298085709716069575338", "price": "0.92", "size": "300", "side": "SELL", "hash": "0b9620277a37e260903a6c3f69d1887f251752dd", "best_bid": "0.21", "best_ask": "0.28"}], "timestamp": "1769384708770", "event_type": "price_change"}}
{"_local_timestamp": "2026-01-25T23:45:09.003846+00:00", "data": {"market": "0xe1c55a41c389051295edbf61184a1ac47d5903f85fd8c3ac5ff92b819e7758d9", "price_changes": [{"asset_id": "112453745798286260476619849085493387301317915928200921827655518887089027485044", "price": "0.08", "size": "2297.11", "side": "BUY", "hash": "5a3590f0d42424aaece5f75e2a74c8242cf29c87", "best_bid": "0.72", "best_ask": "0.79"}, {"asset_id": "45623465970039811985156732364582292005770996455343860241298085709716069575338", "price": "0.92", "size": "2297.11", "side": "SELL", "hash": "e641fe7d6b0c7142c21208d16bea282209289ccd", "best_bid": "0.21", "best_ask": "0.28"}], "timestamp": "1769384708936", "event_type": "price_change"}}
{"_local_timestamp": "2026-01-25T23:45:09.004792+00:00", "data": {"market": "0xe1c55a41c389051295edbf61184a1ac47d5903f85fd8c3ac5ff92b819e7758d9", "price_changes": [{"asset_id": "112453745798286260476619849085493387301317915928200921827655518887089027485044", "price": "0.08", "size": "3187.22", "side": "BUY", "hash": "e057d7f22d01b9fd2341cdce0c143efb3336e958", "best_bid": "0.72", "best_ask": "0.79"}, {"asset_id": "45623465970039811985156732364582292005770996455343860241298085709716069575338", "price": "0.92", "size": "3187.22", "side": "SELL", "hash": "e6f13aff075c4223bfb45ac1ec82afbabbefadf1", "best_bid": "0.21", "best_ask": "0.28"}], "timestamp": "1769384708936", "event_type": "price_change"}}
{"_local_timestamp": "2026-01-25T23:45:09.110569+00:00", "data": {"market": "0xe1c55a41c389051295edbf61184a1ac47d5903f85fd8c3ac5ff92b819e7758d9", "price_changes": [{"asset_id": "112453745798286260476619849085493387301317915928200921827655518887089027485044", "price": "0.08", "size": "4457.32", "side": "BUY", "hash": "1e0cb2f2db333309e9e9aef127e10bfd97cff21a", "best_bid": "0.72", "best_ask": "0.79"}, {"asset_id": "45623465970039811985156732364582292005770996455343860241298085709716069575338", "price": "0.92", "size": "4457.32", "side": "SELL", "hash": "baca311e0556fd297dd26494478c105fb4663c71", "best_bid": "0.21", "best_ask": "0.28"}], "timestamp": "1769384709045", "event_type": "price_change"}}
