{"_local_timestamp": "2026-01-25T23:41:24.037154+00:00", "data": [{"market": "0x02a5a3a8d5b24c22dc34909fb3be332c3821d56448d5bb0ac9fa51b0ecc80e86", "asset_id": "55632868139706351389122666075856398477134009427047164358685308011467980299168", "timestamp": "1769384425969", "hash": "ece55c36e01bed7ff6d1da9f3d6491a9256ec01e", "bids": [{"price": "0.01", "size": "2789.7"}, {"price": "0.02", "size": "2100"}, {"price": "0.03", "size": "9.08"}, {"price": "0.07", "size": "1700"}, {"price": "0.08", "size": "800"}, {"price": "0.09", "size": "18"}, {"price": "0.1", "size": "6.3"}, {"price": "0.2", "size": "400"}, {"price": "0.27", "size": "200"}, {"price": "0.34", "size": "100"}, {"price": "0.5", "size": "10"}, {"price": "0.72", "size": "1022"}, {"price": "0.75", "size": "146"}, {"price": "0.78", "size": "33"}, {"price": "0.79", "size": "103"}, {"price": "0.8", "size": "105.61"}, {"price": "0.81", "size": "32"}, {"price": "0.82", "size": "29977.83"}], "asks": [{"price": "0.99", "size": "623.26"}, {"price": "0.97", "size": "141.88"}, {"price": "0.89", "size": "10"}, {"price": "0.87", "size": "666"}, {"price": "0.86", "size": "64"}, {"price": "0.85", "size": "15650"}, {"price": "0.84", "size": "32062.15"}, {"price": "0.83", "size": "2926.17"}], "event_type": "book", "last_trade_price": "0.170"}, {"market": "0xd4a593a75f3792506fe8524d7aeaf49334991e6c070d45a4078c72571d710773", "asset_id": "103307114743206260503322716578909422627520391583846307982053399838918279411998", "timestamp": "1769379483132", "hash": "5df8a21231b26806c3f9ad14c8c7d18144860a58", "bids": [{"price": "0.01", "size": "1085.42"}, {"price": "0.02", "size": "47.28"}, {"price": "0.45", "size": "2000"}], "asks": [{"price": "0.99", "size": "1085.42"}, {"price": "0.98", "size": "47.28"}, {"price": "0.62", "size": "10030"}, {"price": "0.55", "size": "2000"}], "event_type": "book", "last_trade_price": ""}, {"market": "0x137756995070dcbbfd7209f39dfc3634849e3a7a8cb54d657488154daf3e6ee3", "asset_id": "21398709410641435285632419901334057105989953460438825491305591535006041386484", "timestamp": "1769384465887", "hash": "edc55304545431256667e621c84760fa778f6f42", "bids": [{"price": "0.01", "size": "1185.06"}, {"price": "0.02", "size": "47.47"}, {"price": "0.15", "size": "10"}, {"price": "0.65", "size": "500"}], "asks": [{"price": "0.99", "size": "180"}, {"price": "0.98", "size": "50"}, {"price": "0.85", "size": "10"}, {"price": "0.81", "size": "600"}, {"price": "0.8", "size": "1975"}, {"price": "0.76", "size": "500"}, {"price": "0.75", "size": "2993.33"}], "event_type": "book", "last_trade_price": "0.250"}, {"market": "0xcf9badef0bb315f46d2e7f3668c6bd43e5f3216904dcdcfc358cd870a222715e", "asset_id": "43377525106057162749407823274399998203161813646276686521721267189850049066299", "timestamp": "1769384474592", "hash": "14be8214a27ac74ec73e1da992f0f856815488bf", "bids": [{"price": "0.01", "size": "1185.06"}, {"price": "0.02", "size": "47.47"}, {"price": "0.65", "size": "500"}], "asks": [{"price": "0.99", "size": "180"}, {"price": "0.98", "size": "50"}, {"price": "0.76", "size": "500"}, {"price": "0.75", "size": "2993.33"}], "event_type": "book", "last_trade_price": "0.250"}, {"market": "0xcf9badef0bb315f46d2e7f3668c6bd43e5f3216904dcdcfc358cd870a222715e", "asset_id": "103437817026016492734151818730407518925692290016210709828173525453811654215717", "timestamp": "1769384474592", "hash": "d427cf2ee0a8339246af65ee2052a679584155bf", "bids": [{"price": "0.01", "size": "180"}, {"price": "0.02", "size": "50"}, {"price": "0.24", "size": "500"}, {"price": "0.25", "size": "2993.33"}], "asks": [{"price": "0.99", "size": "1185.06"}, {"price": "0.98", "size": "47.47"}, {"price": "0.35", "size": "500"}], "event_type": "book", "last_trade_price": "0.250"}, {"market": "0x53e2d2393750ce215f97908878e2fcdc3ddb2fa507280d1448860b54be77c517", "asset_id": "102086309194829958113489139839716037799894437856228811556318771875066885648828", "timestamp": "1769384477659", "hash": "67bc73c00306776b35c8054d5482ebd6100bf0ef", "bids": [{"price": "0.01", "size": "1136.67"}, {"price": "0.02", "size": "47.41"}, {"price": "0.56", "size": "500"}], "asks": [{"price": "0.99", "size": "1136.85"}, {"price": "0.98", "size": "47.32"}, {"price": "0.67", "size": "500"}], "event_type": "book", "last_trade_price": ""}, {"market": "0x137756995070dcbbfd7209f39dfc3634849e3a7a8cb54d657488154daf3e6ee3", "asset_id": "42681870278978892451875954507719612372170122796989759502383896466347156199497", "timestamp": "1769384465887", "hash": "89ce2b84d55bf32b47b5165737818a84abbc3e95", "bids": [{"price": "0.01", "size": "180"}, {"price": "0.02", "size": "50"}, {"price": "0.15", "size": "10"}, {"price": "0.19", "size": "600"}, {"price": "0.2", "size": "1975"}, {"price": "0.24", "size": "500"}, {"price": "0.25", "size": "2993.33"}], "asks": [{"price": "0.99", "size": "1185.06"}, {"price": "0.98", "size": "47.47"}, {"price": "0.85", "size": "10"}, {"price": "0.35", "size": "500"}], "event_type": "book", "last_trade_price": "0.250"}, {"market": "0x02a5a3a8d5b24c22dc34909fb3be332c3821d56448d5bb0ac9fa51b0ecc80e86", "asset_id": "102488364465413824478249314098603452215755783745863591135734859144151686617118", "timestamp": "1769384425969", "hash": "88c64d342e76e7f847d400aa7c2060bcec06774d", "bids": [{"price": "0.01", "size": "623.26"}, {"price": "0.03", "size": "141.88"}, {"price": "0.11", "size": "10"}, {"price": "0.13", "size": "666"}, {"price": "0.14", "size": "64"}, {"price": "0.15", "size": "15650"}, {"price": "0.16", "size": "32062.15"}, {"price": "0.17", "size": "2926.17"}], "asks": [{"price": "0.99", "size": "2789.7"}, {"price": "0.98", "size": "2100"}, {"price": "0.97", "size": "9.08"}, {"price": "0.93", "size": "1700"}, {"price": "0.92", "size": "800"}, {"price": "0.91", "size": "18"}, {"price": "0.9", "size": "6.3"}, {"price": "0.8", "size": "400"}, {"price": "0.73", "size": "200"}, {"price": "0.66", "size": "100"}, {"price": "0.5", "size": "10"}, {"price": "0.28", "size": "1022"}, {"price": "0.25", "size": "146"}, {"price": "0.22", "size": "33"}, {"price": "0.21", "size": "103"}, {"price": "0.2", "size": "105.61"}, {"price": "0.19", "size": "32"}, {"price": "0.18", "size": "29977.83"}], "event_type": "book", "last_trade_price": "0.170"}, {"market": "0xd4a593a75f3792506fe8524d7aeaf49334991e6c070d45a4078c72571d710773", "asset_id": "102448720845979013515681492745430346253046192158738516463375186524783154291300", "timestamp": "1769379483132", "hash": "03a496de81fe8bd5814e9e1408b067d0c6f7f483", "bids": [{"price": "0.01", "size": "1085.42"}, {"price": "0.02", "size": "47.28"}, {"price": "0.38", "size": "10030"}, {"price": "0.45", "size": "2000"}], "asks": [{"price": "0.99", "size": "1085.42"}, {"price": "0.98", "size": "47.28"}, {"price": "0.55", "size": "2000"}], "event_type": "book", "last_trade_price": ""}, {"market": "0x53e2d2393750ce215f97908878e2fcdc3ddb2fa507280d1448860b54be77c517", "asset_id": "29791046156450423775961047954953037860638241505355550737925404099720218399306", "timestamp": "1769384477659", "hash": "a9c2e67baaa217fc457bccaf153c5541b8598662", "bids": [{"price": "0.01", "size": "1136.85"}, {"price": "0.02", "size": "47.32"}, {"price": "0.33", "size": "500"}], "asks": [{"price": "0.99", "size": "1136.67"}, {"price": "0.98", "size": "47.41"}, {"price": "0.44", "size": "500"}], "event_type": "book", "last_trade_price": ""}]}
{"_local_timestamp": "2026-01-25T23:41:46.159756+00:00", "data": {"market": "0xcf9badef0bb315f46d2e7f3668c6bd43e5f3216904dcdcfc358cd870a222715e", "price_changes": [{"asset_id": "43377525106057162749407823274399998203161813646276686521721267189850049066299", "price": "0.67", "size": "50", "side": "BUY", "hash": "a84abc96c80026390237e6ec7e3525cf9bcfafde", "best_bid": "0.67", "best_ask": "0.75"}, {"asset_id": "103437817026016492734151818730407518925692290016210709828173525453811654215717", "price": "0.33", "size": "50", "side": "SELL", "hash": "924861443c4ccb6e90c17a687c7103a969a1d8d4", "best_bid": "0.25", "best_ask": "0.33"}], "timestamp": "1769384506091", "event_type": "price_change"}}
