{"_local_timestamp": "2026-01-25T23:41:19.314876+00:00", "data": [{"market": "0x77468c50a9ce714aa9eb16e2bb90b98d16a4a585547ed4fdbae452db5f9d386f", "asset_id": "42952029575471329717653204447729463818558544752972282503128626702262120630797", "timestamp": "1769384202894", "hash": "02a814dcebfd6a79f66a3298232f4137285b2d2a", "bids": [{"price": "0.01", "size": "301.38"}, {"price": "0.02", "size": "217.17"}, {"price": "0.03", "size": "52.57"}], "asks": [{"price": "0.99", "size": "292.66"}, {"price": "0.98", "size": "247.06"}, {"price": "0.97", "size": "25.73"}, {"price": "0.96", "size": "5.47"}], "event_type": "book", "last_trade_price": ""}, {"market": "0xe5ece8cdf384a1db07d1a3e1c0e7b574b6410f2522ef99016e19bf8769af824c", "asset_id": "64272227068724518405946811343122194564242666319916909822004255327797089282976", "timestamp": "1769383985196", "hash": "bc55c5cb65698126016654a4e0536c69295f42be", "bids": [{"price": "0.01", "size": "10551.22"}, {"price": "0.02", "size": "42.6"}, {"price": "0.06", "size": "1140.11"}, {"price": "0.07", "size": "895.58"}], "asks": [{"price": "0.99", "size": "10551.22"}, {"price": "0.98", "size": "26.15"}, {"price": "0.95", "size": "1140.11"}, {"price": "0.94", "size": "895.59"}], "event_type": "book", "last_trade_price": ""}, {"market": "0x6234e81fcc1c02ed2274c46d0c1e08d9b100a2983ee9523c8df247005c207abf", "asset_id": "108013987182781883088946717206137049888071411836265215911261197121341773479762", "timestamp": "1769383983502", "hash": "48ac74aee0f6b0492d226ade1f128210fc449674", "bids": [{"price": "0.01", "size": "10449.88"}, {"price": "0.02", "size": "43.27"}, {"price": "0.07", "size": "1145.58"}, {"price": "0.08", "size": "890.11"}], "asks": [{"price": "0.99", "size": "10455.24"}, {"price": "0.98", "size": "25.56"}, {"price": "0.97", "size": "4157.32"}, {"price": "0.96", "size": "1140.11"}, {"price": "0.95", "size": "896.12"}], "event_type": "book", "last_trade_price": ""}, {"market": "0x77468c50a9ce714aa9eb16e2bb90b98d16a4a585547ed4fdbae452db5f9d386f", "asset_id": "89110110129769653741673413416736327449432662042064593140215415289169242252459", "timestamp": "1769384202894", "hash": "4ca9c6560e1700066ef5eade6ba7c37713c2adb7", "bids": [{"price": "0.01", "size": "292.66"}, {"price": "0.02", "size": "247.06"}, {"price": "0.03", "size": "25.73"}, {"price": "0.04", "size": "5.47"}], "asks": [{"price": "0.99", "size": "301.38"}, {"price": "0.98", "size": "217.17"}, {"price": "0.97", "size": "52.57"}], "event_type": "book", "last_trade_price": ""}, {"market": "0xc488136c1309fdf01ad2dc551cfbdd1a4ecb469bfa99ff730b3703f6fe781616", "asset_id": "63157710513631305089919593879923965576929104877174495560209977486926340524838", "timestamp": "1769383981040", "hash": "9b4fef1d14352293a94bfae12a7c48fdc478d232", "bids": [{"price": "0.01", "size": "10547.95"}, {"price": "0.02", "size": "49.7"}, {"price": "0.09", "size": "1140.11"}, {"price": "0.1", "size": "890.11"}], "asks": [{"price": "0.99", "size": "10549.88"}, {"price": "0.98", "size": "43.27"}, {"price": "0.93", "size": "1140.11"}, {"price": "0.92", "size": "890.11"}], "event_type": "book", "last_trade_price": ""}, {"market": "0xc488136c1309fdf01ad2dc551cfbdd1a4ecb469bfa99ff730b3703f6fe781616", "asset_id": "61761622373753806235956235367461347695411667590201283078962630474317269596032", "timestamp": "1769383981040", "hash": "ea92d71bc3925d164d2cf3e46ca6c8d134ce81e4", "bids": [{"price": "0.01", "size": "10549.88"}, {"price": "0.02", "size": "43.27"}, {"price": "0.07", "size": "1140.11"}, {"price": "0.08", "size": "890.11"}], "asks": [{"price": "0.99", "size": "10547.95"}, {"price": "0.98", "size": "49.7"}, {"price": "0.91", "size": "1140.11"}, {"price": "0.9", "size": "890.11"}], "event_type": "book", "last_trade_price": ""}, {"market": "0xe5ece8cdf384a1db07d1a3e1c0e7b574b6410f2522ef99016e19bf8769af824c", "asset_id": "6078890170058263187036305734955758347732322755019603620472935769879736864916", "timestamp": "1769383985196", "hash": "4a79c952a144bfaeda94d1848273e2579c247843", "bids": [{"price": "0.01", "size": "10551.22"}, {"price": "0.02", "size": "26.15"}, {"price": "0.05", "size": "1140.11"}, {"price": "0.06", "size": "895.59"}], "asks": [{"price": "0.99", "size": "10551.22"}, {"price": "0.98", "size": "42.6"}, {"price": "0.94", "size": "1140.11"}, {"price": "0.93", "size": "895.58"}], "event_type": "book", "last_trade_price": ""}, {"market": "0x032f55fac09d8473633328659c36e68dd83394c969d7a058d3aba42db976eabe", "asset_id": "66991556103391952411457479917288428466035703391132788603226101064477717734512", "timestamp": "1769384201474", "hash": "9ef8589ce7e7c09ab71a52236110c9639a40ec7b", "bids": [{"price": "0.01", "size": "10502.22"}, {"price": "0.02", "size": "163.73"}, {"price": "0.04", "size": "6.21"}, {"price": "0.05", "size": "1140.11"}, {"price": "0.06", "size": "901.06"}], "asks": [{"price": "0.99", "size": "10498.23"}, {"price": "0.98", "size": "155.14"}, {"price": "0.97", "size": "26.3"}, {"price": "0.9", "size": "1150.11"}, {"price": "0.89", "size": "890.11"}], "event_type": "book", "last_trade_price": ""}, {"market": "0x0c7559bafb01fb817d9ba0d52f89e98a966f0860051f5890dc3cb9a641e44d23", "asset_id": "42287222517090165150415081891120612726666008470495474912977896615749748505495", "timestamp": "1769384206213", "hash": "1d74dc094b8e62c25684e5793caa0c524865d76d", "bids": [{"price": "0.01", "size": "301.38"}, {"price": "0.02", "size": "217.17"}, {"price": "0.03", "size": "52.57"}], "asks": [{"price": "0.99", "size": "292.71"}, {"price": "0.98", "size": "247.13"}, {"price": "0.97", "size": "25.67"}, {"price": "0.96", "size": "5.47"}], "event_type": "book", "last_trade_price": ""}, {"market": "0x2f4b0113990e401417cb51a9c1af07e5d3ff0eb903796da0dde73e08b4682754", "asset_id": "105355403808706837932524308070165900151422956701523638055502682446324798876509", "timestamp": "1769383974746", "hash": "fa985fb09f27d4d98acc0fe0f58ca5eadf00af16", "bids": [{"price": "0.01", "size": "11396.35"}, {"price": "0.02", "size": "158.94"}, {"price": "0.03", "size": "11.07"}, {"price": "0.04", "size": "250"}, {"price": "0.05", "size": "6.01"}], "asks": [{"price": "0.99", "size": "11399.58"}, {"price": "0.98", "size": "160.48"}, {"price": "0.97", "size": "93.65"}, {"price": "0.96", "size": "44.71"}], "event_type": "book", "last_trade_price": ""}, {"market": "0x032f55fac09d8473633328659c36e68dd83394c969d7a058d3aba42db976eabe", "asset_id": "3599412144360911471033434445431387136341134279131242863585779959428118992221", "timestamp": "1769384201474", "hash": "a6e9ef3a2c5bf7db749bc4111d6b12878d022770", "bids": [{"price": "0.01", "size": "10498.23"}, {"price": "0.02", "size": "155.14"}, {"price": "0.03", "size": "26.3"}, {"price": "0.1", "size": "1150.11"}, {"price": "0.11", "size": "890.11"}], "asks": [{"price": "0.99", "size": "10502.22"}, {"price": "0.98", "size": "163.73"}, {"price": "0.96", "size": "6.21"}, {"price": "0.95", "size": "1140.11"}, {"price": "0.94", "size": "901.06"}], "event_type": "book", "last_trade_price": ""}, {"market": "0x0c7559bafb01fb817d9ba0d52f89e98a966f0860051f5890dc3cb9a641e44d23", "asset_id": "65965274837578386729789100600150477596210754897074823053053556377091296253517", "timestamp": "1769384206213", "hash": "d1dc045a95152b111d821b34cb6ca881936cfcd1", "bids": [{"price": "0.01", "size": "292.71"}, {"price": "0.02", "size": "247.13"}, {"price": "0.03", "size": "25.67"}, {"price": "0.04", "size": "5.47"}], "asks": [{"price": "0.99", "size": "301.38"}, {"price": "0.98", "size": "217.17"}, {"price": "0.97", "size": "52.57"}], "event_type": "book", "last_trade_price": ""}, {"market": "0x3421d76e255190064bff57e8d27d3a3fedc0d4a620c7055958f206f428ee0be1", "asset_id": "103315802636477709585051407132235873504885885159504812994283629225150005412508", "timestamp": "1769384465356", "hash": "6ba43a14f2cd89baa10150f4503005b0d32f953f", "bids": [{"price": "0.01", "size": "6679.11"}, {"price": "0.02", "size": "4313.44"}, {"price": "0.04", "size": "21.93"}, {"price": "0.11", "size": "300"}, {"price": "0.12", "size": "200"}, {"price": "0.13", "size": "125"}, {"price": "0.14", "size": "1265.11"}, {"price": "0.15", "size": "890.11"}, {"price": "0.29", "size": "10"}, {"price": "0.3", "size": "102"}], "asks": [{"price": "0.99", "size": "8889.12"}, {"price": "0.98", "size": "2250"}, {"price": "0.97", "size": "7"}, {"price": "0.93", "size": "1700"}, {"price": "0.92", "size": "4157.32"}, {"price": "0.9", "size": "300"}, {"price": "0.89", "size": "6.27"}, {"price": "0.86", "size": "300"}, {"price": "0.84", "size": "300"}, {"price": "0.81", "size": "200"}, {"price": "0.8", "size": "525"}, {"price": "0.78", "size": "75"}, {"price": "0.5", "size": "5890.11"}, {"price": "0.49", "size": "890.11"}, {"price": "0.42", "size": "10"}, {"price": "0.41", "size": "50"}], "event_type": "book", "last_trade_price": "0.320"}, {"market": "0x3421d76e255190064bff57e8d27d3a3fedc0d4a620c7055958f206f428ee0be1", "asset_id": "81852449125816458832954503084733816912857404751370673968752277659227044513814", "timestamp": "1769384465356", "hash": "398e7920d0b143e53f7adc18db263c3690e606cb", "bids": [{"price": "0.01", "size": "8889.12"}, {"price": "0.02", "size": "2250"}, {"price": "0.03", "size": "7"}, {"price": "0.07", "size": "1700"}, {"price": "0.08", "size": "4157.32"}, {"price": "0.1", "size": "300"}, {"price": "0.11", "size": "6.27"}, {"price": "0.14", "size": "300"}, {"price": "0.16", "size": "300"}, {"price": "0.19", "size": "200"}, {"price": "0.2", "size": "525"}, {"price": "0.22", "size": "75"}, {"price": "0.5", "size": "5890.11"}, {"price": "0.51", "size": "890.11"}, {"price": "0.58", "size": "10"}, {"price": "0.59", "size": "50"}], "asks": [{"price": "0.99", "size": "6679.11"}, {"price": "0.98", "size": "4313.44"}, {"price": "0.96", "size": "21.93"}, {"price": "0.89", "size": "300"}, {"price": "0.88", "size": "200"}, {"price": "0.87", "size": "125"}, {"price": "0.86", "size": "1265.11"}, {"price": "0.85", "size": "890.11"}, {"price": "0.71", "size": "10"}, {"price": "0.7", "size": "102"}], "event_type": "book", "last_trade_price": "0.320"}, {"market": "0x6234e81fcc1c02ed2274c46d0c1e08d9b100a2983ee9523c8df247005c207abf", "asset_id": "23734412859247630560399625842733291562114760515167747251292013565862273813395", "timestamp": "1769383983502", "hash": "320617076a64a9e381b861240e324572bdc559da", "bids": [{"price": "0.01", "size": "10455.24"}, {"price": "0.02", "size": "25.56"}, {"price": "0.03", "size": "4157.32"}, {"price": "0.04", "size": "1140.11"}, {"price": "0.05", "size": "896.12"}], "asks": [{"price": "0.99", "size": "10449.88"}, {"price": "0.98", "size": "43.27"}, {"price": "0.93", "size": "1145.58"}, {"price": "0.92", "size": "890.11"}], "event_type": "book", "last_trade_price": ""}, {"market": "0x2f4b0113990e401417cb51a9c1af07e5d3ff0eb903796da0dde73e08b4682754", "asset_id": "110118670759224168129011353197635088241412053465564626113293944214285771990476", "timestamp": "1769383974746", "hash": "c38aa69d264c64c0d9ecc3d2a86bb31e646ec700", "bids": [{"price": "0.01", "size": "11399.58"}, {"price": "0.02", "size": "160.48"}, {"price": "0.03", "size": "93.65"}, {"price": "0.04", "size": "44.71"}], "asks": [{"price": "0.99", "size": "11396.35"}, {"price": "0.98", "size": "158.94"}, {"price": "0.97", "size": "11.07"}, {"price": "0.96", "size": "250"}, {"price": "0.95", "size": "6.01"}], "event_type": "book", "last_trade_price": ""}]}
