{"_local_timestamp": "2026-01-25T23:41:28.680135+00:00", "data": [{"market": "0xb4564ce636a5df4090b3e0b9b34db9077579ffe240311864b8646b43cf61cd89", "asset_id": "4399433493249687237423028086660868304344424777731038673004879139907780867328", "timestamp": "1769383974178", "hash": "1e5322690d01b802f7d67d08dc0083caa1233232", "bids": [{"price": "0.01", "size": "11241.33"}, {"price": "0.02", "size": "26.15"}, {"price": "0.05", "size": "250"}, {"price": "0.06", "size": "10.95"}], "asks": [{"price": "0.99", "size": "11248.58"}, {"price": "0.98", "size": "20.47"}, {"price": "0.97", "size": "250"}, {"price": "0.96", "size": "39.24"}], "event_type": "book", "last_trade_price": ""}, {"market": "0x326e6ea591c8c8d005f6695bdfda6a97985591a000ca7050935510ad859e1b1d", "asset_id": "7147984308693193198663210272311540409168546624708924436187711141946281139866", "timestamp": "1769384150999", "hash": "f15141b52735e7d134fe0d4aeb85bae1a0223f81", "bids": [{"price": "0.01", "size": "10402.88"}, {"price": "0.02", "size": "5.79"}, {"price": "0.03", "size": "24.99"}, {"price": "0.07", "size": "1145.58"}, {"price": "0.08", "size": "890.11"}], "asks": [{"price": "0.99", "size": "10408.24"}, {"price": "0.98", "size": "25.56"}, {"price": "0.96", "size": "1140.11"}, {"price": "0.95", "size": "896.12"}], "event_type": "book", "last_trade_price": ""}, {"market": "0x1d12bbebecf72bb86795e3a986259f910de8844bff42b7e1f6b41e0e642c2cfe", "asset_id": "84230094436449520755694159101812750459374174946426195873228342039982468961800", "timestamp": "1769384438124", "hash": "46c4ff0a171fd0a56c138b644c95a59e246551bb", "bids": [{"price": "0.01", "size": "194.56"}, {"price": "0.02", "size": "97.03"}, {"price": "0.03", "size": "9.79"}, {"price": "0.04", "size": "5.47"}], "asks": [{"price": "0.99", "size": "202.04"}, {"price": "0.98", "size": "100.48"}, {"price": "0.97", "size": "18.99"}, {"price": "0.96", "size": "29.99"}], "event_type": "book", "last_trade_price": ""}, {"market": "0xdf6c1d1475e27d982fc88ce82d96062f8f7e40307a7154657fd63575ff37bff0", "asset_id": "32822840369256928126746391623497841474275312659922641577723602199385161304478", "timestamp": "1769383974178", "hash": "b74d2cae901377ef5a7536122ad53fd681103b03", "bids": [{"price": "0.01", "size": "11245.35"}, {"price": "0.02", "size": "25.56"}, {"price": "0.04", "size": "250"}, {"price": "0.05", "size": "6.01"}], "asks": [{"price": "0.99", "size": "11241.33"}, {"price": "0.98", "size": "26.15"}, {"price": "0.95", "size": "250"}, {"price": "0.94", "size": "10.95"}], "event_type": "book", "last_trade_price": ""}, {"market": "0x1d12bbebecf72bb86795e3a986259f910de8844bff42b7e1f6b41e0e642c2cfe", "asset_id": "80305001066277088942374727959353667400596360783368851992177732172286600957357", "timestamp": "1769384438124", "hash": "0d5e56b8d642fb4d4af93d2cd1414403203919a5", "bids": [{"price": "0.01", "size": "202.04"}, {"price": "0.02", "size": "100.48"}, {"price": "0.03", "size": "18.99"}, {"price": "0.04", "size": "29.99"}], "asks": [{"price": "0.99", "size": "194.56"}, {"price": "0.98", "size": "97.03"}, {"price": "0.97", "size": "9.79"}, {"price": "0.96", "size": "5.47"}], "event_type": "book", "last_trade_price": ""}, {"market": "0xb4875fb7273e54b6e6ac237cc6714cb1676c77bbd33f587259d752182fffb86d", "asset_id": "60996977615752369321449034194037607587188094556696559127505815551902115258750", "timestamp": "1769384287704", "hash": "ed586b076d00558251f4bd70f7c56aafd2615b66", "bids": [{"price": "0.01", "size": "8889.05"}, {"price": "0.02", "size": "2100"}, {"price": "0.03", "size": "9.3"}, {"price": "0.07", "size": "1500"}, {"price": "0.08", "size": "4257.32"}, {"price": "0.09", "size": "156"}, {"price": "0.1", "size": "6.21"}, {"price": "0.3", "size": "300"}, {"price": "0.34", "size": "1090.11"}, {"price": "0.35", "size": "890.11"}, {"price": "0.37", "size": "125"}, {"price": "0.4", "size": "75"}, {"price": "0.5", "size": "10"}, {"price": "0.62", "size": "63.36"}], "asks": [{"price": "0.99", "size": "7089.43"}, {"price": "0.98", "size": "4157.32"}, {"price": "0.97", "size": "11.38"}, {"price": "0.92", "size": "300"}, {"price": "0.91", "size": "331.17"}, {"price": "0.9", "size": "75"}, {"price": "0.87", "size": "1190.11"}, {"price": "0.86", "size": "990.11"}, {"price": "0.84", "size": "10"}, {"price": "0.83", "size": "50"}, {"price": "0.76", "size": "1042"}], "event_type": "book", "last_trade_price": "0.620"}, {"market": "0xdf6c1d1475e27d982fc88ce82d96062f8f7e40307a7154657fd63575ff37bff0", "asset_id": "63731285834400184990425236040401262618184688175760902733248109194206191205364", "timestamp": "1769383974178", "hash": "2837c853abe430ecf5309b8f82aa4a4d73f02be2", "bids": [{"price": "0.01", "size": "11241.33"}, {"price": "0.02", "size": "26.15"}, {"price": "0.05", "size": "250"}, {"price": "0.06", "size": "10.95"}], "asks": [{"price": "0.99", "size": "11245.35"}, {"price": "0.98", "size": "25.56"}, {"price": "0.96", "size": "250"}, {"price": "0.95", "size": "6.01"}], "event_type": "book", "last_trade_price": ""}, {"market": "0xb4875fb7273e54b6e6ac237cc6714cb1676c77bbd33f587259d752182fffb86d", "asset_id": "78011226093492986212099395263504260010656374613030987819800781945554686849391", "timestamp": "1769384287704", "hash": "4527101b794daba17a75b2fe3a059468c17dbae9", "bids": [{"price": "0.01", "size": "7089.43"}, {"price": "0.02", "size": "4157.32"}, {"price": "0.03", "size": "11.38"}, {"price": "0.08", "size": "300"}, {"price": "0.09", "size": "331.17"}, {"price": "0.1", "size": "75"}, {"price": "0.13", "size": "1190.11"}, {"price": "0.14", "size": "990.11"}, {"price": "0.16", "size": "10"}, {"price": "0.17", "size": "50"}, {"price": "0.24", "size": "1042"}], "asks": [{"price": "0.99", "size": "8889.05"}, {"price": "0.98", "size": "2100"}, {"price": "0.97", "size": "9.3"}, {"price": "0.93", "size": "1500"}, {"price": "0.92", "size": "4257.32"}, {"price": "0.91", "size": "156"}, {"price": "0.9", "size": "6.21"}, {"price": "0.7", "size": "300"}, {"price": "0.66", "size": "1090.11"}, {"price": "0.65", "size": "890.11"}, {"price": "0.63", "size": "125"}, {"price": "0.6", "size": "75"}, {"price": "0.5", "size": "10"}, {"price": "0.38", "size": "63.36"}], "event_type": "book", "last_trade_price": "0.620"}, {"market": "0x326e6ea591c8c8d005f6695bdfda6a97985591a000ca7050935510ad859e1b1d", "asset_id": "43303857038275526100242814574974258153436508554854992911807654503113445193464", "timestamp": "1769384150999", "hash": "abbd7d9a81ef7c4cdf4002645c2df94f30cc5a23", "bids": [{"price": "0.01", "size": "10408.24"}, {"price": "0.02", "size": "25.56"}, {"price": "0.04", "size": "1140.11"}, {"price": "0.05", "size": "896.12"}], "asks": [{"price": "0.99", "size": "10402.88"}, {"price": "0.98", "size": "5.79"}, {"price": "0.97", "size": "24.99"}, {"price": "0.93", "size": "1145.58"}, {"price": "0.92", "size": "890.11"}], "event_type": "book", "last_trade_price": ""}, {"market": "0xb4564ce636a5df4090b3e0b9b34db9077579ffe240311864b8646b43cf61cd89", "asset_id": "38898476784103070872751870923534586927738539138614752118708381107241617125204", "timestamp": "1769383974178", "hash": "c46d9aef187a27ac4ab50e25e6925e2c753e3690", "bids": [{"price": "0.01", "size": "11248.58"}, {"price": "0.02", "size": "20.47"}, {"price": "0.03", "size": "250"}, {"price": "0.04", "size": "39.24"}], "asks": [{"price": "0.99", "size": "11241.33"}, {"price": "0.98", "size": "26.15"}, {"price": "0.95", "size": "250"}, {"price": "0.94", "size": "10.95"}], "event_type": "book", "last_trade_price": ""}]}
{"_local_timestamp": "2026-01-25T23:41:33.238808+00:00", "data": {"market": "0x326e6ea591c8c8d005f6695bdfda6a97985591a000ca7050935510ad859e1b1d", "price_changes": [{"asset_id": "7147984308693193198663210272311540409168546624708924436187711141946281139866", "price": "0.03", "size": "0", "side": "BUY", "hash": "711ba15d142114f074a0c72edfc8150ec9d2ee71", "best_bid": "0.08", "best_ask": "0.95"}, {"asset_id": "43303857038275526100242814574974258153436508554854992911807654503113445193464", "price": "0.97", "size": "0", "side": "SELL", "hash": "b2df29c6d8d76e7112e8c427624d41bf4597e94c", "best_bid": "0.05", "best_ask": "0.92"}], "timestamp": "1769384493173", "event_type": "price_change"}}
{"_local_timestamp": "2026-01-25T23:41:33.481736+00:00", "data": {"market": "0x326e6ea591c8c8d005f6695bdfda6a97985591a000ca7050935510ad859e1b1d", "price_changes": [{"asset_id": "7147984308693193198663210272311540409168546624708924436187711141946281139866", "price": "0.02", "size": "43.27", "side": "BUY", "hash": "7995b4bb271e8e5f3af7137ae8dcdb66d48ed877", "best_bid": "0.08", "best_ask": "0.95"}, {"asset_id": "43303857038275526100242814574974258153436508554854992911807654503113445193464", "price": "0.98", "size": "43.27", "side": "SELL", "hash": "80e0428508500b5984f59191c1d613dbc2e9e046", "best_bid": "0.05", "best_ask": "0.92"}], "timestamp": "1769384493413", "event_type": "price_change"}}
