{"_local_timestamp": "2026-01-25T23:34:13.192755+00:00", "data": [{"market": "0xdbcbdd0aba143b1538c42910f4962cba415c41e8172aa898293a58715a903140", "asset_id": "13953427897363360093923369640067938780436829137816775422711279451005325016519", "timestamp": "1769383985263", "hash": "08707f2195b675903fda71b904ccc049f3ed8427", "bids": [{"price": "0.01", "size": "7284.32"}, {"price": "0.02", "size": "4157.32"}, {"price": "0.03", "size": "10188.02"}, {"price": "0.15", "size": "50"}, {"price": "0.48", "size": "1490.11"}, {"price": "0.49", "size": "890.11"}, {"price": "0.55", "size": "1.02"}], "asks": [{"price": "0.99", "size": "7284.13"}, {"price": "0.98", "size": "4157.32"}, {"price": "0.97", "size": "31.66"}, {"price": "0.85", "size": "50"}, {"price": "0.6", "size": "91.75"}, {"price": "0.58", "size": "1390.11"}, {"price": "0.57", "size": "890.11"}], "event_type": "book", "last_trade_price": "0.450"}, {"market": "0x0cc58400b196e6a24c07e46216926a171d3ce9492bbee95efdceffc938bdedea", "asset_id": "103892935187735588002079244543829871143734402451214370888220312321850546195147", "timestamp": "1769383985199", "hash": "d02ccc49494bcfbce26777b0b2d2dcc8f9e19aa8", "bids": [{"price": "0.01", "size": "7184.63"}, {"price": "0.02", "size": "47.23"}, {"price": "0.15", "size": "50"}, {"price": "0.27", "size": "1149"}, {"price": "0.3", "size": "904.3"}, {"price": "0.31", "size": "1997.11"}, {"price": "0.33", "size": "677.5"}, {"price": "0.34", "size": "2160.21"}, {"price": "0.36", "size": "464.19"}, {"price": "0.39", "size": "260.5"}, {"price": "0.4", "size": "259.25"}, {"price": "0.41", "size": "257.75"}, {"price": "0.42", "size": "1490.11"}, {"price": "0.43", "size": "890.11"}], "asks": [{"price": "0.99", "size": "7184.4"}, {"price": "0.98", "size": "47.35"}, {"price": "0.97", "size": "5999.11"}, {"price": "0.85", "size": "50"}, {"price": "0.65", "size": "1067.99"}, {"price": "0.62", "size": "851.5"}, {"price": "0.61", "size": "1997.11"}, {"price": "0.59", "size": "644.38"}, {"price": "0.58", "size": "2160.21"}, {"price": "0.56", "size": "445.38"}, {"price": "0.53", "size": "251.99"}, {"price": "0.52", "size": "851.25"}, {"price": "0.51", "size": "1140.61"}, {"price": "0.5", "size": "890.11"}], "event_type": "book", "last_trade_price": ""}, {"market": "0x4ce40c95f8e904a736ed89ad7b9202f4c220ebb1862656a788a6da4116b0f434", "asset_id": "13906548632296892964125125203698575597202048155370793959834691274541212923753", "timestamp": "1769384046762", "hash": "c21ab71260e48d06525c1b53dfa907cfe80bc07b", "bids": [{"price": "0.01", "size": "7239.31"}, {"price": "0.02", "size": "4157.32"}, {"price": "0.03", "size": "29.93"}, {"price": "0.2", "size": "200"}, {"price": "0.27", "size": "200"}, {"price": "0.57", "size": "1390.11"}, {"price": "0.58", "size": "890.11"}, {"price": "0.59", "size": "100"}, {"price": "0.64", "size": "336.36"}], "asks": [{"price": "0.99", "size": "7238.97"}, {"price": "0.98", "size": "4157.32"}, {"price": "0.97", "size": "30.04"}, {"price": "0.7", "size": "50"}, {"price": "0.69", "size": "1490.11"}, {"price": "0.68", "size": "890.11"}], "event_type": "book", "last_trade_price": ""}, {"market": "0x7a6a0bdbca0f14aba6a075f16e2929460c577e402d49223832ea373414d86285", "asset_id": "25807461740977583955802291351608466332545389695244391615908120826816526760796", "timestamp": "1769384007044", "hash": "378bb8c801c5a99e8de2073134b93bcbfbb0dcb1", "bids": [{"price": "0.01", "size": "11285.7"}, {"price": "0.02", "size": "890.11"}, {"price": "0.03", "size": "30.28"}, {"price": "0.22", "size": "100"}, {"price": "0.23", "size": "492"}], "asks": [{"price": "0.99", "size": "7238.93"}, {"price": "0.98", "size": "4157.32"}, {"price": "0.97", "size": "10186.48"}, {"price": "0.8", "size": "200"}, {"price": "0.73", "size": "200"}, {"price": "0.66", "size": "100"}, {"price": "0.34", "size": "1440.11"}, {"price": "0.33", "size": "890.11"}, {"price": "0.32", "size": "100"}], "event_type": "book", "last_trade_price": "0.240"}, {"market": "0xd9d45b13db3b6de3ce0093ae9f673498693f7bc3d41afec3086ce086f29135de", "asset_id": "28520752766107958123033627774735478672452590404510901604704352720829338734885", "timestamp": "1769383886055", "hash": "ee0181ff6db60e22418c6e4a3fccfe37ab662fa1", "bids": [{"price": "0.01", "size": "200.64"}, {"price": "0.02", "size": "39.68"}, {"price": "0.04", "size": "29.99"}], "asks": [{"price": "0.99", "size": "198.81"}, {"price": "0.98", "size": "25.56"}, {"price": "0.95", "size": "11.48"}], "event_type": "book", "last_trade_price": ""}, {"market": "0x21c1ab59854ef97db09389000f63690053a6f07a486919f5eeac2228d109b629", "asset_id": "46994023305162989096207795496701719713724144516214350186122362509163110279703", "timestamp": "1769383886055", "hash": "3454c10bda1cc1250b5867f1207a253b52ce36df", "bids": [{"price": "0.01", "size": "200.64"}, {"price": "0.02", "size": "39.67"}, {"price": "0.04", "size": "29.99"}], "asks": [{"price": "0.99", "size": "198.81"}, {"price": "0.98", "size": "25.23"}, {"price": "0.95", "size": "11.61"}], "event_type": "book", "last_trade_price": ""}, {"market": "0x7a6a0bdbca0f14aba6a075f16e2929460c577e402d49223832ea373414d86285", "asset_id": "99743614043101531704574278172947847548340522383219653041367941449874574076965", "timestamp": "1769384007044", "hash": "e4acad58e39f597d3c71179cedef8a0170750575", "bids": [{"price": "0.01", "size": "7238.93"}, {"price": "0.02", "size": "4157.32"}, {"price": "0.03", "size": "10186.48"}, {"price": "0.2", "size": "200"}, {"price": "0.27", "size": "200"}, {"price": "0.34", "size": "100"}, {"price": "0.66", "size": "1440.11"}, {"price": "0.67", "size": "890.11"}, {"price": "0.68", "size": "100"}], "asks": [{"price": "0.99", "size": "11285.7"}, {"price": "0.98", "size": "890.11"}, {"price": "0.97", "size": "30.28"}, {"price": "0.78", "size": "100"}, {"price": "0.77", "size": "492"}], "event_type": "book", "last_trade_price": "0.240"}, {"market": "0x4260fd74c0400e17c72dbfe2cb50d40e64cc952711c689c4c154db783e56f798", "asset_id": "98008879832544295493967179396946153274843117470039437863149285869039121363519", "timestamp": "1769383985346", "hash": "e6a2086d6cb29c807893889f7a2ef927901e7992", "bids": [{"price": "0.01", "size": "8788.72"}, {"price": "0.02", "size": "2100"}, {"price": "0.03", "size": "7.83"}, {"price": "0.05", "size": "17"}, {"price": "0.07", "size": "1700"}, {"price": "0.08", "size": "8.36"}, {"price": "0.1", "size": "800"}, {"price": "0.22", "size": "1233"}, {"price": "0.25", "size": "957.12"}, {"price": "0.28", "size": "710"}, {"price": "0.29", "size": "4157.32"}, {"price": "0.3", "size": "200"}, {"price": "0.31", "size": "576.12"}, {"price": "0.34", "size": "268.99"}, {"price": "0.35", "size": "266.99"}, {"price": "0.36", "size": "1155.36"}, {"price": "0.37", "size": "909.64"}, {"price": "0.38", "size": "20"}, {"price": "0.39", "size": "2150"}, {"price": "0.4", "size": "2128.71"}], "asks": [{"price": "0.99", "size": "8789.21"}, {"price": "0.98", "size": "2131"}, {"price": "0.97", "size": "9.45"}, {"price": "0.93", "size": "1700"}, {"price": "0.91", "size": "800"}, {"price": "0.9", "size": "6.15"}, {"price": "0.8", "size": "400"}, {"price": "0.72", "size": "2000"}, {"price": "0.65", "size": "10"}, {"price": "0.64", "size": "1061"}, {"price": "0.61", "size": "846.62"}, {"price": "0.6", "size": "1000"}, {"price": "0.59", "size": "78.8"}, {"price": "0.58", "size": "641.88"}, {"price": "0.57", "size": "4157.32"}, {"price": "0.55", "size": "444.06"}, {"price": "0.52", "size": "406.25"}, {"price": "0.51", "size": "250.5"}, {"price": "0.5", "size": "2289.97"}, {"price": "0.49", "size": "990.11"}, {"price": "0.48", "size": "890.11"}, {"price": "0.45", "size": "554"}, {"price": "0.44", "size": "80.47"}, {"price": "0.43", "size": "983.48"}], "event_type": "book", "last_trade_price": "0.420"}, {"market": "0xd9d45b13db3b6de3ce0093ae9f673498693f7bc3d41afec3086ce086f29135de", "asset_id": "110092971919985989271001512716549115977436066335774150498537572517865747217155", "timestamp": "1769383886055", "hash": "412e1fbf2c97ed3a9afe83bf98c32065147f157b", "bids": [{"price": "0.01", "size": "198.81"}, {"price": "0.02", "size": "25.56"}, {"price": "0.05", "size": "11.48"}], "asks": [{"price": "0.99", "size": "200.64"}, {"price": "0.98", "size": "39.68"}, {"price": "0.96", "size": "29.99"}], "event_type": "book", "last_trade_price": ""}, {"market": "0x43d148dca6b5e193615bc282f12d374e37cffc1c045171c2836d6dde45c394d5", "asset_id": "79739222626158755260103198595270213615580878636601163847435278985375776200437", "timestamp": "1769383982985", "hash": "d857ebeb08a96278c822e64436441ff42e4d0997", "bids": [{"price": "0.01", "size": "7284.63"}, {"price": "0.02", "size": "47.23"}, {"price": "0.15", "size": "50"}, {"price": "0.27", "size": "1149"}, {"price": "0.3", "size": "904.3"}, {"price": "0.31", "size": "1997.11"}, {"price": "0.33", "size": "677.5"}, {"price": "0.34", "size": "2160.21"}, {"price": "0.36", "size": "464.19"}, {"price": "0.39", "size": "260.5"}, {"price": "0.4", "size": "259.25"}, {"price": "0.41", "size": "257.75"}, {"price": "0.42", "size": "1490.11"}, {"price": "0.43", "size": "890.11"}], "asks": [{"price": "0.99", "size": "7284.4"}, {"price": "0.98", "size": "47.35"}, {"price": "0.85", "size": "50"}, {"price": "0.65", "size": "1067.99"}, {"price": "0.62", "size": "851.5"}, {"price": "0.61", "size": "1997.11"}, {"price": "0.59", "size": "644.38"}, {"price": "0.58", "size": "2160.21"}, {"price": "0.56", "size": "445.38"}, {"price": "0.53", "size": "251.99"}, {"price": "0.52", "size": "851.25"}, {"price": "0.51", "size": "1140.61"}], "event_type": "book", "last_trade_price": ""}, {"market": "0x0cc58400b196e6a24c07e46216926a171d3ce9492bbee95efdceffc938bdedea", "asset_id": "106297344999606524619975861233481901491196900479248484006204573976987088168080", "timestamp": "1769383985199", "hash": "24d076fe7fb207cd6283dc43786d0c2b35f36dc6", "bids": [{"price": "0.01", "size": "7184.4"}, {"price": "0.02", "size": "47.35"}, {"price": "0.03", "size": "5999.11"}, {"price": "0.15", "size": "50"}, {"price": "0.35", "size": "1067.99"}, {"price": "0.38", "size": "851.5"}, {"price": "0.39", "size": "1997.11"}, {"price": "0.41", "size": "644.38"}, {"price": "0.42", "size": "2160.21"}, {"price": "0.44", "size": "445.38"}, {"price": "0.47", "size": "251.99"}, {"price": "0.48", "size": "851.25"}, {"price": "0.49", "size": "1140.61"}, {"price": "0.5", "size": "890.11"}], "asks": [{"price": "0.99", "size": "7184.63"}, {"price": "0.98", "size": "47.23"}, {"price": "0.85", "size": "50"}, {"price": "0.73", "size": "1149"}, {"price": "0.7", "size": "904.3"}, {"price": "0.69", "size": "1997.11"}, {"price": "0.67", "size": "677.5"}, {"price": "0.66", "size": "2160.21"}, {"price": "0.64", "size": "464.19"}, {"price": "0.61", "size": "260.5"}, {"price": "0.6", "size": "259.25"}, {"price": "0.59", "size": "257.75"}, {"price": "0.58", "size": "1490.11"}, {"price": "0.57", "size": "890.11"}], "event_type": "book", "last_trade_price": ""}, {"market": "0xdbcbdd0aba143b1538c42910f4962cba415c41e8172aa898293a58715a903140", "asset_id": "107048767717531378423338558261379705549108116073087439799584367130482443586041", "timestamp": "1769383985263", "hash": "6d887cf2bbbb583582a6b8dc76ced60eaf1539d3", "bids": [{"price": "0.01", "size": "7284.13"}, {"price": "0.02", "size": "4157.32"}, {"price": "0.03", "size": "31.66"}, {"price": "0.15", "size": "50"}, {"price": "0.4", "size": "91.75"}, {"price": "0.42", "size": "1390.11"}, {"price": "0.43", "size": "890.11"}], "asks": [{"price": "0.99", "size": "7284.32"}, {"price": "0.98", "size": "4157.32"}, {"price": "0.97", "size": "10188.02"}, {"price": "0.85", "size": "50"}, {"price": "0.52", "size": "1490.11"}, {"price": "0.51", "size": "890.11"}, {"price": "0.45", "size": "1.02"}], "event_type": "book", "last_trade_price": "0.450"}, {"market": "0x43d148dca6b5e193615bc282f12d374e37cffc1c045171c2836d6dde45c394d5", "asset_id": "84261748973839098909278543067609198849881883339355739146851991526281884423186", "timestamp": "1769383982985", "hash": "293ed362b5d38b55492ffb5f8f84ff36154c5e2c", "bids": [{"price": "0.01", "size": "7284.4"}, {"price": "0.02", "size": "47.35"}, {"price": "0.15", "size": "50"}, {"price": "0.35", "size": "1067.99"}, {"price": "0.38", "size": "851.5"}, {"price": "0.39", "size": "1997.11"}, {"price": "0.41", "size": "644.38"}, {"price": "0.42", "size": "2160.21"}, {"price": "0.44", "size": "445.38"}, {"price": "0.47", "size": "251.99"}, {"price": "0.48", "size": "851.25"}, {"price": "0.49", "size": "1140.61"}], "asks": [{"price": "0.99", "size": "7284.63"}, {"price": "0.98", "size": "47.23"}, {"price": "0.85", "size": "50"}, {"price": "0.73", "size": "1149"}, {"price": "0.7", "size": "904.3"}, {"price": "0.69", "size": "1997.11"}, {"price": "0.67", "size": "677.5"}, {"price": "0.66", "size": "2160.21"}, {"price": "0.64", "size": "464.19"}, {"price": "0.61", "size": "260.5"}, {"price": "0.6", "size": "259.25"}, {"price": "0.59", "size": "257.75"}, {"price": "0.58", "size": "1490.11"}, {"price": "0.57", "size": "890.11"}], "event_type": "book", "last_trade_price": ""}, {"market": "0x4260fd74c0400e17c72dbfe2cb50d40e64cc952711c689c4c154db783e56f798", "asset_id": "38256422075420257611543750663316775352355424361144872713559169529809539533140", "timestamp": "1769383985346", "hash": "0618777de19383ea1e7bc36537c74fb8558d8a42", "bids": [{"price": "0.01", "size": "8789.21"}, {"price": "0.02", "size": "2131"}, {"price": "0.03", "size": "9.45"}, {"price": "0.07", "size": "1700"}, {"price": "0.09", "size": "800"}, {"price": "0.1", "size": "6.15"}, {"price": "0.2", "size": "400"}, {"price": "0.28", "size": "2000"}, {"price": "0.35", "size": "10"}, {"price": "0.36", "size": "1061"}, {"price": "0.39", "size": "846.62"}, {"price": "0.4", "size": "1000"}, {"price": "0.41", "size": "78.8"}, {"price": "0.42", "size": "641.88"}, {"price": "0.43", "size": "4157.32"}, {"price": "0.45", "size": "444.06"}, {"price": "0.48", "size": "406.25"}, {"price": "0.49", "size": "250.5"}, {"price": "0.5", "size": "2289.97"}, {"price": "0.51", "size": "990.11"}, {"price": "0.52", "size": "890.11"}, {"price": "0.55", "size": "554"}, {"price": "0.56", "size": "80.47"}, {"price": "0.57", "size": "983.48"}], "asks": [{"price": "0.99", "size": "8788.72"}, {"price": "0.98", "size": "2100"}, {"price": "0.97", "size": "7.83"}, {"price": "0.95", "size": "17"}, {"price": "0.93", "size": "1700"}, {"price": "0.92", "size": "8.36"}, {"price": "0.9", "size": "800"}, {"price": "0.78", "size": "1233"}, {"price": "0.75", "size": "957.12"}, {"price": "0.72", "size": "710"}, {"price": "0.71", "size": "4157.32"}, {"price": "0.7", "size": "200"}, {"price": "0.69", "size": "576.12"}, {"price": "0.66", "size": "268.99"}, {"price": "0.65", "size": "266.99"}, {"price": "0.64", "size": "1155.36"}, {"price": "0.63", "size": "909.64"}, {"price": "0.62", "size": "20"}, {"price": "0.61", "size": "2150"}, {"price": "0.6", "size": "2128.71"}], "event_type": "book", "last_trade_price": "0.420"}, {"market": "0x21c1ab59854ef97db09389000f63690053a6f07a486919f5eeac2228d109b629", "asset_id": "26328826323371699730268026683550734751036975986867833370449077522996149735299", "timestamp": "1769383886055", "hash": "6c32705a8b26a201eff55eb9d3f87b53447c4343", "bids": [{"price": "0.01", "size": "198.81"}, {"price": "0.02", "size": "25.23"}, {"price": "0.05", "size": "11.61"}], "asks": [{"price": "0.99", "size": "200.64"}, {"price": "0.98", "size": "39.67"}, {"price": "0.96", "size": "29.99"}], "event_type": "book", "last_trade_price": ""}, {"market": "0x4ce40c95f8e904a736ed89ad7b9202f4c220ebb1862656a788a6da4116b0f434", "asset_id": "88338165865701386495217719036982962389406686302689056195151063072644378301708", "timestamp": "1769384046762", "hash": "9049b62b9dfd7ae20222f7a5d99466a92708009a", "bids": [{"price": "0.01", "size": "7238.97"}, {"price": "0.02", "size": "4157.32"}, {"price": "0.03", "size": "30.04"}, {"price": "0.3", "size": "50"}, {"price": "0.31", "size": "1490.11"}, {"price": "0.32", "size": "890.11"}], "asks": [{"price": "0.99", "size": "7239.31"}, {"price": "0.98", "size": "4157.32"}, {"price": "0.97", "size": "29.93"}, {"price": "0.8", "size": "200"}, {"price": "0.73", "size": "200"}, {"price": "0.43", "size": "1390.11"}, {"price": "0.42", "size": "890.11"}, {"price": "0.41", "size": "100"}, {"price": "0.36", "size": "336.36"}], "event_type": "book", "last_trade_price": ""}]}
{"_local_timestamp": "2026-01-25T23:34:15.924145+00:00", "data": {"market": "0x4ce40c95f8e904a736ed89ad7b9202f4c220ebb1862656a788a6da4116b0f434", "price_changes": [{"asset_id": "13906548632296892964125125203698575597202048155370793959834691274541212923753", "price": "0.64", "size": "0", "side": "BUY", "hash": "dff416cd62a39ff2113cd304abdf9c937d802dfe", "best_bid": "0.59", "best_ask": "0.68"}, {"asset_id": "88338165865701386495217719036982962389406686302689056195151063072644378301708", "price": "0.36", "size": "0", "side": "SELL", "hash": "7a68a84097e8ba38da9015f4da6eb65e68440214", "best_bid": "0.32", "best_ask": "0.41"}], "timestamp": "1769384055846", "event_type": "price_change"}}
