{"_local_timestamp": "2026-01-25T23:41:28.948093+00:00", "data": [{"market": "0x075644373ee9b10679b5d9c4133202c8f537206eeb456073f0147455ceb1ccfb", "asset_id": "52615588191460470438968831832569300660020698058311540467884028012774443701200", "timestamp": "1769384488124", "hash": "bf971adb4c1e923e9e4c91c511d8fed4cb759c6f", "bids": [{"price": "0.01", "size": "8888.8"}, {"price": "0.02", "size": "1000"}, {"price": "0.03", "size": "1100"}, {"price": "0.04", "size": "6.81"}, {"price": "0.07", "size": "1700"}, {"price": "0.08", "size": "700"}, {"price": "0.09", "size": "4157.32"}, {"price": "0.11", "size": "5.73"}, {"price": "0.14", "size": "100"}, {"price": "0.15", "size": "200"}, {"price": "0.33", "size": "300"}, {"price": "0.37", "size": "200"}, {"price": "0.39", "size": "1190.11"}, {"price": "0.4", "size": "1015.11"}, {"price": "0.43", "size": "75"}, {"price": "0.5", "size": "10"}, {"price": "0.8", "size": "150"}, {"price": "0.81", "size": "56.73"}], "asks": [{"price": "0.99", "size": "280"}, {"price": "0.98", "size": "513.13"}, {"price": "0.97", "size": "1090.11"}, {"price": "0.96", "size": "896.05"}, {"price": "0.95", "size": "250"}, {"price": "0.94", "size": "8.32"}, {"price": "0.91", "size": "261"}], "event_type": "book", "last_trade_price": "0.810"}, {"market": "0x075644373ee9b10679b5d9c4133202c8f537206eeb456073f0147455ceb1ccfb", "asset_id": "96286079885758953696615284399030269817415728790134813853112424523816811502470", "timestamp": "1769384488124", "hash": "f7a5881bcab622868dac97ef5e4e6311b3a1bc81", "bids": [{"price": "0.01", "size": "280"}, {"price": "0.02", "size": "513.13"}, {"price": "0.03", "size": "1090.11"}, {"price": "0.04", "size": "896.05"}, {"price": "0.05", "size": "250"}, {"price": "0.06", "size": "8.32"}, {"price": "0.09", "size": "261"}], "asks": [{"price": "0.99", "size": "8888.8"}, {"price": "0.98", "size": "1000"}, {"price": "0.97", "size": "1100"}, {"price": "0.96", "size": "6.81"}, {"price": "0.93", "size": "1700"}, {"price": "0.92", "size": "700"}, {"price": "0.91", "size": "4157.32"}, {"price": "0.89", "size": "5.73"}, {"price": "0.86", "size": "100"}, {"price": "0.85", "size": "200"}, {"price": "0.67", "size": "300"}, {"price": "0.63", "size": "200"}, {"price": "0.61", "size": "1190.11"}, {"price": "0.6", "size": "1015.11"}, {"price": "0.57", "size": "75"}, {"price": "0.5", "size": "10"}, {"price": "0.2", "size": "150"}, {"price": "0.19", "size": "56.73"}], "event_type": "book", "last_trade_price": "0.810"}]}
{"_local_timestamp": "2026-01-25T23:41:34.122883+00:00", "data": {"market": "0x075644373ee9b10679b5d9c4133202c8f537206eeb456073f0147455ceb1ccfb", "price_changes": [{"asset_id": "52615588191460470438968831832569300660020698058311540467884028012774443701200", "price": "0.11", "size": "0", "side": "BUY", "hash": "aadf9d06232a666d059d3156de2587a0eb2b9520", "best_bid": "0.81", "best_ask": "0.91"}, {"asset_id": "96286079885758953696615284399030269817415728790134813853112424523816811502470", "price": "0.89", "size": "0", "side": "SELL", "hash": "2e7341973b521d027fc1e23a0d617709c8079d87", "best_bid": "0.09", "best_ask": "0.19"}], "timestamp": "1769384494049", "event_type": "price_change"}}
{"_local_timestamp": "2026-01-25T23:41:34.669503+00:00", "data": {"market": "0x075644373ee9b10679b5d9c4133202c8f537206eeb456073f0147455ceb1ccfb", "price_changes": [{"asset_id": "52615588191460470438968831832569300660020698058311540467884028012774443701200", "price": "0.1", "size": "6.3", "side": "BUY", "hash": "144b20bd46eb170df6a6ab564e89c08402f82dca", "best_bid": "0.81", "best_ask": "0.91"}, {"asset_id": "96286079885758953696615284399030269817415728790134813853112424523816811502470", "price": "0.9", "size": "6.3", "side": "SELL", "hash": "b9bf243cee4e97c9da2af756d47f23b3861bb5cb", "best_bid": "0.09", "best_ask": "0.19"}], "timestamp": "1769384494590", "event_type": "price_change"}}
{"_local_timestamp": "2026-01-25T23:41:42.447577+00:00", "data": {"market": "0x075644373ee9b10679b5d9c4133202c8f537206eeb456073f0147455ceb1ccfb", "price_changes": [{"asset_id": "52615588191460470438968831832569300660020698058311540467884028012774443701200", "price": "0.08", "size": "600", "side": "BUY", "hash": "715825984d2cc4cdf596fbad324a70eb63c98e38", "best_bid": "0.81", "best_ask": "0.91"}, {"asset_id": "96286079885758953696615284399030269817415728790134813853112424523816811502470", "price": "0.92", "size": "600", "side": "SELL", "hash": "c0f41b940834f0ff2a6c462dd045c64a210c82e8", "best_bid": "0.09", "best_ask": "0.19"}], "timestamp": "1769384502368", "event_type": "price_change"}}
{"_local_timestamp": "2026-01-25T23:41:42.728492+00:00", "data": {"market": "0x075644373ee9b10679b5d9c4133202c8f537206eeb456073f0147455ceb1ccfb", "price_changes": [{"asset_id": "52615588191460470438968831832569300660020698058311540467884028012774443701200", "price": "0.09", "size": "4257.32", "side": "BUY", "hash": "13a30a4578f0391e4698233bbb4f5f96e19cb8a9", "best_bid": "0.81", "best_ask": "0.91"}, {"asset_id": "96286079885758953696615284399030269817415728790134813853112424523816811502470", "price": "0.91", "size": "4257.32", "side": "SELL", "hash": "300105f6de87cb79352cc9e87a1ca2b590be8ada", "best_bid": "0.09", "best_ask": "0.19"}], "timestamp": "1769384502658", "event_type": "price_change"}}
{"_local_timestamp": "2026-01-25T23:41:45.859342+00:00", "data": {"market": "0x075644373ee9b10679b5d9c4133202c8f537206eeb456073f0147455ceb1ccfb", "price_changes": [{"asset_id": "52615588191460470438968831832569300660020698058311540467884028012774443701200", "price": "0.14", "size": "0", "side": "BUY", "hash": "2bc50afff423683ec971d500c032e6bf765160c2", "best_bid": "0.81", "best_ask": "0.91"}, {"asset_id": "96286079885758953696615284399030269817415728790134813853112424523816811502470", "price": "0.86", "size": "0", "side": "SELL", "hash": "088210ea1097ae992faa57e4fd698a046f0cdf57", "best_bid": "0.09", "best_ask": "0.19"}], "timestamp": "1769384505785", "event_type": "price_change"}}
{"_local_timestamp": "2026-01-25T23:41:46.112579+00:00", "data": {"market": "0x075644373ee9b10679b5d9c4133202c8f537206eeb456073f0147455ceb1ccfb", "price_changes": [{"asset_id": "52615588191460470438968831832569300660020698058311540467884028012774443701200", "price": "0.15", "size": "300", "side": "BUY", "hash": "2ffa1b15fc2ec3078a3ddca22bb041f027d31d99", "best_bid": "0.81", "best_ask": "0.91"}, {"asset_id": "96286079885758953696615284399030269817415728790134813853112424523816811502470", "price": "0.85", "size": "300", "side": "SELL", "hash": "655bd29605efe7c6927f4ba6fe74a0aa81edc4c1", "best_bid": "0.09", "best_ask": "0.19"}], "timestamp": "1769384506018", "event_type": "price_change"}}
{"_local_timestamp": "2026-01-25T23:41:48.642190+00:00", "data": {"market": "0x075644373ee9b10679b5d9c4133202c8f537206eeb456073f0147455ceb1ccfb", "price_changes": [{"asset_id": "52615588191460470438968831832569300660020698058311540467884028012774443701200", "price": "0.08", "size": "200", "side": "BUY", "hash": "da722b205a907deed384909aa0a19de099757025", "best_bid": "0.81", "best_ask": "0.91"}, {"asset_id": "96286079885758953696615284399030269817415728790134813853112424523816811502470", "price": "0.92", "size": "200", "side": "SELL", "hash": "1a4a479d42d5fbe29549227e6c7e1271ccc8c62b", "best_bid": "0.09", "best_ask": "0.19"}], "timestamp": "1769384508569", "event_type": "price_change"}}
{"_local_timestamp": "2026-01-25T23:41:48.661311+00:00", "data": {"market": "0x075644373ee9b10679b5d9c4133202c8f537206eeb456073f0147455ceb1ccfb", "price_changes": [{"asset_id": "52615588191460470438968831832569300660020698058311540467884028012774443701200", "price": "0.15", "size": "100", "side": "BUY", "hash": "da722b205a907deed384909aa0a19de099757025", "best_bid": "0.81", "best_ask": "0.91"}, {"asset_id": "96286079885758953696615284399030269817415728790134813853112424523816811502470", "price": "0.85", "size": "100", "side": "SELL", "hash": "1a4a479d42d5fbe29549227e6c7e1271ccc8c62b", "best_bid": "0.09", "best_ask": "0.19"}], "timestamp": "1769384508569", "event_type": "price_change"}}
{"_local_timestamp": "2026-01-25T23:41:48.755429+00:00", "data": {"market": "0x075644373ee9b10679b5d9c4133202c8f537206eeb456073f0147455ceb1ccfb", "price_changes": [{"asset_id": "52615588191460470438968831832569300660020698058311540467884028012774443701200", "price": "0.08", "size": "2197.11", "side": "BUY", "hash": "0fe223da7bc0b2b218ff94a2d0307439f32c0ef3", "best_bid": "0.81", "best_ask": "0.91"}, {"asset_id": "96286079885758953696615284399030269817415728790134813853112424523816811502470", "price": "0.92", "size": "2197.11", "side": "SELL", "hash": "052dd983536c80626a6e0f02e3322a889bf2799f", "best_bid": "0.09", "best_ask": "0.19"}], "timestamp": "1769384508684", "event_type": "price_change"}}
{"_local_timestamp": "2026-01-25T23:41:48.778810+00:00", "data": {"market": "0x075644373ee9b10679b5d9c4133202c8f537206eeb456073f0147455ceb1ccfb", "price_changes": [{"asset_id": "52615588191460470438968831832569300660020698058311540467884028012774443701200", "price": "0.08", "size": "3087.22", "side": "BUY", "hash": "3d65d52958445888fd381930997525a746947ed3", "best_bid": "0.81", "best_ask": "0.91"}, {"asset_id": "96286079885758953696615284399030269817415728790134813853112424523816811502470", "price": "0.92", "size": "3087.22", "side": "SELL", "hash": "f4f2024bb8fda09dffbe027ccd091d715614a7eb", "best_bid": "0.09", "best_ask": "0.19"}], "timestamp": "1769384508713", "event_type": "price_change"}}
{"_local_timestamp": "2026-01-25T23:41:48.779763+00:00", "data": {"market": "0x075644373ee9b10679b5d9c4133202c8f537206eeb456073f0147455ceb1ccfb", "price_changes": [{"asset_id": "52615588191460470438968831832569300660020698058311540467884028012774443701200", "price": "0.08", "size": "4357.32", "side": "BUY", "hash": "ea600b3f9fd14331a6b7942128b584a456445f3d", "best_bid": "0.81", "best_ask": "0.91"}, {"asset_id": "96286079885758953696615284399030269817415728790134813853112424523816811502470", "price": "0.92", "size": "4357.32", "side": "SELL", "hash": "92c2e41556512c3f1e57781a6690296add6de75e", "best_bid": "0.09", "best_ask": "0.19"}], "timestamp": "1769384508714", "event_type": "price_change"}}
{"_local_timestamp": "2026-01-25T23:41:48.931555+00:00", "data": {"market": "0x075644373ee9b10679b5d9c4133202c8f537206eeb456073f0147455ceb1ccfb", "price_changes": [{"asset_id": "52615588191460470438968831832569300660020698058311540467884028012774443701200", "price": "0.09", "size": "4657.32", "side": "BUY", "hash": "4b05fccb8a2182f184ecbbbd9b5d03d623b07d8d", "best_bid": "0.81", "best_ask": "0.91"}, {"asset_id": "96286079885758953696615284399030269817415728790134813853112424523816811502470", "price": "0.91", "size": "4657.32", "side": "SELL", "hash": "2e0f27e97e1da825fc25fa30d6a0b08c14a536cc", "best_bid": "0.09", "best_ask": "0.19"}], "timestamp": "1769384508855", "event_type": "price_change"}}
{"_local_timestamp": "2026-01-25T23:41:48.936766+00:00", "data": {"market": "0x075644373ee9b10679b5d9c4133202c8f537206eeb456073f0147455ceb1ccfb", "price_changes": [{"asset_id": "52615588191460470438968831832569300660020698058311540467884028012774443701200", "price": "0.14", "size": "200", "side": "BUY", "hash": "c10e1c74ae82d805a031bf88ce12867c1f58306a", "best_bid": "0.81", "best_ask": "0.91"}, {"asset_id": "96286079885758953696615284399030269817415728790134813853112424523816811502470", "price": "0.86", "size": "200", "side": "SELL", "hash": "86c63b74e5ab1d50615f5f6afea4a9cb599de2bd", "best_bid": "0.09", "best_ask": "0.19"}], "timestamp": "1769384508856", "event_type": "price_change"}}
{"_local_timestamp": "2026-01-25T23:41:58.736717+00:00", "data": {"market": "0x075644373ee9b10679b5d9c4133202c8f537206eeb456073f0147455ceb1ccfb", "price_changes": [{"asset_id": "52615588191460470438968831832569300660020698058311540467884028012774443701200", "price": "0.15", "size": "0", "side": "BUY", "hash": "dbcb91b48c1e69073cf7d4dae019765ad9c0ce1b", "best_bid": "0.81", "best_ask": "0.91"}, {"asset_id": "96286079885758953696615284399030269817415728790134813853112424523816811502470", "price": "0.85", "size": "0", "side": "SELL", "hash": "4a3b89d761f93a45405b102f64fc8ff020eb2f7b", "best_bid": "0.09", "best_ask": "0.19"}], "timestamp": "1769384518666", "event_type": "price_change"}}
{"_local_timestamp": "2026-01-25T23:41:58.851117+00:00", "data": {"market": "0x075644373ee9b10679b5d9c4133202c8f537206eeb456073f0147455ceb1ccfb", "price_changes": [{"asset_id": "52615588191460470438968831832569300660020698058311540467884028012774443701200", "price": "0.09", "size": "500", "side": "BUY", "hash": "ebb260d302921c74bb1115af48d8b61c2a3a5867", "best_bid": "0.81", "best_ask": "0.91"}, {"asset_id": "96286079885758953696615284399030269817415728790134813853112424523816811502470", "price": "0.91", "size": "500", "side": "SELL", "hash": "08dda6337bf2b1cfe7609c4e598821ed16f659ef", "best_bid": "0.09", "best_ask": "0.19"}], "timestamp": "1769384518770", "event_type": "price_change"}}
{"_local_timestamp": "2026-01-25T23:41:58.956923+00:00", "data": {"market": "0x075644373ee9b10679b5d9c4133202c8f537206eeb456073f0147455ceb1ccfb", "price_changes": [{"asset_id": "52615588191460470438968831832569300660020698058311540467884028012774443701200", "price": "0.14", "size": "300", "side": "BUY", "hash": "aad83a5401ca74c8f8a5074ee46e055b5739fa00", "best_bid": "0.81", "best_ask": "0.91"}, {"asset_id": "96286079885758953696615284399030269817415728790134813853112424523816811502470", "price": "0.86", "size": "300", "side": "SELL", "hash": "5c071eac351dfec94dff2de9fb42f9097f181174", "best_bid": "0.09", "best_ask": "0.19"}], "timestamp": "1769384518889", "event_type": "price_change"}}
{"_local_timestamp": "2026-01-25T23:41:59.955814+00:00", "data": {"market": "0x075644373ee9b10679b5d9c4133202c8f537206eeb456073f0147455ceb1ccfb", "price_changes": [{"asset_id": "52615588191460470438968831832569300660020698058311540467884028012774443701200", "price": "0.08", "size": "4257.32", "side": "BUY", "hash": "c8188b6d0420678cf2ed830412cc0276405e3c74", "best_bid": "0.81", "best_ask": "0.91"}, {"asset_id": "96286079885758953696615284399030269817415728790134813853112424523816811502470", "price": "0.92", "size": "4257.32", "side": "SELL", "hash": "531bc386c042f6cd2bce8dff437beb95bc560424", "best_bid": "0.09", "best_ask": "0.19"}], "timestamp": "1769384519879", "event_type": "price_change"}}
{"_local_timestamp": "2026-01-25T23:42:00.235936+00:00", "data": {"market": "0x075644373ee9b10679b5d9c4133202c8f537206eeb456073f0147455ceb1ccfb", "price_changes": [{"asset_id": "52615588191460470438968831832569300660020698058311540467884028012774443701200", "price": "0.09", "size": "600", "side": "BUY", "hash": "1ce30d8db595740c82601d590551667f4fb6f5c6", "best_bid": "0.81", "best_ask": "0.91"}, {"asset_id": "96286079885758953696615284399030269817415728790134813853112424523816811502470", "price": "0.91", "size": "600", "side": "SELL", "hash": "d9dd9b8cee812648fa89331f034d1eeccaf43352", "best_bid": "0.09", "best_ask": "0.19"}], "timestamp": "1769384520156", "event_type": "price_change"}}
{"_local_timestamp": "2026-01-25T23:42:00.300620+00:00", "data": {"market": "0x075644373ee9b10679b5d9c4133202c8f537206eeb456073f0147455ceb1ccfb", "price_changes": [{"asset_id": "52615588191460470438968831832569300660020698058311540467884028012774443701200", "price": "0.1", "size": "1276.4", "side": "BUY", "hash": "24a8dc651e0909adaff81c2ec93baaee65b55629", "best_bid": "0.81", "best_ask": "0.91"}, {"asset_id": "96286079885758953696615284399030269817415728790134813853112424523816811502470", "price": "0.9", "size": "1276.4", "side": "SELL", "hash": "996f78a67d17d5d9881e5e0ef18e67b8907de577", "best_bid": "0.09", "best_ask": "0.19"}], "timestamp": "1769384520197", "event_type": "price_change"}}
{"_local_timestamp": "2026-01-25T23:42:00.301686+00:00", "data": {"market": "0x075644373ee9b10679b5d9c4133202c8f537206eeb456073f0147455ceb1ccfb", "price_changes": [{"asset_id": "52615588191460470438968831832569300660020698058311540467884028012774443701200", "price": "0.1", "size": "2166.51", "side": "BUY", "hash": "78b8eb6277d62cfaec4504bf84799c6776f73d1f", "best_bid": "0.81", "best_ask": "0.91"}, {"asset_id": "96286079885758953696615284399030269817415728790134813853112424523816811502470", "price": "0.9", "size": "2166.51", "side": "SELL", "hash": "cfebd0ae630435020841eaef7c5822e2fe23676a", "best_bid": "0.09", "best_ask": "0.19"}], "timestamp": "1769384520198", "event_type": "price_change"}}
{"_local_timestamp": "2026-01-25T23:42:00.302896+00:00", "data": {"market": "0x075644373ee9b10679b5d9c4133202c8f537206eeb456073f0147455ceb1ccfb", "price_changes": [{"asset_id": "52615588191460470438968831832569300660020698058311540467884028012774443701200", "price": "0.1", "size": "4163.62", "side": "BUY", "hash": "e22bdf19ecbc81dbf30013f8cf50fe0e1385e788", "best_bid": "0.81", "best_ask": "0.91"}, {"asset_id": "96286079885758953696615284399030269817415728790134813853112424523816811502470", "price": "0.9", "size": "4163.62", "side": "SELL", "hash": "cff3df340f679f5f1575b73abf9f6e9d8ddb4d62", "best_bid": "0.09", "best_ask": "0.19"}], "timestamp": "1769384520199", "event_type": "price_change"}}
{"_local_timestamp": "2026-01-25T23:42:12.700486+00:00", "data": {"market": "0x075644373ee9b10679b5d9c4133202c8f537206eeb456073f0147455ceb1ccfb", "price_changes": [{"asset_id": "52615588191460470438968831832569300660020698058311540467884028012774443701200", "price": "0.14", "size": "100", "side": "BUY", "hash": "687c348767bf7c77e145c0e5e5457903be121593", "best_bid": "0.81", "best_ask": "0.91"}, {"asset_id": "96286079885758953696615284399030269817415728790134813853112424523816811502470", "price": "0.86", "size": "100", "side": "SELL", "hash": "0cd2ef33233653304a2f2e595a8c2c6a4ec01900", "best_bid": "0.09", "best_ask": "0.19"}], "timestamp": "1769384532635", "event_type": "price_change"}}
{"_local_timestamp": "2026-01-25T23:42:12.790874+00:00", "data": {"market": "0x075644373ee9b10679b5d9c4133202c8f537206eeb456073f0147455ceb1ccfb", "price_changes": [{"asset_id": "52615588191460470438968831832569300660020698058311540467884028012774443701200", "price": "0.08", "size": "100", "side": "BUY", "hash": "feae789abc0a744071e2bbb9b6932f0b4795b10b", "best_bid": "0.81", "best_ask": "0.91"}, {"asset_id": "96286079885758953696615284399030269817415728790134813853112424523816811502470", "price": "0.92", "size": "100", "side": "SELL", "hash": "52a9f2250820b5e5234d09f93394f285f7f024ea", "best_bid": "0.09", "best_ask": "0.19"}], "timestamp": "1769384532728", "event_type": "price_change"}}
{"_local_timestamp": "2026-01-25T23:42:12.975394+00:00", "data": {"market": "0x075644373ee9b10679b5d9c4133202c8f537206eeb456073f0147455ceb1ccfb", "price_changes": [{"asset_id": "52615588191460470438968831832569300660020698058311540467884028012774443701200", "price": "0.15", "size": "200", "side": "BUY", "hash": "a2e3b34704d3c157f65ce0a5cff341ebbaccfe22", "best_bid": "0.81", "best_ask": "0.91"}, {"asset_id": "96286079885758953696615284399030269817415728790134813853112424523816811502470", "price": "0.85", "size": "200", "side": "SELL", "hash": "712d54ba2ab3c5dc95da8fc210fae964054c7588", "best_bid": "0.09", "best_ask": "0.19"}], "timestamp": "1769384532896", "event_type": "price_change"}}
{"_local_timestamp": "2026-01-25T23:42:13.603049+00:00", "data": {"market": "0x075644373ee9b10679b5d9c4133202c8f537206eeb456073f0147455ceb1ccfb", "price_changes": [{"asset_id": "52615588191460470438968831832569300660020698058311540467884028012774443701200", "price": "0.08", "size": "0", "side": "BUY", "hash": "d4073607857be2b2a3a54586ea31be6579c0f4ce", "best_bid": "0.81", "best_ask": "0.91"}, {"asset_id": "96286079885758953696615284399030269817415728790134813853112424523816811502470", "price": "0.92", "size": "0", "side": "SELL", "hash": "78590d5113d236db78207b223e10551be0654e23", "best_bid": "0.09", "best_ask": "0.19"}], "timestamp": "1769384533511", "event_type": "price_change"}}
{"_local_timestamp": "2026-01-25T23:42:13.857016+00:00", "data": {"market": "0x075644373ee9b10679b5d9c4133202c8f537206eeb456073f0147455ceb1ccfb", "price_changes": [{"asset_id": "52615588191460470438968831832569300660020698058311540467884028012774443701200", "price": "0.09", "size": "700", "side": "BUY", "hash": "4f105fafb13f935ba66ba6da92cc8754e7b33005", "best_bid": "0.81", "best_ask": "0.91"}, {"asset_id": "96286079885758953696615284399030269817415728790134813853112424523816811502470", "price": "0.91", "size": "700", "side": "SELL", "hash": "6f406aae3d86929dfbce5247433a8a62e1a8a5b1", "best_bid": "0.09", "best_ask": "0.19"}], "timestamp": "1769384533787", "event_type": "price_change"}}
{"_local_timestamp": "2026-01-25T23:42:23.214282+00:00", "data": {"market": "0x075644373ee9b10679b5d9c4133202c8f537206eeb456073f0147455ceb1ccfb", "price_changes": [{"asset_id": "52615588191460470438968831832569300660020698058311540467884028012774443701200", "price": "0.14", "size": "0", "side": "BUY", "hash": "66e93280479cb615873babc92f08b26c68f4093c", "best_bid": "0.81", "best_ask": "0.91"}, {"asset_id": "96286079885758953696615284399030269817415728790134813853112424523816811502470", "price": "0.86", "size": "0", "side": "SELL", "hash": "5baf41f65a9e36b645fb138f6052de0c4100ba4f", "best_bid": "0.09", "best_ask": "0.19"}], "timestamp": "1769384543030", "event_type": "price_change"}}
{"_local_timestamp": "2026-01-25T23:42:23.395950+00:00", "data": {"market": "0x075644373ee9b10679b5d9c4133202c8f537206eeb456073f0147455ceb1ccfb", "price_changes": [{"asset_id": "52615588191460470438968831832569300660020698058311540467884028012774443701200", "price": "0.15", "size": "300", "side": "BUY", "hash": "0f825b7b51a3b8aec58a57c5fd1f398e8477ce52", "best_bid": "0.81", "best_ask": "0.91"}, {"asset_id": "96286079885758953696615284399030269817415728790134813853112424523816811502470", "price": "0.85", "size": "300", "side": "SELL", "hash": "de4effca77b3d654f548977056ebe45e46d1199e", "best_bid": "0.09", "best_ask": "0.19"}], "timestamp": "1769384543256", "event_type": "price_change"}}
{"_local_timestamp": "2026-01-25T23:42:23.980506+00:00", "data": {"market": "0x075644373ee9b10679b5d9c4133202c8f537206eeb456073f0147455ceb1ccfb", "price_changes": [{"asset_id": "52615588191460470438968831832569300660020698058311540467884028012774443701200", "price": "0.09", "size": "600", "side": "BUY", "hash": "a5eb0f0986a8edcd4f18af564dad799518f284f7", "best_bid": "0.81", "best_ask": "0.91"}, {"asset_id": "96286079885758953696615284399030269817415728790134813853112424523816811502470", "price": "0.91", "size": "600", "side": "SELL", "hash": "b2b5a0074ade546fc61437e3b834244076b63017", "best_bid": "0.09", "best_ask": "0.19"}], "timestamp": "1769384543840", "event_type": "price_change"}}
{"_local_timestamp": "2026-01-25T23:42:24.236604+00:00", "data": {"market": "0x075644373ee9b10679b5d9c4133202c8f537206eeb456073f0147455ceb1ccfb", "price_changes": [{"asset_id": "52615588191460470438968831832569300660020698058311540467884028012774443701200", "price": "0.1", "size": "4263.62", "side": "BUY", "hash": "b2f4e93d3d771e034b0c0491cb997ce14793fd84", "best_bid": "0.81", "best_ask": "0.91"}, {"asset_id": "96286079885758953696615284399030269817415728790134813853112424523816811502470", "price": "0.9", "size": "4263.62", "side": "SELL", "hash": "48b0d48b83e32d5dac49ad5158002a4dccbd09be", "best_bid": "0.09", "best_ask": "0.19"}], "timestamp": "1769384544105", "event_type": "price_change"}}
{"_local_timestamp": "2026-01-25T23:42:34.065389+00:00", "data": {"market": "0x075644373ee9b10679b5d9c4133202c8f537206eeb456073f0147455ceb1ccfb", "price_changes": [{"asset_id": "52615588191460470438968831832569300660020698058311540467884028012774443701200", "price": "0.09", "size": "200", "side": "BUY", "hash": "e73bebe253e0d98505c2c7a591ad867dabd4f626", "best_bid": "0.81", "best_ask": "0.91"}, {"asset_id": "96286079885758953696615284399030269817415728790134813853112424523816811502470", "price": "0.91", "size": "200", "side": "SELL", "hash": "bda0ef6afbea36829a76004d8b75168a8092aff2", "best_bid": "0.09", "best_ask": "0.19"}], "timestamp": "1769384553930", "event_type": "price_change"}}
{"_local_timestamp": "2026-01-25T23:42:34.074028+00:00", "data": {"market": "0x075644373ee9b10679b5d9c4133202c8f537206eeb456073f0147455ceb1ccfb", "price_changes": [{"asset_id": "52615588191460470438968831832569300660020698058311540467884028012774443701200", "price": "0.15", "size": "100", "side": "BUY", "hash": "e73bebe253e0d98505c2c7a591ad867dabd4f626", "best_bid": "0.81", "best_ask": "0.91"}, {"asset_id": "96286079885758953696615284399030269817415728790134813853112424523816811502470", "price": "0.85", "size": "100", "side": "SELL", "hash": "bda0ef6afbea36829a76004d8b75168a8092aff2", "best_bid": "0.09", "best_ask": "0.19"}], "timestamp": "1769384553930", "event_type": "price_change"}}
{"_local_timestamp": "2026-01-25T23:42:34.166584+00:00", "data": {"market": "0x075644373ee9b10679b5d9c4133202c8f537206eeb456073f0147455ceb1ccfb", "price_changes": [{"asset_id": "52615588191460470438968831832569300660020698058311540467884028012774443701200", "price": "0.08", "size": "890.11", "side": "BUY", "hash": "f48238317bf9f6b2d1dabbb60b663814a2525bee", "best_bid": "0.81", "best_ask": "0.91"}, {"asset_id": "96286079885758953696615284399030269817415728790134813853112424523816811502470", "price": "0.92", "size": "890.11", "side": "SELL", "hash": "8011d2c70b7a4277c20f09d153d3f815b907422f", "best_bid": "0.09", "best_ask": "0.19"}], "timestamp": "1769384554012", "event_type": "price_change"}}
{"_local_timestamp": "2026-01-25T23:42:34.214976+00:00", "data": {"market": "0x075644373ee9b10679b5d9c4133202c8f537206eeb456073f0147455ceb1ccfb", "price_changes": [{"asset_id": "52615588191460470438968831832569300660020698058311540467884028012774443701200", "price": "0.08", "size": "2887.22", "side": "BUY", "hash": "74e3a073780e80162167f10caec0c7e285694063", "best_bid": "0.81", "best_ask": "0.91"}, {"asset_id": "96286079885758953696615284399030269817415728790134813853112424523816811502470", "price": "0.92", "size": "2887.22", "side": "SELL", "hash": "0f011fe0a4aebaecd10a7c79e151e946d296833d", "best_bid": "0.09", "best_ask": "0.19"}], "timestamp": "1769384554087", "event_type": "price_change"}}
{"_local_timestamp": "2026-01-25T23:42:34.218094+00:00", "data": {"market": "0x075644373ee9b10679b5d9c4133202c8f537206eeb456073f0147455ceb1ccfb", "price_changes": [{"asset_id": "52615588191460470438968831832569300660020698058311540467884028012774443701200", "price": "0.08", "size": "4157.32", "side": "BUY", "hash": "24ef50c9597784c3835c34fcd18ad20011f5c6ae", "best_bid": "0.81", "best_ask": "0.91"}, {"asset_id": "96286079885758953696615284399030269817415728790134813853112424523816811502470", "price": "0.92", "size": "4157.32", "side": "SELL", "hash": "4754e8f452a843e9e9265644a81ee047d80f5c2c", "best_bid": "0.09", "best_ask": "0.19"}], "timestamp": "1769384554088", "event_type": "price_change"}}
{"_local_timestamp": "2026-01-25T23:42:34.339712+00:00", "data": {"market": "0x075644373ee9b10679b5d9c4133202c8f537206eeb456073f0147455ceb1ccfb", "price_changes": [{"asset_id": "52615588191460470438968831832569300660020698058311540467884028012774443701200", "price": "0.1", "size": "4663.62", "side": "BUY", "hash": "59328820410fc7a795b7d336b22aa20534d6750a", "best_bid": "0.81", "best_ask": "0.91"}, {"asset_id": "96286079885758953696615284399030269817415728790134813853112424523816811502470", "price": "0.9", "size": "4663.62", "side": "SELL", "hash": "d1de7b2820441bdc42152b2aa7cc3b6b0752564f", "best_bid": "0.09", "best_ask": "0.19"}], "timestamp": "1769384554203", "event_type": "price_change"}}
{"_local_timestamp": "2026-01-25T23:42:34.340939+00:00", "data": {"market": "0x075644373ee9b10679b5d9c4133202c8f537206eeb456073f0147455ceb1ccfb", "price_changes": [{"asset_id": "52615588191460470438968831832569300660020698058311540467884028012774443701200", "price": "0.14", "size": "200", "side": "BUY", "hash": "0939231b318c93eb5daf65e163fd5dfb86d7c1c1", "best_bid": "0.81", "best_ask": "0.91"}, {"asset_id": "96286079885758953696615284399030269817415728790134813853112424523816811502470", "price": "0.86", "size": "200", "side": "SELL", "hash": "73280c208b8a63c9c8fe57eabbf6124b0b6ec0ad", "best_bid": "0.09", "best_ask": "0.19"}], "timestamp": "1769384554203", "event_type": "price_change"}}
{"_local_timestamp": "2026-01-25T23:42:41.433131+00:00", "data": {"market": "0x075644373ee9b10679b5d9c4133202c8f537206eeb456073f0147455ceb1ccfb", "price_changes": [{"asset_id": "52615588191460470438968831832569300660020698058311540467884028012774443701200", "price": "0.09", "size": "100", "side": "BUY", "hash": "391ccd8e7c6e0722a801985bf936381243b13da3", "best_bid": "0.81", "best_ask": "0.91"}, {"asset_id": "96286079885758953696615284399030269817415728790134813853112424523816811502470", "price": "0.91", "size": "100", "side": "SELL", "hash": "176b40797ed8996470744bd1e5a552c329c1e328", "best_bid": "0.09", "best_ask": "0.19"}], "timestamp": "1769384561295", "event_type": "price_change"}}
{"_local_timestamp": "2026-01-25T23:42:41.589356+00:00", "data": {"market": "0x075644373ee9b10679b5d9c4133202c8f537206eeb456073f0147455ceb1ccfb", "price_changes": [{"asset_id": "52615588191460470438968831832569300660020698058311540467884028012774443701200", "price": "0.1", "size": "3393.52", "side": "BUY", "hash": "5c22922ebc415eb616c1101f803eacbfaf8d438c", "best_bid": "0.81", "best_ask": "0.91"}, {"asset_id": "96286079885758953696615284399030269817415728790134813853112424523816811502470", "price": "0.9", "size": "3393.52", "side": "SELL", "hash": "6c427fed17757bc598c3442c67eaacf65ebaa4f6", "best_bid": "0.09", "best_ask": "0.19"}], "timestamp": "1769384561456", "event_type": "price_change"}}
{"_local_timestamp": "2026-01-25T23:42:41.681974+00:00", "data": {"market": "0x075644373ee9b10679b5d9c4133202c8f537206eeb456073f0147455ceb1ccfb", "price_changes": [{"asset_id": "52615588191460470438968831832569300660020698058311540467884028012774443701200", "price": "0.11", "size": "890.11", "side": "BUY", "hash": "06a4773969b0366e79cdda50790c61b8f7ab408e", "best_bid": "0.81", "best_ask": "0.91"}, {"asset_id": "96286079885758953696615284399030269817415728790134813853112424523816811502470", "price": "0.89", "size": "890.11", "side": "SELL", "hash": "52664ee6cbab8782232f1ecfba4925596fa29ddf", "best_bid": "0.09", "best_ask": "0.19"}], "timestamp": "1769384561541", "event_type": "price_change"}}
{"_local_timestamp": "2026-01-25T23:42:41.683010+00:00", "data": {"market": "0x075644373ee9b10679b5d9c4133202c8f537206eeb456073f0147455ceb1ccfb", "price_changes": [{"asset_id": "52615588191460470438968831832569300660020698058311540467884028012774443701200", "price": "0.11", "size": "2887.22", "side": "BUY", "hash": "948e1b4d3f40a9e553360622f194391eaff97297", "best_bid": "0.81", "best_ask": "0.91"}, {"asset_id": "96286079885758953696615284399030269817415728790134813853112424523816811502470", "price": "0.89", "size": "2887.22", "side": "SELL", "hash": "6c558b2cfc082e769e81f0f17a18f10e261832c2", "best_bid": "0.09", "best_ask": "0.19"}], "timestamp": "1769384561541", "event_type": "price_change"}}
{"_local_timestamp": "2026-01-25T23:42:41.689752+00:00", "data": {"market": "0x075644373ee9b10679b5d9c4133202c8f537206eeb456073f0147455ceb1ccfb", "price_changes": [{"asset_id": "52615588191460470438968831832569300660020698058311540467884028012774443701200", "price": "0.1", "size": "506.3", "side": "BUY", "hash": "96ed8933a22bd3c04b9981dbef54d2782165cf80", "best_bid": "0.81", "best_ask": "0.91"}, {"asset_id": "96286079885758953696615284399030269817415728790134813853112424523816811502470", "price": "0.9", "size": "506.3", "side": "SELL", "hash": "c06441f6bfa64268607503514540c434f25537e8", "best_bid": "0.09", "best_ask": "0.19"}], "timestamp": "1769384561545", "event_type": "price_change"}}
{"_local_timestamp": "2026-01-25T23:42:41.713765+00:00", "data": {"market": "0x075644373ee9b10679b5d9c4133202c8f537206eeb456073f0147455ceb1ccfb", "price_changes": [{"asset_id": "52615588191460470438968831832569300660020698058311540467884028012774443701200", "price": "0.11", "size": "4157.32", "side": "BUY", "hash": "7ab5b842d60ce4caf52a901fd01c0a09e3210760", "best_bid": "0.81", "best_ask": "0.91"}, {"asset_id": "96286079885758953696615284399030269817415728790134813853112424523816811502470", "price": "0.89", "size": "4157.32", "side": "SELL", "hash": "6ab43f172df0f03a769ea57bfc4bb5745356f767", "best_bid": "0.09", "best_ask": "0.19"}], "timestamp": "1769384561573", "event_type": "price_change"}}
{"_local_timestamp": "2026-01-25T23:42:41.768375+00:00", "data": {"market": "0x075644373ee9b10679b5d9c4133202c8f537206eeb456073f0147455ceb1ccfb", "price_changes": [{"asset_id": "52615588191460470438968831832569300660020698058311540467884028012774443701200", "price": "0.1", "size": "606.3", "side": "BUY", "hash": "57d91cf72401d20dfae4304879ceb87e95c92d69", "best_bid": "0.81", "best_ask": "0.91"}, {"asset_id": "96286079885758953696615284399030269817415728790134813853112424523816811502470", "price": "0.9", "size": "606.3", "side": "SELL", "hash": "0982107f6dbd8ab4014c050a2d30927b52435443", "best_bid": "0.09", "best_ask": "0.19"}], "timestamp": "1769384561626", "event_type": "price_change"}}
{"_local_timestamp": "2026-01-25T23:42:42.892003+00:00", "data": {"market": "0x075644373ee9b10679b5d9c4133202c8f537206eeb456073f0147455ceb1ccfb", "price_changes": [{"asset_id": "52615588191460470438968831832569300660020698058311540467884028012774443701200", "price": "0.09", "size": "0", "side": "BUY", "hash": "b186c1e826f87c95de6aef56f4996f609d74eb08", "best_bid": "0.81", "best_ask": "0.91"}, {"asset_id": "96286079885758953696615284399030269817415728790134813853112424523816811502470", "price": "0.91", "size": "0", "side": "SELL", "hash": "5162821dd010caeb81152944dc1c8529c6b29e0c", "best_bid": "0.09", "best_ask": "0.19"}], "timestamp": "1769384562745", "event_type": "price_change"}}
{"_local_timestamp": "2026-01-25T23:42:43.186564+00:00", "data": {"market": "0x075644373ee9b10679b5d9c4133202c8f537206eeb456073f0147455ceb1ccfb", "price_changes": [{"asset_id": "52615588191460470438968831832569300660020698058311540467884028012774443701200", "price": "0.1", "size": "706.3", "side": "BUY", "hash": "5802df549eb89e6c8d08b0e9354250d84e299a40", "best_bid": "0.81", "best_ask": "0.91"}, {"asset_id": "96286079885758953696615284399030269817415728790134813853112424523816811502470", "price": "0.9", "size": "706.3", "side": "SELL", "hash": "e2cbc33299b834ffa7be226e56a28e5c8deaa69a", "best_bid": "0.09", "best_ask": "0.19"}], "timestamp": "1769384563037", "event_type": "price_change"}}
{"_local_timestamp": "2026-01-25T23:42:47.283733+00:00", "data": {"market": "0x075644373ee9b10679b5d9c4133202c8f537206eeb456073f0147455ceb1ccfb", "price_changes": [{"asset_id": "52615588191460470438968831832569300660020698058311540467884028012774443701200", "price": "0.15", "size": "0", "side": "BUY", "hash": "dbfaefc47582f8befcf4b6b1254445277476d389", "best_bid": "0.81", "best_ask": "0.91"}, {"asset_id": "96286079885758953696615284399030269817415728790134813853112424523816811502470", "price": "0.85", "size": "0", "side": "SELL", "hash": "303da01e8c1bd4611d2785e22259a5565a814018", "best_bid": "0.09", "best_ask": "0.19"}], "timestamp": "1769384567012", "event_type": "price_change"}}
{"_local_timestamp": "2026-01-25T23:42:47.366773+00:00", "data": {"market": "0x075644373ee9b10679b5d9c4133202c8f537206eeb456073f0147455ceb1ccfb", "price_changes": [{"asset_id": "52615588191460470438968831832569300660020698058311540467884028012774443701200", "price": "0.08", "size": "0", "side": "BUY", "hash": "c3763d87c2aa3758cccd430dcd16392b3c2121e9", "best_bid": "0.81", "best_ask": "0.91"}, {"asset_id": "96286079885758953696615284399030269817415728790134813853112424523816811502470", "price": "0.92", "size": "0", "side": "SELL", "hash": "c561df9dfa8679dfeec12ba35e181b243473c957", "best_bid": "0.09", "best_ask": "0.19"}], "timestamp": "1769384567187", "event_type": "price_change"}}
{"_local_timestamp": "2026-01-25T23:42:47.395294+00:00", "data": {"market": "0x075644373ee9b10679b5d9c4133202c8f537206eeb456073f0147455ceb1ccfb", "price_changes": [{"asset_id": "52615588191460470438968831832569300660020698058311540467884028012774443701200", "price": "0.14", "size": "300", "side": "BUY", "hash": "241999d3d331614e0b385eee2e2546b18609d559", "best_bid": "0.81", "best_ask": "0.91"}, {"asset_id": "96286079885758953696615284399030269817415728790134813853112424523816811502470", "price": "0.86", "size": "300", "side": "SELL", "hash": "bcd269ac6f0adf802322af20047f26f14afd7e6b", "best_bid": "0.09", "best_ask": "0.19"}], "timestamp": "1769384567233", "event_type": "price_change"}}
{"_local_timestamp": "2026-01-25T23:42:55.189751+00:00", "data": {"market": "0x075644373ee9b10679b5d9c4133202c8f537206eeb456073f0147455ceb1ccfb", "price_changes": [{"asset_id": "52615588191460470438968831832569300660020698058311540467884028012774443701200", "price": "0.14", "size": "100", "side": "BUY", "hash": "bd6ea317ee1a1879fcdf3dbcffdaffe12629b2c9", "best_bid": "0.81", "best_ask": "0.91"}, {"asset_id": "96286079885758953696615284399030269817415728790134813853112424523816811502470", "price": "0.86", "size": "100", "side": "SELL", "hash": "024e5228c7d8675b2d6858fd09f145efe16a7bbe", "best_bid": "0.09", "best_ask": "0.19"}], "timestamp": "1769384575057", "event_type": "price_change"}}
{"_local_timestamp": "2026-01-25T23:42:55.483780+00:00", "data": {"market": "0x075644373ee9b10679b5d9c4133202c8f537206eeb456073f0147455ceb1ccfb", "price_changes": [{"asset_id": "52615588191460470438968831832569300660020698058311540467884028012774443701200", "price": "0.15", "size": "200", "side": "BUY", "hash": "093eb5f99c386d018dc5722b21fd705c9e561f9e", "best_bid": "0.81", "best_ask": "0.91"}, {"asset_id": "96286079885758953696615284399030269817415728790134813853112424523816811502470", "price": "0.85", "size": "200", "side": "SELL", "hash": "1a67a9d4dc38a1a6d72b91d07d8c25032bd48c2d", "best_bid": "0.09", "best_ask": "0.19"}], "timestamp": "1769384575339", "event_type": "price_change"}}
{"_local_timestamp": "2026-01-25T23:43:12.348729+00:00", "data": {"market": "0x075644373ee9b10679b5d9c4133202c8f537206eeb456073f0147455ceb1ccfb", "price_changes": [{"asset_id": "52615588191460470438968831832569300660020698058311540467884028012774443701200", "price": "0.14", "size": "0", "side": "BUY", "hash": "6878a72bf343f8e9ee96d3dd60d9d271429d753d", "best_bid": "0.81", "best_ask": "0.91"}, {"asset_id": "96286079885758953696615284399030269817415728790134813853112424523816811502470", "price": "0.86", "size": "0", "side": "SELL", "hash": "9f315063a024832bb0659f0335a7a16ad9bee5dc", "best_bid": "0.09", "best_ask": "0.19"}], "timestamp": "1769384592214", "event_type": "price_change"}}
{"_local_timestamp": "2026-01-25T23:43:12.577223+00:00", "data": {"market": "0x075644373ee9b10679b5d9c4133202c8f537206eeb456073f0147455ceb1ccfb", "price_changes": [{"asset_id": "52615588191460470438968831832569300660020698058311540467884028012774443701200", "price": "0.15", "size": "300", "side": "BUY", "hash": "ec8a27b4e7fcab9e8e9da04fadf39c4cbd5f39b4", "best_bid": "0.81", "best_ask": "0.91"}, {"asset_id": "96286079885758953696615284399030269817415728790134813853112424523816811502470", "price": "0.85", "size": "300", "side": "SELL", "hash": "a4fbadf30cda867750e901f8af2f7c060b223f6d", "best_bid": "0.09", "best_ask": "0.19"}], "timestamp": "1769384592455", "event_type": "price_change"}}
{"_local_timestamp": "2026-01-25T23:43:14.056553+00:00", "data": {"market": "0x075644373ee9b10679b5d9c4133202c8f537206eeb456073f0147455ceb1ccfb", "price_changes": [{"asset_id": "52615588191460470438968831832569300660020698058311540467884028012774443701200", "price": "0.1", "size": "606.3", "side": "BUY", "hash": "c4fe2f500bf406dd98d318071be56761a8a6916d", "best_bid": "0.81", "best_ask": "0.91"}, {"asset_id": "96286079885758953696615284399030269817415728790134813853112424523816811502470", "price": "0.9", "size": "606.3", "side": "SELL", "hash": "56af62e8f537a5b2830d2679b0b0e1b6c8a02129", "best_bid": "0.09", "best_ask": "0.19"}], "timestamp": "1769384593932", "event_type": "price_change"}}
{"_local_timestamp": "2026-01-25T23:43:14.361090+00:00", "data": {"market": "0x075644373ee9b10679b5d9c4133202c8f537206eeb456073f0147455ceb1ccfb", "price_changes": [{"asset_id": "52615588191460470438968831832569300660020698058311540467884028012774443701200", "price": "0.11", "size": "4257.32", "side": "BUY", "hash": "44b5452be04d1731538aaff8084241615554aed2", "best_bid": "0.81", "best_ask": "0.91"}, {"asset_id": "96286079885758953696615284399030269817415728790134813853112424523816811502470", "price": "0.89", "size": "4257.32", "side": "SELL", "hash": "fa0dfb2cafc64dcb722de5845e95160822d6b642", "best_bid": "0.09", "best_ask": "0.19"}], "timestamp": "1769384594238", "event_type": "price_change"}}
{"_local_timestamp": "2026-01-25T23:43:15.565209+00:00", "data": {"market": "0x075644373ee9b10679b5d9c4133202c8f537206eeb456073f0147455ceb1ccfb", "price_changes": [{"asset_id": "52615588191460470438968831832569300660020698058311540467884028012774443701200", "price": "0.1", "size": "206.3", "side": "BUY", "hash": "3ea119d61439dec82d87d446c1d9411158e646c4", "best_bid": "0.81", "best_ask": "0.91"}, {"asset_id": "96286079885758953696615284399030269817415728790134813853112424523816811502470", "price": "0.9", "size": "206.3", "side": "SELL", "hash": "f5b7793152f97da7226ae631271434ea1f2ddd27", "best_bid": "0.09", "best_ask": "0.19"}], "timestamp": "1769384595447", "event_type": "price_change"}}
{"_local_timestamp": "2026-01-25T23:43:15.577889+00:00", "data": {"market": "0x075644373ee9b10679b5d9c4133202c8f537206eeb456073f0147455ceb1ccfb", "price_changes": [{"asset_id": "52615588191460470438968831832569300660020698058311540467884028012774443701200", "price": "0.15", "size": "100", "side": "BUY", "hash": "3ea119d61439dec82d87d446c1d9411158e646c4", "best_bid": "0.81", "best_ask": "0.91"}, {"asset_id": "96286079885758953696615284399030269817415728790134813853112424523816811502470", "price": "0.85", "size": "100", "side": "SELL", "hash": "f5b7793152f97da7226ae631271434ea1f2ddd27", "best_bid": "0.09", "best_ask": "0.19"}], "timestamp": "1769384595447", "event_type": "price_change"}}
{"_local_timestamp": "2026-01-25T23:43:15.684835+00:00", "data": {"market": "0x075644373ee9b10679b5d9c4133202c8f537206eeb456073f0147455ceb1ccfb", "price_changes": [{"asset_id": "52615588191460470438968831832569300660020698058311540467884028012774443701200", "price": "0.08", "size": "1997.11", "side": "BUY", "hash": "dd686f624f41416ef6fbe80e44c69ef140994653", "best_bid": "0.81", "best_ask": "0.91"}, {"asset_id": "96286079885758953696615284399030269817415728790134813853112424523816811502470", "price": "0.92", "size": "1997.11", "side": "SELL", "hash": "25530a68215c6238a1368e84bf7c71f6a54c5346", "best_bid": "0.09", "best_ask": "0.19"}], "timestamp": "1769384595574", "event_type": "price_change"}}
{"_local_timestamp": "2026-01-25T23:43:15.716798+00:00", "data": {"market": "0x075644373ee9b10679b5d9c4133202c8f537206eeb456073f0147455ceb1ccfb", "price_changes": [{"asset_id": "52615588191460470438968831832569300660020698058311540467884028012774443701200", "price": "0.08", "size": "2887.22", "side": "BUY", "hash": "33f7803e083ccdd7e2f05436ef522957de19ce27", "best_bid": "0.81", "best_ask": "0.91"}, {"asset_id": "96286079885758953696615284399030269817415728790134813853112424523816811502470", "price": "0.92", "size": "2887.22", "side": "SELL", "hash": "6c70d7ee5c7b20c856564690eb3b67981544f4b7", "best_bid": "0.09", "best_ask": "0.19"}], "timestamp": "1769384595608", "event_type": "price_change"}}
{"_local_timestamp": "2026-01-25T23:43:15.718021+00:00", "data": {"market": "0x075644373ee9b10679b5d9c4133202c8f537206eeb456073f0147455ceb1ccfb", "price_changes": [{"asset_id": "52615588191460470438968831832569300660020698058311540467884028012774443701200", "price": "0.08", "size": "4157.32", "side": "BUY", "hash": "54cddd364d20ac8030f9e9fe52941d9f04c36a56", "best_bid": "0.81", "best_ask": "0.91"}, {"asset_id": "96286079885758953696615284399030269817415728790134813853112424523816811502470", "price": "0.92", "size": "4157.32", "side": "SELL", "hash": "f14abf3808f3837c994ce2f4484c8469f843eedb", "best_bid": "0.09", "best_ask": "0.19"}], "timestamp": "1769384595608", "event_type": "price_change"}}
{"_local_timestamp": "2026-01-25T23:43:15.912746+00:00", "data": {"market": "0x075644373ee9b10679b5d9c4133202c8f537206eeb456073f0147455ceb1ccfb", "price_changes": [{"asset_id": "52615588191460470438968831832569300660020698058311540467884028012774443701200", "price": "0.14", "size": "200", "side": "BUY", "hash": "aeefc62be0bd54db7019a44e8967cfd35098fea9", "best_bid": "0.81", "best_ask": "0.91"}, {"asset_id": "96286079885758953696615284399030269817415728790134813853112424523816811502470", "price": "0.86", "size": "200", "side": "SELL", "hash": "ee6537d4e4fa177fdb82eb92a42ec817c736ae6e", "best_bid": "0.09", "best_ask": "0.19"}], "timestamp": "1769384595782", "event_type": "price_change"}}
{"_local_timestamp": "2026-01-25T23:43:15.919078+00:00", "data": {"market": "0x075644373ee9b10679b5d9c4133202c8f537206eeb456073f0147455ceb1ccfb", "price_changes": [{"asset_id": "52615588191460470438968831832569300660020698058311540467884028012774443701200", "price": "0.11", "size": "4657.32", "side": "BUY", "hash": "eb1e39065d743eef2cb7aa339db66df31864f48f", "best_bid": "0.81", "best_ask": "0.91"}, {"asset_id": "96286079885758953696615284399030269817415728790134813853112424523816811502470", "price": "0.89", "size": "4657.32", "side": "SELL", "hash": "5abfa2f55399a9f2fe11d3aa152bd627491e0c72", "best_bid": "0.09", "best_ask": "0.19"}], "timestamp": "1769384595787", "event_type": "price_change"}}
{"_local_timestamp": "2026-01-25T23:43:16.040730+00:00", "data": {"market": "0x075644373ee9b10679b5d9c4133202c8f537206eeb456073f0147455ceb1ccfb", "price_changes": [{"asset_id": "52615588191460470438968831832569300660020698058311540467884028012774443701200", "price": "0.1", "size": "106.3", "side": "BUY", "hash": "23c095ee7dce14ebcd4d8ba63c108c19d4273723", "best_bid": "0.81", "best_ask": "0.91"}, {"asset_id": "96286079885758953696615284399030269817415728790134813853112424523816811502470", "price": "0.9", "size": "106.3", "side": "SELL", "hash": "c11a40e7e4588247c86b4b9f524bdaf7ed0f6755", "best_bid": "0.09", "best_ask": "0.19"}], "timestamp": "1769384595915", "event_type": "price_change"}}
{"_local_timestamp": "2026-01-25T23:43:16.432597+00:00", "data": {"market": "0x075644373ee9b10679b5d9c4133202c8f537206eeb456073f0147455ceb1ccfb", "price_changes": [{"asset_id": "52615588191460470438968831832569300660020698058311540467884028012774443701200", "price": "0.11", "size": "4757.32", "side": "BUY", "hash": "f9b7c37341fb03bc13a18f2407086bcda54a9903", "best_bid": "0.81", "best_ask": "0.91"}, {"asset_id": "96286079885758953696615284399030269817415728790134813853112424523816811502470", "price": "0.89", "size": "4757.32", "side": "SELL", "hash": "42dd5da672a4ce4ec3b7014d94356bc22b3ca95f", "best_bid": "0.09", "best_ask": "0.19"}], "timestamp": "1769384596295", "event_type": "price_change"}}
{"_local_timestamp": "2026-01-25T23:43:18.543880+00:00", "data": {"market": "0x075644373ee9b10679b5d9c4133202c8f537206eeb456073f0147455ceb1ccfb", "price_changes": [{"asset_id": "52615588191460470438968831832569300660020698058311540467884028012774443701200", "price": "0.1", "size": "6.3", "side": "BUY", "hash": "fa34e1ad86f3c11a9f99d78f699c8ee499806d3e", "best_bid": "0.81", "best_ask": "0.91"}, {"asset_id": "96286079885758953696615284399030269817415728790134813853112424523816811502470", "price": "0.9", "size": "6.3", "side": "SELL", "hash": "cd002c963d112006d63402dcc28b27f929e905a4", "best_bid": "0.09", "best_ask": "0.19"}], "timestamp": "1769384598434", "event_type": "price_change"}}
{"_local_timestamp": "2026-01-25T23:43:18.639579+00:00", "data": {"market": "0x075644373ee9b10679b5d9c4133202c8f537206eeb456073f0147455ceb1ccfb", "price_changes": [{"asset_id": "52615588191460470438968831832569300660020698058311540467884028012774443701200", "price": "0.11", "size": "600", "side": "BUY", "hash": "ad9e92cbf763420c06b14f950ad9c1fbd5db856a", "best_bid": "0.81", "best_ask": "0.91"}, {"asset_id": "96286079885758953696615284399030269817415728790134813853112424523816811502470", "price": "0.89", "size": "600", "side": "SELL", "hash": "10f6fd0df1919c33c48ca1ca5fbb213646643ee7", "best_bid": "0.09", "best_ask": "0.19"}], "timestamp": "1769384598533", "event_type": "price_change"}}
{"_local_timestamp": "2026-01-25T23:43:18.732744+00:00", "data": {"market": "0x075644373ee9b10679b5d9c4133202c8f537206eeb456073f0147455ceb1ccfb", "price_changes": [{"asset_id": "52615588191460470438968831832569300660020698058311540467884028012774443701200", "price": "0.12", "size": "890.11", "side": "BUY", "hash": "9b9260bec26e9eeaac430701d0a89fac4b26c0b8", "best_bid": "0.81", "best_ask": "0.91"}, {"asset_id": "96286079885758953696615284399030269817415728790134813853112424523816811502470", "price": "0.88", "size": "890.11", "side": "SELL", "hash": "fcd8553ab9e46ee5c1641a40d4594a3320004774", "best_bid": "0.09", "best_ask": "0.19"}], "timestamp": "1769384598627", "event_type": "price_change"}}
{"_local_timestamp": "2026-01-25T23:43:18.775705+00:00", "data": {"market": "0x075644373ee9b10679b5d9c4133202c8f537206eeb456073f0147455ceb1ccfb", "price_changes": [{"asset_id": "52615588191460470438968831832569300660020698058311540467884028012774443701200", "price": "0.12", "size": "2160.21", "side": "BUY", "hash": "5434ab10e679cb5fd4944ec5ae31458d299987ba", "best_bid": "0.81", "best_ask": "0.91"}, {"asset_id": "96286079885758953696615284399030269817415728790134813853112424523816811502470", "price": "0.88", "size": "2160.21", "side": "SELL", "hash": "2fd026e3a8369d0d7c165ae79fc4a37778723de9", "best_bid": "0.09", "best_ask": "0.19"}], "timestamp": "1769384598667", "event_type": "price_change"}}
{"_local_timestamp": "2026-01-25T23:43:18.783672+00:00", "data": {"market": "0x075644373ee9b10679b5d9c4133202c8f537206eeb456073f0147455ceb1ccfb", "price_changes": [{"asset_id": "52615588191460470438968831832569300660020698058311540467884028012774443701200", "price": "0.12", "size": "4157.32", "side": "BUY", "hash": "ce4b12889aaa6509e6fb0eaf03f1c5b1f272cea7", "best_bid": "0.81", "best_ask": "0.91"}, {"asset_id": "96286079885758953696615284399030269817415728790134813853112424523816811502470", "price": "0.88", "size": "4157.32", "side": "SELL", "hash": "9eb04453d9dea2ed2a6fdddab715d9943e476199", "best_bid": "0.09", "best_ask": "0.19"}], "timestamp": "1769384598668", "event_type": "price_change"}}
{"_local_timestamp": "2026-01-25T23:43:18.876544+00:00", "data": {"market": "0x075644373ee9b10679b5d9c4133202c8f537206eeb456073f0147455ceb1ccfb", "price_changes": [{"asset_id": "52615588191460470438968831832569300660020698058311540467884028012774443701200", "price": "0.11", "size": "700", "side": "BUY", "hash": "c64f69a65df14ab6d37229dd188f01b4a69a0f21", "best_bid": "0.81", "best_ask": "0.91"}, {"asset_id": "96286079885758953696615284399030269817415728790134813853112424523816811502470", "price": "0.89", "size": "700", "side": "SELL", "hash": "a992a3322319ec9598b9a967702fdab98b309be0", "best_bid": "0.09", "best_ask": "0.19"}], "timestamp": "1769384598771", "event_type": "price_change"}}
{"_local_timestamp": "2026-01-25T23:43:23.957185+00:00", "data": {"market": "0x075644373ee9b10679b5d9c4133202c8f537206eeb456073f0147455ceb1ccfb", "price_changes": [{"asset_id": "52615588191460470438968831832569300660020698058311540467884028012774443701200", "price": "0.15", "size": "0", "side": "BUY", "hash": "b3700ce20ad015a78447fd60ef4b958523a6ed74", "best_bid": "0.81", "best_ask": "0.91"}, {"asset_id": "96286079885758953696615284399030269817415728790134813853112424523816811502470", "price": "0.85", "size": "0", "side": "SELL", "hash": "c0a97872435c5de934bd53f4914b338e109f9bc5", "best_bid": "0.09", "best_ask": "0.19"}], "timestamp": "1769384603840", "event_type": "price_change"}}
{"_local_timestamp": "2026-01-25T23:43:24.075905+00:00", "data": {"market": "0x075644373ee9b10679b5d9c4133202c8f537206eeb456073f0147455ceb1ccfb", "price_changes": [{"asset_id": "52615588191460470438968831832569300660020698058311540467884028012774443701200", "price": "0.08", "size": "0", "side": "BUY", "hash": "e6222649eee2a1aad0d3c2d5784cbb5c3b5ee838", "best_bid": "0.81", "best_ask": "0.91"}, {"asset_id": "96286079885758953696615284399030269817415728790134813853112424523816811502470", "price": "0.92", "size": "0", "side": "SELL", "hash": "86ac6a0ff7c32306ac609d275ef740e0ed33f9f1", "best_bid": "0.09", "best_ask": "0.19"}], "timestamp": "1769384603957", "event_type": "price_change"}}
{"_local_timestamp": "2026-01-25T23:43:24.177654+00:00", "data": {"market": "0x075644373ee9b10679b5d9c4133202c8f537206eeb456073f0147455ceb1ccfb", "price_changes": [{"asset_id": "52615588191460470438968831832569300660020698058311540467884028012774443701200", "price": "0.14", "size": "300", "side": "BUY", "hash": "23a99354e9bab3cea273277df569139d342ac1fe", "best_bid": "0.81", "best_ask": "0.91"}, {"asset_id": "96286079885758953696615284399030269817415728790134813853112424523816811502470", "price": "0.86", "size": "300", "side": "SELL", "hash": "51cefb09168ce539e0fabf75d1525975c15cbd31", "best_bid": "0.09", "best_ask": "0.19"}], "timestamp": "1769384604066", "event_type": "price_change"}}
{"_local_timestamp": "2026-01-25T23:43:38.170064+00:00", "data": {"market": "0x075644373ee9b10679b5d9c4133202c8f537206eeb456073f0147455ceb1ccfb", "price_changes": [{"asset_id": "52615588191460470438968831832569300660020698058311540467884028012774443701200", "price": "0.14", "size": "100", "side": "BUY", "hash": "120376d3a0e6da43ded8099078bd3da29e9f40a6", "best_bid": "0.81", "best_ask": "0.91"}, {"asset_id": "96286079885758953696615284399030269817415728790134813853112424523816811502470", "price": "0.86", "size": "100", "side": "SELL", "hash": "5ca0f6c1b0dc7f6f22cdf0d04745c3bd986553bd", "best_bid": "0.09", "best_ask": "0.19"}], "timestamp": "1769384618105", "event_type": "price_change"}}
{"_local_timestamp": "2026-01-25T23:43:38.171062+00:00", "data": {"market": "0x075644373ee9b10679b5d9c4133202c8f537206eeb456073f0147455ceb1ccfb", "price_changes": [{"asset_id": "52615588191460470438968831832569300660020698058311540467884028012774443701200", "price": "0.11", "size": "300", "side": "BUY", "hash": "120376d3a0e6da43ded8099078bd3da29e9f40a6", "best_bid": "0.81", "best_ask": "0.91"}, {"asset_id": "96286079885758953696615284399030269817415728790134813853112424523816811502470", "price": "0.89", "size": "300", "side": "SELL", "hash": "5ca0f6c1b0dc7f6f22cdf0d04745c3bd986553bd", "best_bid": "0.09", "best_ask": "0.19"}], "timestamp": "1769384618105", "event_type": "price_change"}}
{"_local_timestamp": "2026-01-25T23:43:38.294490+00:00", "data": {"market": "0x075644373ee9b10679b5d9c4133202c8f537206eeb456073f0147455ceb1ccfb", "price_changes": [{"asset_id": "52615588191460470438968831832569300660020698058311540467884028012774443701200", "price": "0.08", "size": "1270.1", "side": "BUY", "hash": "e9d4633265047e86bec27396bf0138ab4feb43f7", "best_bid": "0.81", "best_ask": "0.91"}, {"asset_id": "96286079885758953696615284399030269817415728790134813853112424523816811502470", "price": "0.92", "size": "1270.1", "side": "SELL", "hash": "7f1496a4f4d9c67ad824efe7d99e6decb8ff3997", "best_bid": "0.09", "best_ask": "0.19"}], "timestamp": "1769384618225", "event_type": "price_change"}}
{"_local_timestamp": "2026-01-25T23:43:38.334767+00:00", "data": {"market": "0x075644373ee9b10679b5d9c4133202c8f537206eeb456073f0147455ceb1ccfb", "price_changes": [{"asset_id": "52615588191460470438968831832569300660020698058311540467884028012774443701200", "price": "0.08", "size": "2160.21", "side": "BUY", "hash": "acc98dce59f6f7c482743b328c484f64dce3e7f0", "best_bid": "0.81", "best_ask": "0.91"}, {"asset_id": "96286079885758953696615284399030269817415728790134813853112424523816811502470", "price": "0.92", "size": "2160.21", "side": "SELL", "hash": "2771e89dccced42e012f80a87a3997c8095b705b", "best_bid": "0.09", "best_ask": "0.19"}], "timestamp": "1769384618259", "event_type": "price_change"}}
{"_local_timestamp": "2026-01-25T23:43:38.335828+00:00", "data": {"market": "0x075644373ee9b10679b5d9c4133202c8f537206eeb456073f0147455ceb1ccfb", "price_changes": [{"asset_id": "52615588191460470438968831832569300660020698058311540467884028012774443701200", "price": "0.08", "size": "4157.32", "side": "BUY", "hash": "d5b66cc9d6c25292a2c0c3bb7f448cee3cf5d544", "best_bid": "0.81", "best_ask": "0.91"}, {"asset_id": "96286079885758953696615284399030269817415728790134813853112424523816811502470", "price": "0.92", "size": "4157.32", "side": "SELL", "hash": "61dcb681e09565279e34e7fc75c82b1b4fa3f76f", "best_bid": "0.09", "best_ask": "0.19"}], "timestamp": "1769384618260", "event_type": "price_change"}}
{"_local_timestamp": "2026-01-25T23:43:38.467319+00:00", "data": {"market": "0x075644373ee9b10679b5d9c4133202c8f537206eeb456073f0147455ceb1ccfb", "price_changes": [{"asset_id": "52615588191460470438968831832569300660020698058311540467884028012774443701200", "price": "0.12", "size": "4557.32", "side": "BUY", "hash": "4f65010f96873f45aadb0387c3fffaa505c59191", "best_bid": "0.81", "best_ask": "0.91"}, {"asset_id": "96286079885758953696615284399030269817415728790134813853112424523816811502470", "price": "0.88", "size": "4557.32", "side": "SELL", "hash": "bc6345bdfa654699a4b2425d55e5cb974e6e453e", "best_bid": "0.09", "best_ask": "0.19"}], "timestamp": "1769384618389", "event_type": "price_change"}}
{"_local_timestamp": "2026-01-25T23:43:38.468346+00:00", "data": {"market": "0x075644373ee9b10679b5d9c4133202c8f537206eeb456073f0147455ceb1ccfb", "price_changes": [{"asset_id": "52615588191460470438968831832569300660020698058311540467884028012774443701200", "price": "0.15", "size": "200", "side": "BUY", "hash": "9d1e0d15916d57533c1db0c4a6f030c6e87b97a9", "best_bid": "0.81", "best_ask": "0.91"}, {"asset_id": "96286079885758953696615284399030269817415728790134813853112424523816811502470", "price": "0.85", "size": "200", "side": "SELL", "hash": "173d37dac648466606af4b5f766f005efa23bb5e", "best_bid": "0.09", "best_ask": "0.19"}], "timestamp": "1769384618390", "event_type": "price_change"}}
{"_local_timestamp": "2026-01-25T23:43:44.747872+00:00", "data": {"market": "0x075644373ee9b10679b5d9c4133202c8f537206eeb456073f0147455ceb1ccfb", "price_changes": [{"asset_id": "52615588191460470438968831832569300660020698058311540467884028012774443701200", "price": "0.11", "size": "200", "side": "BUY", "hash": "351f2e3a1e8528ae4856fd90a1e737dcb2fad9fd", "best_bid": "0.81", "best_ask": "0.91"}, {"asset_id": "96286079885758953696615284399030269817415728790134813853112424523816811502470", "price": "0.89", "size": "200", "side": "SELL", "hash": "31e1db60d7683d04c6dec1b2c4ea86b6d24824d8", "best_bid": "0.09", "best_ask": "0.19"}], "timestamp": "1769384624678", "event_type": "price_change"}}
{"_local_timestamp": "2026-01-25T23:43:44.815974+00:00", "data": {"market": "0x075644373ee9b10679b5d9c4133202c8f537206eeb456073f0147455ceb1ccfb", "price_changes": [{"asset_id": "52615588191460470438968831832569300660020698058311540467884028012774443701200", "price": "0.12", "size": "400", "side": "BUY", "hash": "4d01f35ecd040dc1f64cd930bb3b3cd8ee9b3a33", "best_bid": "0.81", "best_ask": "0.91"}, {"asset_id": "96286079885758953696615284399030269817415728790134813853112424523816811502470", "price": "0.88", "size": "400", "side": "SELL", "hash": "73be5121f7d9ac301d02f79e8351aed53a22c0f9", "best_bid": "0.09", "best_ask": "0.19"}], "timestamp": "1769384624734", "event_type": "price_change"}}
{"_local_timestamp": "2026-01-25T23:43:45.030066+00:00", "data": {"market": "0x075644373ee9b10679b5d9c4133202c8f537206eeb456073f0147455ceb1ccfb", "price_changes": [{"asset_id": "52615588191460470438968831832569300660020698058311540467884028012774443701200", "price": "0.12", "size": "500", "side": "BUY", "hash": "72a68bf36520e88d13d88939ab30493af1f64989", "best_bid": "0.81", "best_ask": "0.91"}, {"asset_id": "96286079885758953696615284399030269817415728790134813853112424523816811502470", "price": "0.88", "size": "500", "side": "SELL", "hash": "f7776cbb376dfbf91897e0b34f797e8b5bb96cd3", "best_bid": "0.09", "best_ask": "0.19"}], "timestamp": "1769384624960", "event_type": "price_change"}}
{"_local_timestamp": "2026-01-25T23:43:47.811228+00:00", "data": {"market": "0x075644373ee9b10679b5d9c4133202c8f537206eeb456073f0147455ceb1ccfb", "price_changes": [{"asset_id": "52615588191460470438968831832569300660020698058311540467884028012774443701200", "price": "0.11", "size": "100", "side": "BUY", "hash": "d9e588b16bf70a9bdc23ebe32907bccbf907fef1", "best_bid": "0.81", "best_ask": "0.91"}, {"asset_id": "96286079885758953696615284399030269817415728790134813853112424523816811502470", "price": "0.89", "size": "100", "side": "SELL", "hash": "4a00d30c36c68faea6675fdaa0f7c1c7a4fe6e96", "best_bid": "0.09", "best_ask": "0.19"}], "timestamp": "1769384627727", "event_type": "price_change"}}
{"_local_timestamp": "2026-01-25T23:43:48.115117+00:00", "data": {"market": "0x075644373ee9b10679b5d9c4133202c8f537206eeb456073f0147455ceb1ccfb", "price_changes": [{"asset_id": "52615588191460470438968831832569300660020698058311540467884028012774443701200", "price": "0.12", "size": "600", "side": "BUY", "hash": "38abe8e357992e90609814fd8a1a377bc3ce1041", "best_bid": "0.81", "best_ask": "0.91"}, {"asset_id": "96286079885758953696615284399030269817415728790134813853112424523816811502470", "price": "0.88", "size": "600", "side": "SELL", "hash": "c8ddb750f1ebb6ab6c5b2290c6a2ca3745f3f5ba", "best_bid": "0.09", "best_ask": "0.19"}], "timestamp": "1769384628034", "event_type": "price_change"}}
{"_local_timestamp": "2026-01-25T23:43:48.193855+00:00", "data": {"market": "0x075644373ee9b10679b5d9c4133202c8f537206eeb456073f0147455ceb1ccfb", "price_changes": [{"asset_id": "52615588191460470438968831832569300660020698058311540467884028012774443701200", "price": "0.13", "size": "1270.1", "side": "BUY", "hash": "c103476516399e7e728bca57df4f18a31b0c9479", "best_bid": "0.81", "best_ask": "0.91"}, {"asset_id": "96286079885758953696615284399030269817415728790134813853112424523816811502470", "price": "0.87", "size": "1270.1", "side": "SELL", "hash": "4f5e8b03b902479ab865fce25f8c8f7c9ad9ee82", "best_bid": "0.09", "best_ask": "0.19"}], "timestamp": "1769384628122", "event_type": "price_change"}}
{"_local_timestamp": "2026-01-25T23:43:48.194887+00:00", "data": {"market": "0x075644373ee9b10679b5d9c4133202c8f537206eeb456073f0147455ceb1ccfb", "price_changes": [{"asset_id": "52615588191460470438968831832569300660020698058311540467884028012774443701200", "price": "0.13", "size": "2160.21", "side": "BUY", "hash": "2c8340991fbb93547fbb4ff6c944e487575bc32a", "best_bid": "0.81", "best_ask": "0.91"}, {"asset_id": "96286079885758953696615284399030269817415728790134813853112424523816811502470", "price": "0.87", "size": "2160.21", "side": "SELL", "hash": "350dd6ddc3d105c23b1ae407fd3b62bbb4542e3d", "best_bid": "0.09", "best_ask": "0.19"}], "timestamp": "1769384628123", "event_type": "price_change"}}
{"_local_timestamp": "2026-01-25T23:43:48.269576+00:00", "data": {"market": "0x075644373ee9b10679b5d9c4133202c8f537206eeb456073f0147455ceb1ccfb", "price_changes": [{"asset_id": "52615588191460470438968831832569300660020698058311540467884028012774443701200", "price": "0.13", "size": "4157.32", "side": "BUY", "hash": "372a389d23c40b3b86add7136c99b521edc34f18", "best_bid": "0.81", "best_ask": "0.91"}, {"asset_id": "96286079885758953696615284399030269817415728790134813853112424523816811502470", "price": "0.87", "size": "4157.32", "side": "SELL", "hash": "332fe67eb9ea384666d6bb4d5435d825ccdb1d63", "best_bid": "0.09", "best_ask": "0.19"}], "timestamp": "1769384628198", "event_type": "price_change"}}
{"_local_timestamp": "2026-01-25T23:43:48.749172+00:00", "data": {"market": "0x075644373ee9b10679b5d9c4133202c8f537206eeb456073f0147455ceb1ccfb", "price_changes": [{"asset_id": "52615588191460470438968831832569300660020698058311540467884028012774443701200", "price": "0.14", "size": "0", "side": "BUY", "hash": "8fba3b2fa12ef637ed9d76d44519bbfc406b612f", "best_bid": "0.81", "best_ask": "0.91"}, {"asset_id": "96286079885758953696615284399030269817415728790134813853112424523816811502470", "price": "0.86", "size": "0", "side": "SELL", "hash": "71f73cfe938fb70bcf4b0c7cc541d0ed9db4660d", "best_bid": "0.09", "best_ask": "0.19"}], "timestamp": "1769384628680", "event_type": "price_change"}}
{"_local_timestamp": "2026-01-25T23:43:48.980352+00:00", "data": {"market": "0x075644373ee9b10679b5d9c4133202c8f537206eeb456073f0147455ceb1ccfb", "price_changes": [{"asset_id": "52615588191460470438968831832569300660020698058311540467884028012774443701200", "price": "0.15", "size": "300", "side": "BUY", "hash": "be925d2a5e071b57bb7f180043ece46f6b805cda", "best_bid": "0.81", "best_ask": "0.91"}, {"asset_id": "96286079885758953696615284399030269817415728790134813853112424523816811502470", "price": "0.85", "size": "300", "side": "SELL", "hash": "5355ee1738277383b2c336e091e39564b3e9ff0f", "best_bid": "0.09", "best_ask": "0.19"}], "timestamp": "1769384628915", "event_type": "price_change"}}
{"_local_timestamp": "2026-01-25T23:43:49.816498+00:00", "data": {"market": "0x075644373ee9b10679b5d9c4133202c8f537206eeb456073f0147455ceb1ccfb", "price_changes": [{"asset_id": "52615588191460470438968831832569300660020698058311540467884028012774443701200", "price": "0.11", "size": "0", "side": "BUY", "hash": "2a9a603f2810f2411cafd615ecacf55c1cb4598b", "best_bid": "0.81", "best_ask": "0.91"}, {"asset_id": "96286079885758953696615284399030269817415728790134813853112424523816811502470", "price": "0.89", "size": "0", "side": "SELL", "hash": "0dc36cbdf150140e6d3d618d90741ccf5be64274", "best_bid": "0.09", "best_ask": "0.19"}], "timestamp": "1769384629733", "event_type": "price_change"}}
{"_local_timestamp": "2026-01-25T23:43:50.525231+00:00", "data": {"market": "0x075644373ee9b10679b5d9c4133202c8f537206eeb456073f0147455ceb1ccfb", "price_changes": [{"asset_id": "52615588191460470438968831832569300660020698058311540467884028012774443701200", "price": "0.12", "size": "700", "side": "BUY", "hash": "804137e9c79a87a9b31f867279dce6ce41f51683", "best_bid": "0.81", "best_ask": "0.91"}, {"asset_id": "96286079885758953696615284399030269817415728790134813853112424523816811502470", "price": "0.88", "size": "700", "side": "SELL", "hash": "75527ddadf5db36c75f5960d40e4e95fb1cae225", "best_bid": "0.09", "best_ask": "0.19"}], "timestamp": "1769384630017", "event_type": "price_change"}}
{"_local_timestamp": "2026-01-25T23:44:01.573105+00:00", "data": {"market": "0x075644373ee9b10679b5d9c4133202c8f537206eeb456073f0147455ceb1ccfb", "price_changes": [{"asset_id": "52615588191460470438968831832569300660020698058311540467884028012774443701200", "price": "0.12", "size": "300", "side": "BUY", "hash": "f5201a84f42b58d4ecb12f8a2515589705e50e4d", "best_bid": "0.81", "best_ask": "0.91"}, {"asset_id": "96286079885758953696615284399030269817415728790134813853112424523816811502470", "price": "0.88", "size": "300", "side": "SELL", "hash": "86528cbdd079715c76bfdada9bf3c949b7684783", "best_bid": "0.09", "best_ask": "0.19"}], "timestamp": "1769384641441", "event_type": "price_change"}}
{"_local_timestamp": "2026-01-25T23:44:01.574253+00:00", "data": {"market": "0x075644373ee9b10679b5d9c4133202c8f537206eeb456073f0147455ceb1ccfb", "price_changes": [{"asset_id": "52615588191460470438968831832569300660020698058311540467884028012774443701200", "price": "0.15", "size": "100", "side": "BUY", "hash": "f5201a84f42b58d4ecb12f8a2515589705e50e4d", "best_bid": "0.81", "best_ask": "0.91"}, {"asset_id": "96286079885758953696615284399030269817415728790134813853112424523816811502470", "price": "0.85", "size": "100", "side": "SELL", "hash": "86528cbdd079715c76bfdada9bf3c949b7684783", "best_bid": "0.09", "best_ask": "0.19"}], "timestamp": "1769384641441", "event_type": "price_change"}}
{"_local_timestamp": "2026-01-25T23:44:01.867004+00:00", "data": {"market": "0x075644373ee9b10679b5d9c4133202c8f537206eeb456073f0147455ceb1ccfb", "price_changes": [{"asset_id": "52615588191460470438968831832569300660020698058311540467884028012774443701200", "price": "0.08", "size": "4557.32", "side": "BUY", "hash": "a6de615a3194895a460de7f40d6b52927115ad5a", "best_bid": "0.81", "best_ask": "0.91"}, {"asset_id": "96286079885758953696615284399030269817415728790134813853112424523816811502470", "price": "0.92", "size": "4557.32", "side": "SELL", "hash": "dc35fd556b7fe56696f8012838b3aca92ce93740", "best_bid": "0.09", "best_ask": "0.19"}], "timestamp": "1769384641728", "event_type": "price_change"}}
{"_local_timestamp": "2026-01-25T23:44:01.868071+00:00", "data": {"market": "0x075644373ee9b10679b5d9c4133202c8f537206eeb456073f0147455ceb1ccfb", "price_changes": [{"asset_id": "52615588191460470438968831832569300660020698058311540467884028012774443701200", "price": "0.14", "size": "200", "side": "BUY", "hash": "0af0516cfbab2fbfce970c1dcec0cddce62a305b", "best_bid": "0.81", "best_ask": "0.91"}, {"asset_id": "96286079885758953696615284399030269817415728790134813853112424523816811502470", "price": "0.86", "size": "200", "side": "SELL", "hash": "5091ee8321804c490ecb17851c3ce09f401052b6", "best_bid": "0.09", "best_ask": "0.19"}], "timestamp": "1769384641729", "event_type": "price_change"}}
{"_local_timestamp": "2026-01-25T23:44:06.352911+00:00", "data": {"market": "0x075644373ee9b10679b5d9c4133202c8f537206eeb456073f0147455ceb1ccfb", "price_changes": [{"asset_id": "52615588191460470438968831832569300660020698058311540467884028012774443701200", "price": "0.12", "size": "200", "side": "BUY", "hash": "768bbb339de3ab499649f8d02ef8dfdfd9b135a3", "best_bid": "0.81", "best_ask": "0.91"}, {"asset_id": "96286079885758953696615284399030269817415728790134813853112424523816811502470", "price": "0.88", "size": "200", "side": "SELL", "hash": "512c1ca8112dab930be4cabe2235cab248aae9c5", "best_bid": "0.09", "best_ask": "0.19"}], "timestamp": "1769384646223", "event_type": "price_change"}}
{"_local_timestamp": "2026-01-25T23:44:06.569870+00:00", "data": {"market": "0x075644373ee9b10679b5d9c4133202c8f537206eeb456073f0147455ceb1ccfb", "price_changes": [{"asset_id": "52615588191460470438968831832569300660020698058311540467884028012774443701200", "price": "0.13", "size": "0", "side": "BUY", "hash": "c826958f2229e51878a6c80e98ce65e854ffd3d3", "best_bid": "0.81", "best_ask": "0.91"}, {"asset_id": "96286079885758953696615284399030269817415728790134813853112424523816811502470", "price": "0.87", "size": "0", "side": "SELL", "hash": "30eefc656030438e7f5cfede7cb3131da7e1b11f", "best_bid": "0.09", "best_ask": "0.19"}], "timestamp": "1769384646442", "event_type": "price_change"}}
{"_local_timestamp": "2026-01-25T23:44:06.635833+00:00", "data": {"market": "0x075644373ee9b10679b5d9c4133202c8f537206eeb456073f0147455ceb1ccfb", "price_changes": [{"asset_id": "52615588191460470438968831832569300660020698058311540467884028012774443701200", "price": "0.13", "size": "100", "side": "BUY", "hash": "5ddf7a8d017355e75238dbfdd5ef67014e6c1d6e", "best_bid": "0.81", "best_ask": "0.91"}, {"asset_id": "96286079885758953696615284399030269817415728790134813853112424523816811502470", "price": "0.87", "size": "100", "side": "SELL", "hash": "cab6a1430c4e3f1bea8414d606587609ec38c505", "best_bid": "0.09", "best_ask": "0.19"}], "timestamp": "1769384646504", "event_type": "price_change"}}
{"_local_timestamp": "2026-01-25T23:44:12.331776+00:00", "data": {"market": "0x075644373ee9b10679b5d9c4133202c8f537206eeb456073f0147455ceb1ccfb", "price_changes": [{"asset_id": "52615588191460470438968831832569300660020698058311540467884028012774443701200", "price": "0.15", "size": "0", "side": "BUY", "hash": "007d15ff339381cbb9b16219216236523b4a1e98", "best_bid": "0.81", "best_ask": "0.91"}, {"asset_id": "96286079885758953696615284399030269817415728790134813853112424523816811502470", "price": "0.85", "size": "0", "side": "SELL", "hash": "96a6e37d2c0604a023b68d04c3fb0fdb8683d608", "best_bid": "0.09", "best_ask": "0.19"}], "timestamp": "1769384652190", "event_type": "price_change"}}
{"_local_timestamp": "2026-01-25T23:44:12.592429+00:00", "data": {"market": "0x075644373ee9b10679b5d9c4133202c8f537206eeb456073f0147455ceb1ccfb", "price_changes": [{"asset_id": "52615588191460470438968831832569300660020698058311540467884028012774443701200", "price": "0.14", "size": "300", "side": "BUY", "hash": "9e76f16f76a358fe2618a67789215c443bc292f6", "best_bid": "0.81", "best_ask": "0.91"}, {"asset_id": "96286079885758953696615284399030269817415728790134813853112424523816811502470", "price": "0.86", "size": "300", "side": "SELL", "hash": "b8945282675a62861a597e4a2a8ce78d28d816fc", "best_bid": "0.09", "best_ask": "0.19"}], "timestamp": "1769384652446", "event_type": "price_change"}}
{"_local_timestamp": "2026-01-25T23:44:18.085418+00:00", "data": {"market": "0x075644373ee9b10679b5d9c4133202c8f537206eeb456073f0147455ceb1ccfb", "price_changes": [{"asset_id": "52615588191460470438968831832569300660020698058311540467884028012774443701200", "price": "0.12", "size": "100", "side": "BUY", "hash": "8dc334338fd418e3fffc538f2098f22835e545c2", "best_bid": "0.81", "best_ask": "0.91"}, {"asset_id": "96286079885758953696615284399030269817415728790134813853112424523816811502470", "price": "0.88", "size": "100", "side": "SELL", "hash": "1968f34756c943bc12bb09948b5f221f4c691e9c", "best_bid": "0.09", "best_ask": "0.19"}], "timestamp": "1769384658002", "event_type": "price_change"}}
{"_local_timestamp": "2026-01-25T23:44:18.368195+00:00", "data": {"market": "0x075644373ee9b10679b5d9c4133202c8f537206eeb456073f0147455ceb1ccfb", "price_changes": [{"asset_id": "52615588191460470438968831832569300660020698058311540467884028012774443701200", "price": "0.13", "size": "200", "side": "BUY", "hash": "bf642802b5fb6469f124014685ddc1ec1d8b7b52", "best_bid": "0.81", "best_ask": "0.91"}, {"asset_id": "96286079885758953696615284399030269817415728790134813853112424523816811502470", "price": "0.87", "size": "200", "side": "SELL", "hash": "773e822b04dbe311f0488c9f9d4a6180e1b791e1", "best_bid": "0.09", "best_ask": "0.19"}], "timestamp": "1769384658299", "event_type": "price_change"}}
{"_local_timestamp": "2026-01-25T23:44:23.119217+00:00", "data": {"market": "0x075644373ee9b10679b5d9c4133202c8f537206eeb456073f0147455ceb1ccfb", "price_changes": [{"asset_id": "52615588191460470438968831832569300660020698058311540467884028012774443701200", "price": "0.14", "size": "100", "side": "BUY", "hash": "53967d5080be9b4a2ffbd36c0fa025f31590a637", "best_bid": "0.81", "best_ask": "0.91"}, {"asset_id": "96286079885758953696615284399030269817415728790134813853112424523816811502470", "price": "0.86", "size": "100", "side": "SELL", "hash": "6ce614b920bb932984eb464b3955252f7b13fc08", "best_bid": "0.09", "best_ask": "0.19"}], "timestamp": "1769384662997", "event_type": "price_change"}}
{"_local_timestamp": "2026-01-25T23:44:23.358099+00:00", "data": {"market": "0x075644373ee9b10679b5d9c4133202c8f537206eeb456073f0147455ceb1ccfb", "price_changes": [{"asset_id": "52615588191460470438968831832569300660020698058311540467884028012774443701200", "price": "0.15", "size": "200", "side": "BUY", "hash": "29e02b60bfd5a88ee38f7b000ee53fc819ef6d11", "best_bid": "0.81", "best_ask": "0.91"}, {"asset_id": "96286079885758953696615284399030269817415728790134813853112424523816811502470", "price": "0.85", "size": "200", "side": "SELL", "hash": "2af27f21da3823b33fae84190da740f2a7ea6742", "best_bid": "0.09", "best_ask": "0.19"}], "timestamp": "1769384663276", "event_type": "price_change"}}
{"_local_timestamp": "2026-01-25T23:44:23.461003+00:00", "data": {"market": "0x075644373ee9b10679b5d9c4133202c8f537206eeb456073f0147455ceb1ccfb", "price_changes": [{"asset_id": "52615588191460470438968831832569300660020698058311540467884028012774443701200", "price": "0.12", "size": "0", "side": "BUY", "hash": "03c14cf7b90282f38207cd28f6dd1e84bfa6a1d1", "best_bid": "0.81", "best_ask": "0.91"}, {"asset_id": "96286079885758953696615284399030269817415728790134813853112424523816811502470", "price": "0.88", "size": "0", "side": "SELL", "hash": "3d36814e54810223f06537c5991509c3acbf9e40", "best_bid": "0.09", "best_ask": "0.19"}], "timestamp": "1769384663390", "event_type": "price_change"}}
{"_local_timestamp": "2026-01-25T23:44:23.734599+00:00", "data": {"market": "0x075644373ee9b10679b5d9c4133202c8f537206eeb456073f0147455ceb1ccfb", "price_changes": [{"asset_id": "52615588191460470438968831832569300660020698058311540467884028012774443701200", "price": "0.13", "size": "300", "side": "BUY", "hash": "16ee63efc831f1b9c280bc89e3edb0b61d10033a", "best_bid": "0.81", "best_ask": "0.91"}, {"asset_id": "96286079885758953696615284399030269817415728790134813853112424523816811502470", "price": "0.87", "size": "300", "side": "SELL", "hash": "e23c9a10308b16975a15bb75fa741a5773f0043a", "best_bid": "0.09", "best_ask": "0.19"}], "timestamp": "1769384663667", "event_type": "price_change"}}
{"_local_timestamp": "2026-01-25T23:44:27.067228+00:00", "data": {"market": "0x075644373ee9b10679b5d9c4133202c8f537206eeb456073f0147455ceb1ccfb", "price_changes": [{"asset_id": "52615588191460470438968831832569300660020698058311540467884028012774443701200", "price": "0.13", "size": "200", "side": "BUY", "hash": "1926319993b1369e30fd1c1bacb9cad6362f918f", "best_bid": "0.81", "best_ask": "0.91"}, {"asset_id": "96286079885758953696615284399030269817415728790134813853112424523816811502470", "price": "0.87", "size": "200", "side": "SELL", "hash": "2abb73357ca139890da8cf982433ab79e3222e70", "best_bid": "0.09", "best_ask": "0.19"}], "timestamp": "1769384666975", "event_type": "price_change"}}
{"_local_timestamp": "2026-01-25T23:44:27.305177+00:00", "data": {"market": "0x075644373ee9b10679b5d9c4133202c8f537206eeb456073f0147455ceb1ccfb", "price_changes": [{"asset_id": "52615588191460470438968831832569300660020698058311540467884028012774443701200", "price": "0.08", "size": "4657.32", "side": "BUY", "hash": "1ec81e40fe62790a065bd4035426de2d3c19c3e4", "best_bid": "0.81", "best_ask": "0.91"}, {"asset_id": "96286079885758953696615284399030269817415728790134813853112424523816811502470", "price": "0.92", "size": "4657.32", "side": "SELL", "hash": "3d1d7b5f20c12c03167b2c07d4110bd806f9453c", "best_bid": "0.09", "best_ask": "0.19"}], "timestamp": "1769384667235", "event_type": "price_change"}}
{"_local_timestamp": "2026-01-25T23:44:35.811428+00:00", "data": {"market": "0x075644373ee9b10679b5d9c4133202c8f537206eeb456073f0147455ceb1ccfb", "price_changes": [{"asset_id": "52615588191460470438968831832569300660020698058311540467884028012774443701200", "price": "0.14", "size": "0", "side": "BUY", "hash": "2b46e60ecc9458e0702764686ebec5d6dde1526c", "best_bid": "0.81", "best_ask": "0.91"}, {"asset_id": "96286079885758953696615284399030269817415728790134813853112424523816811502470", "price": "0.86", "size": "0", "side": "SELL", "hash": "ed06d100391b246a4a168a3264abe24aeeb6ef6c", "best_bid": "0.09", "best_ask": "0.19"}], "timestamp": "1769384675738", "event_type": "price_change"}}
{"_local_timestamp": "2026-01-25T23:44:36.038851+00:00", "data": {"market": "0x075644373ee9b10679b5d9c4133202c8f537206eeb456073f0147455ceb1ccfb", "price_changes": [{"asset_id": "52615588191460470438968831832569300660020698058311540467884028012774443701200", "price": "0.15", "size": "300", "side": "BUY", "hash": "2f0ff315256f304cb88aa5ae077eeff97bd0c0d8", "best_bid": "0.81", "best_ask": "0.91"}, {"asset_id": "96286079885758953696615284399030269817415728790134813853112424523816811502470", "price": "0.85", "size": "300", "side": "SELL", "hash": "26b3817d411536a67b7edc7487e86a7a58680957", "best_bid": "0.09", "best_ask": "0.19"}], "timestamp": "1769384675969", "event_type": "price_change"}}
{"_local_timestamp": "2026-01-25T23:44:46.386207+00:00", "data": {"market": "0x075644373ee9b10679b5d9c4133202c8f537206eeb456073f0147455ceb1ccfb", "price_changes": [{"asset_id": "52615588191460470438968831832569300660020698058311540467884028012774443701200", "price": "0.15", "size": "100", "side": "BUY", "hash": "5c37dd3b9850ffd349a35ea5642eec3352e0d6d6", "best_bid": "0.81", "best_ask": "0.91"}, {"asset_id": "96286079885758953696615284399030269817415728790134813853112424523816811502470", "price": "0.85", "size": "100", "side": "SELL", "hash": "a3faa66d5cbfd80a6030c87ab75c86f5f1e6bdc6", "best_bid": "0.09", "best_ask": "0.19"}], "timestamp": "1769384686316", "event_type": "price_change"}}
{"_local_timestamp": "2026-01-25T23:44:46.670257+00:00", "data": {"market": "0x075644373ee9b10679b5d9c4133202c8f537206eeb456073f0147455ceb1ccfb", "price_changes": [{"asset_id": "52615588191460470438968831832569300660020698058311540467884028012774443701200", "price": "0.14", "size": "200", "side": "BUY", "hash": "2487fb7afe5c694d132c37c4e48c14e00cabb9fc", "best_bid": "0.81", "best_ask": "0.91"}, {"asset_id": "96286079885758953696615284399030269817415728790134813853112424523816811502470", "price": "0.86", "size": "200", "side": "SELL", "hash": "b3dabb49a05e28afef39e51d9f2c8e657031efef", "best_bid": "0.09", "best_ask": "0.19"}], "timestamp": "1769384686597", "event_type": "price_change"}}
