{"_local_timestamp": "2026-01-25T23:34:24.094152+00:00", "data": [{"market": "0xcf3bdf479e31addf0d920776325a8759c37e977d8ccd16d84bb8a7c9b319f5b4", "asset_id": "19423897484252245381031724860563835455358662770351298411785241621776824540110", "timestamp": "1769384061841", "hash": "7a075199d5dab3d2e6a246a148f404cb1ba7e9f6", "bids": [{"price": "0.01", "size": "8789.27"}, {"price": "0.02", "size": "1800"}, {"price": "0.03", "size": "9.51"}, {"price": "0.07", "size": "1500"}, {"price": "0.08", "size": "4164.98"}, {"price": "0.09", "size": "200"}, {"price": "0.1", "size": "500"}, {"price": "0.11", "size": "4157.32"}, {"price": "0.14", "size": "200"}, {"price": "0.22", "size": "300"}, {"price": "0.24", "size": "1090.11"}, {"price": "0.25", "size": "890.11"}, {"price": "0.26", "size": "125"}, {"price": "0.27", "size": "62"}, {"price": "0.28", "size": "75"}, {"price": "0.5", "size": "10"}, {"price": "0.52", "size": "50"}, {"price": "0.54", "size": "169"}], "asks": [{"price": "0.99", "size": "8389.4"}, {"price": "0.98", "size": "1800"}, {"price": "0.97", "size": "9.19"}, {"price": "0.93", "size": "1500"}, {"price": "0.92", "size": "4157.32"}, {"price": "0.85", "size": "300"}, {"price": "0.83", "size": "200"}, {"price": "0.81", "size": "1315.11"}, {"price": "0.8", "size": "965.11"}, {"price": "0.76", "size": "10"}, {"price": "0.67", "size": "50"}, {"price": "0.63", "size": "150"}, {"price": "0.62", "size": "31"}], "event_type": "book", "last_trade_price": "0.540"}, {"market": "0xcf3bdf479e31addf0d920776325a8759c37e977d8ccd16d84bb8a7c9b319f5b4", "asset_id": "79800804285394431406313674956566735663577258418418362056340026872565628701860", "timestamp": "1769384061841", "hash": "5682addabd95c9575ea9a12e12939a8dfed05c70", "bids": [{"price": "0.01", "size": "8389.4"}, {"price": "0.02", "size": "1800"}, {"price": "0.03", "size": "9.19"}, {"price": "0.07", "size": "1500"}, {"price": "0.08", "size": "4157.32"}, {"price": "0.15", "size": "300"}, {"price": "0.17", "size": "200"}, {"price": "0.19", "size": "1315.11"}, {"price": "0.2", "size": "965.11"}, {"price": "0.24", "size": "10"}, {"price": "0.33", "size": "50"}, {"price": "0.37", "size": "150"}, {"price": "0.38", "size": "31"}], "asks": [{"price": "0.99", "size": "8789.27"}, {"price": "0.98", "size": "1800"}, {"price": "0.97", "size": "9.51"}, {"price": "0.93", "size": "1500"}, {"price": "0.92", "size": "4164.98"}, {"price": "0.91", "size": "200"}, {"price": "0.9", "size": "500"}, {"price": "0.89", "size": "4157.32"}, {"price": "0.86", "size": "200"}, {"price": "0.78", "size": "300"}, {"price": "0.76", "size": "1090.11"}, {"price": "0.75", "size": "890.11"}, {"price": "0.74", "size": "125"}, {"price": "0.73", "size": "62"}, {"price": "0.72", "size": "75"}, {"price": "0.5", "size": "10"}, {"price": "0.48", "size": "50"}, {"price": "0.46", "size": "169"}], "event_type": "book", "last_trade_price": "0.540"}]}
{"_local_timestamp": "2026-01-25T23:34:29.444086+00:00", "data": {"market": "0xcf3bdf479e31addf0d920776325a8759c37e977d8ccd16d84bb8a7c9b319f5b4", "price_changes": [{"asset_id": "19423897484252245381031724860563835455358662770351298411785241621776824540110", "price": "0.09", "size": "100", "side": "BUY", "hash": "8e60f02774c574d6c710358ebb896bcf7e364542", "best_bid": "0.54", "best_ask": "0.62"}, {"asset_id": "79800804285394431406313674956566735663577258418418362056340026872565628701860", "price": "0.91", "size": "100", "side": "SELL", "hash": "a670def61f5a1efc062279a752d65112d2a36871", "best_bid": "0.38", "best_ask": "0.46"}], "timestamp": "1769384069205", "event_type": "price_change"}}
{"_local_timestamp": "2026-01-25T23:34:29.533836+00:00", "data": {"market": "0xcf3bdf479e31addf0d920776325a8759c37e977d8ccd16d84bb8a7c9b319f5b4", "price_changes": [{"asset_id": "19423897484252245381031724860563835455358662770351298411785241621776824540110", "price": "0.11", "size": "0", "side": "BUY", "hash": "f8223d4e8f4583c33d3e9e924e5cfedfad8cdf27", "best_bid": "0.54", "best_ask": "0.62"}, {"asset_id": "79800804285394431406313674956566735663577258418418362056340026872565628701860", "price": "0.89", "size": "0", "side": "SELL", "hash": "bdb70d363acdaaa4d21dc1a03493d1758cb9fa87", "best_bid": "0.38", "best_ask": "0.46"}], "timestamp": "1769384069304", "event_type": "price_change"}}
{"_local_timestamp": "2026-01-25T23:34:29.721647+00:00", "data": {"market": "0xcf3bdf479e31addf0d920776325a8759c37e977d8ccd16d84bb8a7c9b319f5b4", "price_changes": [{"asset_id": "19423897484252245381031724860563835455358662770351298411785241621776824540110", "price": "0.1", "size": "600", "side": "BUY", "hash": "72909d6ab592e81732b54930fdf098904c9a9c7f", "best_bid": "0.54", "best_ask": "0.62"}, {"asset_id": "79800804285394431406313674956566735663577258418418362056340026872565628701860", "price": "0.9", "size": "600", "side": "SELL", "hash": "02a7a18c93c4a92c79b571f7f146773a489e22ea", "best_bid": "0.38", "best_ask": "0.46"}], "timestamp": "1769384069496", "event_type": "price_change"}}
{"_local_timestamp": "2026-01-25T23:34:29.780633+00:00", "data": {"market": "0xcf3bdf479e31addf0d920776325a8759c37e977d8ccd16d84bb8a7c9b319f5b4", "price_changes": [{"asset_id": "19423897484252245381031724860563835455358662770351298411785241621776824540110", "price": "0.11", "size": "1270.1", "side": "BUY", "hash": "1027c0477e09fb4a374dd6f09285d24aa67fd3fe", "best_bid": "0.54", "best_ask": "0.62"}, {"asset_id": "79800804285394431406313674956566735663577258418418362056340026872565628701860", "price": "0.89", "size": "1270.1", "side": "SELL", "hash": "0adef547646cc3dcc147bb52384d8c53a93e2d95", "best_bid": "0.38", "best_ask": "0.46"}], "timestamp": "1769384069546", "event_type": "price_change"}}
{"_local_timestamp": "2026-01-25T23:34:30.125305+00:00", "data": {"market": "0xcf3bdf479e31addf0d920776325a8759c37e977d8ccd16d84bb8a7c9b319f5b4", "price_changes": [{"asset_id": "19423897484252245381031724860563835455358662770351298411785241621776824540110", "price": "0.11", "size": "3267.21", "side": "BUY", "hash": "b1dc8b2c5e72bc5f43201422db39905b682aab7f", "best_bid": "0.54", "best_ask": "0.62"}, {"asset_id": "79800804285394431406313674956566735663577258418418362056340026872565628701860", "price": "0.89", "size": "3267.21", "side": "SELL", "hash": "6715d4750b2a2a14b1998b47afd99830d2853a04", "best_bid": "0.38", "best_ask": "0.46"}], "timestamp": "1769384069779", "event_type": "price_change"}}
{"_local_timestamp": "2026-01-25T23:34:30.125774+00:00", "data": {"market": "0xcf3bdf479e31addf0d920776325a8759c37e977d8ccd16d84bb8a7c9b319f5b4", "price_changes": [{"asset_id": "19423897484252245381031724860563835455358662770351298411785241621776824540110", "price": "0.11", "size": "4157.32", "side": "BUY", "hash": "555ef7239f46c30672d8b21e19153f5ba0328b4f", "best_bid": "0.54", "best_ask": "0.62"}, {"asset_id": "79800804285394431406313674956566735663577258418418362056340026872565628701860", "price": "0.89", "size": "4157.32", "side": "SELL", "hash": "44b93607d87722a362587c23c55708eb8c1bd9ea", "best_bid": "0.38", "best_ask": "0.46"}], "timestamp": "1769384069780", "event_type": "price_change"}}
{"_local_timestamp": "2026-01-25T23:34:31.961234+00:00", "data": {"market": "0xcf3bdf479e31addf0d920776325a8759c37e977d8ccd16d84bb8a7c9b319f5b4", "price_changes": [{"asset_id": "19423897484252245381031724860563835455358662770351298411785241621776824540110", "price": "0.09", "size": "0", "side": "BUY", "hash": "7f85591748dd12614a3651d437c728b5f85ea88c", "best_bid": "0.54", "best_ask": "0.62"}, {"asset_id": "79800804285394431406313674956566735663577258418418362056340026872565628701860", "price": "0.91", "size": "0", "side": "SELL", "hash": "fadb304561ce1fba9c36593435947e509404d149", "best_bid": "0.38", "best_ask": "0.46"}], "timestamp": "1769384071737", "event_type": "price_change"}}
{"_local_timestamp": "2026-01-25T23:34:32.401146+00:00", "data": {"market": "0xcf3bdf479e31addf0d920776325a8759c37e977d8ccd16d84bb8a7c9b319f5b4", "price_changes": [{"asset_id": "19423897484252245381031724860563835455358662770351298411785241621776824540110", "price": "0.1", "size": "700", "side": "BUY", "hash": "8aff0a3513f6cd729958b5393039f0129c0b048b", "best_bid": "0.54", "best_ask": "0.62"}, {"asset_id": "79800804285394431406313674956566735663577258418418362056340026872565628701860", "price": "0.9", "size": "700", "side": "SELL", "hash": "2471b74a736042457dcc54bcba4f344b3b19b002", "best_bid": "0.38", "best_ask": "0.46"}], "timestamp": "1769384072120", "event_type": "price_change"}}
{"_local_timestamp": "2026-01-25T23:34:32.515861+00:00", "data": {"market": "0xcf3bdf479e31addf0d920776325a8759c37e977d8ccd16d84bb8a7c9b319f5b4", "price_changes": [{"asset_id": "19423897484252245381031724860563835455358662770351298411785241621776824540110", "price": "0.08", "size": "7.66", "side": "BUY", "hash": "c964871a90e5bcda4f574ac7229654ad90ec54e3", "best_bid": "0.54", "best_ask": "0.62"}, {"asset_id": "79800804285394431406313674956566735663577258418418362056340026872565628701860", "price": "0.92", "size": "7.66", "side": "SELL", "hash": "5584a0116a233ccc7be476e5cd2d1230625f2915", "best_bid": "0.38", "best_ask": "0.46"}], "timestamp": "1769384072260", "event_type": "price_change"}}
{"_local_timestamp": "2026-01-25T23:34:50.611904+00:00", "data": {"market": "0xcf3bdf479e31addf0d920776325a8759c37e977d8ccd16d84bb8a7c9b319f5b4", "price_changes": [{"asset_id": "19423897484252245381031724860563835455358662770351298411785241621776824540110", "price": "0.1", "size": "600", "side": "BUY", "hash": "1d76c32139b389874197597d48609902f9064201", "best_bid": "0.54", "best_ask": "0.62"}, {"asset_id": "79800804285394431406313674956566735663577258418418362056340026872565628701860", "price": "0.9", "size": "600", "side": "SELL", "hash": "4fa2b1d8b5c62a3996626fd809263662d50e5e13", "best_bid": "0.38", "best_ask": "0.46"}], "timestamp": "1769384090191", "event_type": "price_change"}}
{"_local_timestamp": "2026-01-25T23:34:50.650848+00:00", "data": {"market": "0xcf3bdf479e31addf0d920776325a8759c37e977d8ccd16d84bb8a7c9b319f5b4", "price_changes": [{"asset_id": "19423897484252245381031724860563835455358662770351298411785241621776824540110", "price": "0.11", "size": "4257.32", "side": "BUY", "hash": "14c561c5a2267a3bfd662bcf9cbb655b39111ec0", "best_bid": "0.54", "best_ask": "0.62"}, {"asset_id": "79800804285394431406313674956566735663577258418418362056340026872565628701860", "price": "0.89", "size": "4257.32", "side": "SELL", "hash": "1e04b7cc56071d66675d09d48540f3622c006539", "best_bid": "0.38", "best_ask": "0.46"}], "timestamp": "1769384090481", "event_type": "price_change"}}
{"_local_timestamp": "2026-01-25T23:34:50.791897+00:00", "data": {"market": "0xcf3bdf479e31addf0d920776325a8759c37e977d8ccd16d84bb8a7c9b319f5b4", "price_changes": [{"asset_id": "19423897484252245381031724860563835455358662770351298411785241621776824540110", "price": "0.1", "size": "200", "side": "BUY", "hash": "df902ea59fd3ea34880ff97725d69c49e5321510", "best_bid": "0.54", "best_ask": "0.62"}, {"asset_id": "79800804285394431406313674956566735663577258418418362056340026872565628701860", "price": "0.9", "size": "200", "side": "SELL", "hash": "88eb667d94ddfb15e5e562c7ed1b424f4f8b7d6b", "best_bid": "0.38", "best_ask": "0.46"}], "timestamp": "1769384090657", "event_type": "price_change"}}
{"_local_timestamp": "2026-01-25T23:34:50.861375+00:00", "data": {"market": "0xcf3bdf479e31addf0d920776325a8759c37e977d8ccd16d84bb8a7c9b319f5b4", "price_changes": [{"asset_id": "19423897484252245381031724860563835455358662770351298411785241621776824540110", "price": "0.08", "size": "1277.76", "side": "BUY", "hash": "ccb131deb57473e09ddf33bf1166e05360abdb55", "best_bid": "0.54", "best_ask": "0.62"}, {"asset_id": "79800804285394431406313674956566735663577258418418362056340026872565628701860", "price": "0.92", "size": "1277.76", "side": "SELL", "hash": "b0bbb63a08be820de693a84dcdce0f4f3647fb2e", "best_bid": "0.38", "best_ask": "0.46"}], "timestamp": "1769384090722", "event_type": "price_change"}}
{"_local_timestamp": "2026-01-25T23:34:50.861791+00:00", "data": {"market": "0xcf3bdf479e31addf0d920776325a8759c37e977d8ccd16d84bb8a7c9b319f5b4", "price_changes": [{"asset_id": "19423897484252245381031724860563835455358662770351298411785241621776824540110", "price": "0.08", "size": "2167.87", "side": "BUY", "hash": "c38361e6fbe739f2c52c7e08bb969312a769565d", "best_bid": "0.54", "best_ask": "0.62"}, {"asset_id": "79800804285394431406313674956566735663577258418418362056340026872565628701860", "price": "0.92", "size": "2167.87", "side": "SELL", "hash": "d6ebb473b6a0d73a9c9bd13b78db6e747dba180e", "best_bid": "0.38", "best_ask": "0.46"}], "timestamp": "1769384090723", "event_type": "price_change"}}
{"_local_timestamp": "2026-01-25T23:34:50.905091+00:00", "data": {"market": "0xcf3bdf479e31addf0d920776325a8759c37e977d8ccd16d84bb8a7c9b319f5b4", "price_changes": [{"asset_id": "19423897484252245381031724860563835455358662770351298411785241621776824540110", "price": "0.08", "size": "4164.98", "side": "BUY", "hash": "3716288272c995937d67a196126e1075cb194f3d", "best_bid": "0.54", "best_ask": "0.62"}, {"asset_id": "79800804285394431406313674956566735663577258418418362056340026872565628701860", "price": "0.92", "size": "4164.98", "side": "SELL", "hash": "c7e9ea8122c8fffb2089744a4f4e1e489240935f", "best_bid": "0.38", "best_ask": "0.46"}], "timestamp": "1769384090762", "event_type": "price_change"}}
{"_local_timestamp": "2026-01-25T23:34:51.089759+00:00", "data": {"market": "0xcf3bdf479e31addf0d920776325a8759c37e977d8ccd16d84bb8a7c9b319f5b4", "price_changes": [{"asset_id": "19423897484252245381031724860563835455358662770351298411785241621776824540110", "price": "0.11", "size": "4657.32", "side": "BUY", "hash": "7cd409084d4fedeb1f4fcf8f2123e554822680a0", "best_bid": "0.54", "best_ask": "0.62"}, {"asset_id": "79800804285394431406313674956566735663577258418418362056340026872565628701860", "price": "0.89", "size": "4657.32", "side": "SELL", "hash": "56d395abce5367caddbf95fdcb67d9b117e3c1be", "best_bid": "0.38", "best_ask": "0.46"}], "timestamp": "1769384090939", "event_type": "price_change"}}
{"_local_timestamp": "2026-01-25T23:34:56.675318+00:00", "data": {"market": "0xcf3bdf479e31addf0d920776325a8759c37e977d8ccd16d84bb8a7c9b319f5b4", "price_changes": [{"asset_id": "19423897484252245381031724860563835455358662770351298411785241621776824540110", "price": "0.1", "size": "100", "side": "BUY", "hash": "92e8631e35acd7fc8674f4c3434b4ecf28950f1c", "best_bid": "0.54", "best_ask": "0.62"}, {"asset_id": "79800804285394431406313674956566735663577258418418362056340026872565628701860", "price": "0.9", "size": "100", "side": "SELL", "hash": "ae75eaf957676d34c92a6b5d96bd55f53274358f", "best_bid": "0.38", "best_ask": "0.46"}], "timestamp": "1769384096592", "event_type": "price_change"}}
{"_local_timestamp": "2026-01-25T23:34:56.746849+00:00", "data": {"market": "0xcf3bdf479e31addf0d920776325a8759c37e977d8ccd16d84bb8a7c9b319f5b4", "price_changes": [{"asset_id": "19423897484252245381031724860563835455358662770351298411785241621776824540110", "price": "0.11", "size": "1390.11", "side": "BUY", "hash": "8cf7e745893b9d1de29a9214c8020eb88e484f88", "best_bid": "0.54", "best_ask": "0.62"}, {"asset_id": "79800804285394431406313674956566735663577258418418362056340026872565628701860", "price": "0.89", "size": "1390.11", "side": "SELL", "hash": "ed27d7e8cdaf19921838cfd79f01c2d3d670db90", "best_bid": "0.38", "best_ask": "0.46"}], "timestamp": "1769384096672", "event_type": "price_change"}}
{"_local_timestamp": "2026-01-25T23:34:56.838969+00:00", "data": {"market": "0xcf3bdf479e31addf0d920776325a8759c37e977d8ccd16d84bb8a7c9b319f5b4", "price_changes": [{"asset_id": "19423897484252245381031724860563835455358662770351298411785241621776824540110", "price": "0.11", "size": "500", "side": "BUY", "hash": "1aaa74d5fd6128eb742924d5c49b63cff8685ca1", "best_bid": "0.54", "best_ask": "0.62"}, {"asset_id": "79800804285394431406313674956566735663577258418418362056340026872565628701860", "price": "0.89", "size": "500", "side": "SELL", "hash": "6022f44e165d8ff91e8da51550f73a6c49535f26", "best_bid": "0.38", "best_ask": "0.46"}], "timestamp": "1769384096758", "event_type": "price_change"}}
{"_local_timestamp": "2026-01-25T23:34:56.943149+00:00", "data": {"market": "0xcf3bdf479e31addf0d920776325a8759c37e977d8ccd16d84bb8a7c9b319f5b4", "price_changes": [{"asset_id": "19423897484252245381031724860563835455358662770351298411785241621776824540110", "price": "0.11", "size": "600", "side": "BUY", "hash": "7bdd0785c42fc0cf254b717571095caf15a2cbf2", "best_bid": "0.54", "best_ask": "0.62"}, {"asset_id": "79800804285394431406313674956566735663577258418418362056340026872565628701860", "price": "0.89", "size": "600", "side": "SELL", "hash": "de1bf9c202ff120ee72ca934c506a58a8a7ee04c", "best_bid": "0.38", "best_ask": "0.46"}], "timestamp": "1769384096853", "event_type": "price_change"}}
{"_local_timestamp": "2026-01-25T23:34:56.957750+00:00", "data": {"market": "0xcf3bdf479e31addf0d920776325a8759c37e977d8ccd16d84bb8a7c9b319f5b4", "price_changes": [{"asset_id": "19423897484252245381031724860563835455358662770351298411785241621776824540110", "price": "0.12", "size": "1270.1", "side": "BUY", "hash": "6e2bfe28128cefb8c6f1fb1ed47781d0b9651e61", "best_bid": "0.54", "best_ask": "0.62"}, {"asset_id": "79800804285394431406313674956566735663577258418418362056340026872565628701860", "price": "0.88", "size": "1270.1", "side": "SELL", "hash": "79c86786ee817538b4f662721e94d7bffe0c2ce5", "best_bid": "0.38", "best_ask": "0.46"}], "timestamp": "1769384096884", "event_type": "price_change"}}
{"_local_timestamp": "2026-01-25T23:34:56.961176+00:00", "data": {"market": "0xcf3bdf479e31addf0d920776325a8759c37e977d8ccd16d84bb8a7c9b319f5b4", "price_changes": [{"asset_id": "19423897484252245381031724860563835455358662770351298411785241621776824540110", "price": "0.12", "size": "2160.21", "side": "BUY", "hash": "5fa83a5c52be542a7d8fcd43bb2c26cf21c44300", "best_bid": "0.54", "best_ask": "0.62"}, {"asset_id": "79800804285394431406313674956566735663577258418418362056340026872565628701860", "price": "0.88", "size": "2160.21", "side": "SELL", "hash": "1cc0c08810f03daf001536194bf69b7bf007af70", "best_bid": "0.38", "best_ask": "0.46"}], "timestamp": "1769384096885", "event_type": "price_change"}}
{"_local_timestamp": "2026-01-25T23:34:56.961682+00:00", "data": {"market": "0xcf3bdf479e31addf0d920776325a8759c37e977d8ccd16d84bb8a7c9b319f5b4", "price_changes": [{"asset_id": "19423897484252245381031724860563835455358662770351298411785241621776824540110", "price": "0.12", "size": "4157.32", "side": "BUY", "hash": "bd9cacd918150dc8e74091c7ec4da0aa37dcddef", "best_bid": "0.54", "best_ask": "0.62"}, {"asset_id": "79800804285394431406313674956566735663577258418418362056340026872565628701860", "price": "0.88", "size": "4157.32", "side": "SELL", "hash": "161ad262319540be8eee976b5b40b243690472e2", "best_bid": "0.38", "best_ask": "0.46"}], "timestamp": "1769384096885", "event_type": "price_change"}}
{"_local_timestamp": "2026-01-25T23:35:01.798913+00:00", "data": {"market": "0xcf3bdf479e31addf0d920776325a8759c37e977d8ccd16d84bb8a7c9b319f5b4", "price_changes": [{"asset_id": "19423897484252245381031724860563835455358662770351298411785241621776824540110", "price": "0.1", "size": "0", "side": "BUY", "hash": "500728cd53c04bac576a8adca61e22da47718cd7", "best_bid": "0.54", "best_ask": "0.62"}, {"asset_id": "79800804285394431406313674956566735663577258418418362056340026872565628701860", "price": "0.9", "size": "0", "side": "SELL", "hash": "591319b118c973d47548ab1b9773a95b4a1524ad", "best_bid": "0.38", "best_ask": "0.46"}], "timestamp": "1769384101730", "event_type": "price_change"}}
{"_local_timestamp": "2026-01-25T23:35:01.896329+00:00", "data": {"market": "0xcf3bdf479e31addf0d920776325a8759c37e977d8ccd16d84bb8a7c9b319f5b4", "price_changes": [{"asset_id": "19423897484252245381031724860563835455358662770351298411785241621776824540110", "price": "0.08", "size": "897.77", "side": "BUY", "hash": "acaf15edfa248d41565e4c39ccf6d314211f0911", "best_bid": "0.54", "best_ask": "0.62"}, {"asset_id": "79800804285394431406313674956566735663577258418418362056340026872565628701860", "price": "0.92", "size": "897.77", "side": "SELL", "hash": "d33d8baef8b45ba9aaa4bb1c35285286a1baa7f8", "best_bid": "0.38", "best_ask": "0.46"}], "timestamp": "1769384101815", "event_type": "price_change"}}
{"_local_timestamp": "2026-01-25T23:35:01.994040+00:00", "data": {"market": "0xcf3bdf479e31addf0d920776325a8759c37e977d8ccd16d84bb8a7c9b319f5b4", "price_changes": [{"asset_id": "19423897484252245381031724860563835455358662770351298411785241621776824540110", "price": "0.08", "size": "7.66", "side": "BUY", "hash": "274fd0fd8eaed2f013bddad94acfefeb4b30edb6", "best_bid": "0.54", "best_ask": "0.62"}, {"asset_id": "79800804285394431406313674956566735663577258418418362056340026872565628701860", "price": "0.92", "size": "7.66", "side": "SELL", "hash": "600c3f2caddf81af7e5b1d5991a6f2367dc473b4", "best_bid": "0.38", "best_ask": "0.46"}], "timestamp": "1769384101917", "event_type": "price_change"}}
{"_local_timestamp": "2026-01-25T23:35:02.080028+00:00", "data": {"market": "0xcf3bdf479e31addf0d920776325a8759c37e977d8ccd16d84bb8a7c9b319f5b4", "price_changes": [{"asset_id": "19423897484252245381031724860563835455358662770351298411785241621776824540110", "price": "0.11", "size": "700", "side": "BUY", "hash": "c905684cf9a0161bb5c6e632147a0cc1ebf7b38d", "best_bid": "0.54", "best_ask": "0.62"}, {"asset_id": "79800804285394431406313674956566735663577258418418362056340026872565628701860", "price": "0.89", "size": "700", "side": "SELL", "hash": "d2225aefa4f346a35edbd8c66bf5e3bb6a043016", "best_bid": "0.38", "best_ask": "0.46"}], "timestamp": "1769384102000", "event_type": "price_change"}}
