{"_local_timestamp": "2026-01-25T23:41:24.058428+00:00", "data": [{"market": "0xa6a9a2e35bb018678a728975d4fa2714df6a150a8eb74285f1542694f7652ad8", "asset_id": "94610497668533433389835707983425470619301700165074333334099864372190725385508", "timestamp": "1769384351164", "hash": "2acf0476467ef2ae9246699836b79016501b9e49", "bids": [{"price": "0.01", "size": "689.22"}, {"price": "0.02", "size": "250"}, {"price": "0.03", "size": "30.25"}, {"price": "0.09", "size": "300"}, {"price": "0.1", "size": "200"}, {"price": "0.11", "size": "125"}, {"price": "0.12", "size": "75"}, {"price": "0.16", "size": "10"}, {"price": "0.17", "size": "50"}, {"price": "0.24", "size": "192"}], "asks": [{"price": "0.99", "size": "2889.84"}, {"price": "0.98", "size": "1800"}, {"price": "0.97", "size": "8.08"}, {"price": "0.95", "size": "1500"}, {"price": "0.91", "size": "1007.32"}, {"price": "0.86", "size": "300"}, {"price": "0.74", "size": "300"}, {"price": "0.7", "size": "200"}, {"price": "0.68", "size": "125"}, {"price": "0.65", "size": "75"}, {"price": "0.5", "size": "10"}, {"price": "0.34", "size": "50"}, {"price": "0.33", "size": "165"}], "event_type": "book", "last_trade_price": ""}, {"market": "0x36560d8372a5dccb1884e2c0163901e38ae7c1f4cd14d6d828cebbfd10b7443d", "asset_id": "83221528075349807032718576368774385085355447705722440319893427659775547501012", "timestamp": "1769384437999", "hash": "9aa07dc5ef51ca5ec721de7694607b23dbc0d6bd", "bids": [{"price": "0.01", "size": "252.88"}, {"price": "0.02", "size": "275.17"}, {"price": "0.03", "size": "19.42"}, {"price": "0.04", "size": "5.47"}], "asks": [{"price": "0.99", "size": "252.14"}, {"price": "0.98", "size": "208.82"}, {"price": "0.97", "size": "19.9"}, {"price": "0.96", "size": "29.99"}], "event_type": "book", "last_trade_price": ""}, {"market": "0x8e0e4cad7f1b91f5cb7a67b6f60ddd51a8d2e7be2ff591bb6e5f3b5801809af3", "asset_id": "7941523936009499065229651089246528565956491316678479772117058124976343966611", "timestamp": "1769384437999", "hash": "1ece90bb4a34a25c457dc64fec9a67cf14437d15", "bids": [{"price": "0.01", "size": "302.04"}, {"price": "0.02", "size": "260.48"}, {"price": "0.03", "size": "18.99"}, {"price": "0.04", "size": "29.99"}], "asks": [{"price": "0.99", "size": "302.88"}, {"price": "0.98", "size": "126.94"}, {"price": "0.97", "size": "19.74"}, {"price": "0.96", "size": "5.47"}], "event_type": "book", "last_trade_price": ""}, {"market": "0x36560d8372a5dccb1884e2c0163901e38ae7c1f4cd14d6d828cebbfd10b7443d", "asset_id": "12682544037316929667322258536092915250259701103207749467747426885984979065072", "timestamp": "1769384437999", "hash": "e3188c0d4f502180d7102c0a8b4f63d7764f970c", "bids": [{"price": "0.01", "size": "252.14"}, {"price": "0.02", "size": "208.82"}, {"price": "0.03", "size": "19.9"}, {"price": "0.04", "size": "29.99"}], "asks": [{"price": "0.99", "size": "252.88"}, {"price": "0.98", "size": "275.17"}, {"price": "0.97", "size": "19.42"}, {"price": "0.96", "size": "5.47"}], "event_type": "book", "last_trade_price": ""}, {"market": "0x244420f2016a076b702bc7164c01b3ea2e6a5a06240efef276eb343e67ef51eb", "asset_id": "93239379114352136102114681157239513489349511776531141229667789489912407103827", "timestamp": "1769384355441", "hash": "fa21bf613aa3a1de252156df4708a4b678a60be9", "bids": [{"price": "0.01", "size": "202.04"}, {"price": "0.02", "size": "110.48"}, {"price": "0.03", "size": "18.99"}, {"price": "0.04", "size": "29.99"}], "asks": [{"price": "0.99", "size": "202.22"}, {"price": "0.98", "size": "93.18"}, {"price": "0.97", "size": "9.8"}, {"price": "0.96", "size": "9.5"}, {"price": "0.95", "size": "5.47"}], "event_type": "book", "last_trade_price": ""}, {"market": "0xa6a9a2e35bb018678a728975d4fa2714df6a150a8eb74285f1542694f7652ad8", "asset_id": "41180431235327192393635609173970192359148387278286112090361209618917716027938", "timestamp": "1769384351164", "hash": "fe0ce5400ac62bc89eb52aee9b187c08b4b0f69e", "bids": [{"price": "0.01", "size": "2889.84"}, {"price": "0.02", "size": "1800"}, {"price": "0.03", "size": "8.08"}, {"price": "0.05", "size": "1500"}, {"price": "0.09", "size": "1007.32"}, {"price": "0.14", "size": "300"}, {"price": "0.26", "size": "300"}, {"price": "0.3", "size": "200"}, {"price": "0.32", "size": "125"}, {"price": "0.35", "size": "75"}, {"price": "0.5", "size": "10"}, {"price": "0.66", "size": "50"}, {"price": "0.67", "size": "165"}], "asks": [{"price": "0.99", "size": "689.22"}, {"price": "0.98", "size": "250"}, {"price": "0.97", "size": "30.25"}, {"price": "0.91", "size": "300"}, {"price": "0.9", "size": "200"}, {"price": "0.89", "size": "125"}, {"price": "0.88", "size": "75"}, {"price": "0.84", "size": "10"}, {"price": "0.83", "size": "50"}, {"price": "0.76", "size": "192"}], "event_type": "book", "last_trade_price": ""}, {"market": "0x244420f2016a076b702bc7164c01b3ea2e6a5a06240efef276eb343e67ef51eb", "asset_id": "89584241533261898940682091840280968771746434540215614153724627268228156592181", "timestamp": "1769384355441", "hash": "862fe2f9c06e01786c7d88fa17cc1646c7cb93e2", "bids": [{"price": "0.01", "size": "202.22"}, {"price": "0.02", "size": "93.18"}, {"price": "0.03", "size": "9.8"}, {"price": "0.04", "size": "9.5"}, {"price": "0.05", "size": "5.47"}], "asks": [{"price": "0.99", "size": "202.04"}, {"price": "0.98", "size": "110.48"}, {"price": "0.97", "size": "18.99"}, {"price": "0.96", "size": "29.99"}], "event_type": "book", "last_trade_price": ""}, {"market": "0x8e0e4cad7f1b91f5cb7a67b6f60ddd51a8d2e7be2ff591bb6e5f3b5801809af3", "asset_id": "22042583256742702449312549566145597745194893033088334318492383316442810124010", "timestamp": "1769384437999", "hash": "551aac78b20b1cb9e61d3ca6ffd6cebf8fe80adb", "bids": [{"price": "0.01", "size": "302.88"}, {"price": "0.02", "size": "126.94"}, {"price": "0.03", "size": "19.74"}, {"price": "0.04", "size": "5.47"}], "asks": [{"price": "0.99", "size": "302.04"}, {"price": "0.98", "size": "260.48"}, {"price": "0.97", "size": "18.99"}, {"price": "0.96", "size": "29.99"}], "event_type": "book", "last_trade_price": ""}, {"market": "0x515e42245ddc7962be96f93a97f1d121c41da87db277cc3c770b8531df2c2882", "asset_id": "75405374047759744369065188128714651748122051095099467269785542960071123959831", "timestamp": "1769384437999", "hash": "29186196a0210d6cc792b23e30eff2947d81b40e", "bids": [{"price": "0.01", "size": "201.38"}, {"price": "0.02", "size": "250.17"}, {"price": "0.03", "size": "19.42"}, {"price": "0.04", "size": "5.47"}], "asks": [{"price": "0.99", "size": "200.64"}, {"price": "0.98", "size": "208.82"}, {"price": "0.97", "size": "19.9"}, {"price": "0.96", "size": "29.99"}], "event_type": "book", "last_trade_price": ""}, {"market": "0x515e42245ddc7962be96f93a97f1d121c41da87db277cc3c770b8531df2c2882", "asset_id": "57669987010195760057051320976330280938951729739428611214509736680929747354276", "timestamp": "1769384437999", "hash": "ad9508d4348046b60131706c16271cb1531e15af", "bids": [{"price": "0.01", "size": "200.64"}, {"price": "0.02", "size": "208.82"}, {"price": "0.03", "size": "19.9"}, {"price": "0.04", "size": "29.99"}], "asks": [{"price": "0.99", "size": "201.38"}, {"price": "0.98", "size": "250.17"}, {"price": "0.97", "size": "19.42"}, {"price": "0.96", "size": "5.47"}], "event_type": "book", "last_trade_price": ""}]}
