{"_local_timestamp": "2026-01-25T23:41:23.983043+00:00", "data": [{"market": "0x69c21de45081ceb2599dabad7f481aaacc0e7f3b22d55ea0667cd26cb7cbaa5d", "asset_id": "100233781824635313531098218672545101599006374140235361511227178660459237562434", "timestamp": "1769382279543", "hash": "4c8771210f1feebd74c5322e6f9db5a57263d7c2", "bids": [{"price": "0.01", "size": "185.48"}, {"price": "0.02", "size": "47.25"}, {"price": "0.43", "size": "50"}], "asks": [{"price": "0.99", "size": "1185.78"}, {"price": "0.98", "size": "47.11"}, {"price": "0.85", "size": "10"}, {"price": "0.7", "size": "500"}, {"price": "0.66", "size": "1000"}, {"price": "0.65", "size": "80"}, {"price": "0.64", "size": "3000"}], "event_type": "book", "last_trade_price": "0.530"}, {"market": "0x001c353c244069dd4cec7256cffa9fc72b8b2a2bd81e11f314915952383b797c", "asset_id": "98867440143782499399674888810263190696616181738650068135963226850224142943896", "timestamp": "1769384443107", "hash": "3e9ae6a40a8ed4caf99e53c3edecf92aed490d9b", "bids": [{"price": "0.01", "size": "2788.76"}, {"price": "0.02", "size": "1000"}, {"price": "0.03", "size": "6.99"}, {"price": "0.04", "size": "2100"}, {"price": "0.05", "size": "800"}, {"price": "0.06", "size": "11.71"}, {"price": "0.21", "size": "119"}, {"price": "0.3", "size": "300"}, {"price": "0.31", "size": "14533"}, {"price": "0.32", "size": "15706"}, {"price": "0.33", "size": "33899"}, {"price": "0.34", "size": "19550"}, {"price": "0.35", "size": "4865.93"}], "asks": [{"price": "0.99", "size": "2789.96"}, {"price": "0.98", "size": "2100"}, {"price": "0.97", "size": "10.41"}, {"price": "0.95", "size": "20"}, {"price": "0.93", "size": "1700"}, {"price": "0.9", "size": "800"}, {"price": "0.89", "size": "5.34"}, {"price": "0.8", "size": "400"}, {"price": "0.73", "size": "200"}, {"price": "0.66", "size": "100"}, {"price": "0.5", "size": "83"}, {"price": "0.43", "size": "350"}, {"price": "0.4", "size": "40"}, {"price": "0.39", "size": "33"}, {"price": "0.38", "size": "97"}, {"price": "0.37", "size": "11792.49"}, {"price": "0.36", "size": "20337.31"}], "event_type": "book", "last_trade_price": "0.640"}, {"market": "0x69c21de45081ceb2599dabad7f481aaacc0e7f3b22d55ea0667cd26cb7cbaa5d", "asset_id": "95833687944204395178644553938557402901807372021065005817737904173376861684535", "timestamp": "1769382279543", "hash": "5283cd30a77804390e2f2f94e449563ec9a0a5f2", "bids": [{"price": "0.01", "size": "1185.78"}, {"price": "0.02", "size": "47.11"}, {"price": "0.15", "size": "10"}, {"price": "0.3", "size": "500"}, {"price": "0.34", "size": "1000"}, {"price": "0.35", "size": "80"}, {"price": "0.36", "size": "3000"}], "asks": [{"price": "0.99", "size": "185.48"}, {"price": "0.98", "size": "47.25"}, {"price": "0.57", "size": "50"}], "event_type": "book", "last_trade_price": "0.530"}, {"market": "0x430aab94313e8455c1f733d721e644ece2ff011f9361e40792e0ef0078f1db7f", "asset_id": "37560777106562476203921852514162124504473992802704816748679251849099198183778", "timestamp": "1769384254019", "hash": "632ada9b63d3529a58f2a1d851799374932d6411", "bids": [{"price": "0.01", "size": "1085.1"}, {"price": "0.02", "size": "47.44"}, {"price": "0.2", "size": "200"}, {"price": "0.27", "size": "200"}, {"price": "0.59", "size": "10000"}, {"price": "0.61", "size": "10000"}], "asks": [{"price": "0.99", "size": "1080"}, {"price": "0.98", "size": "50"}, {"price": "0.71", "size": "10000"}, {"price": "0.69", "size": "10000"}], "event_type": "book", "last_trade_price": ""}, {"market": "0x23d78e552ce471bd8023e53b85bb0eba8d379ed35e8f1b70fbdbf1665f740b45", "asset_id": "46018653459074182322336622707504864205815553648701542511774269745333148626006", "timestamp": "1769384475934", "hash": "572874575d68a084fddb9b2ccfdc2307fdca978a", "bids": [{"price": "0.01", "size": "1136.89"}, {"price": "0.02", "size": "47.3"}, {"price": "0.45", "size": "5000"}, {"price": "0.46", "size": "10020"}], "asks": [{"price": "0.99", "size": "1136.79"}, {"price": "0.98", "size": "47.35"}, {"price": "0.8", "size": "200"}, {"price": "0.5", "size": "10000"}], "event_type": "book", "last_trade_price": "0.530"}, {"market": "0x23d78e552ce471bd8023e53b85bb0eba8d379ed35e8f1b70fbdbf1665f740b45", "asset_id": "66915594789967838607151324918562992863882459697767761737579063950722083587758", "timestamp": "1769384475934", "hash": "3e1456457ee46e39b6ec2b59aa8ec03148b4ce8a", "bids": [{"price": "0.01", "size": "1136.79"}, {"price": "0.02", "size": "47.35"}, {"price": "0.2", "size": "200"}, {"price": "0.5", "size": "10000"}], "asks": [{"price": "0.99", "size": "1136.89"}, {"price": "0.98", "size": "47.3"}, {"price": "0.55", "size": "5000"}, {"price": "0.54", "size": "10020"}], "event_type": "book", "last_trade_price": "0.530"}, {"market": "0x001c353c244069dd4cec7256cffa9fc72b8b2a2bd81e11f314915952383b797c", "asset_id": "4589173697576215557807730046205275848276913777924790840802497320319533822442", "timestamp": "1769384443107", "hash": "5d398d866de3349c035f8382cf166155cba035dd", "bids": [{"price": "0.01", "size": "2789.96"}, {"price": "0.02", "size": "2100"}, {"price": "0.03", "size": "10.41"}, {"price": "0.05", "size": "20"}, {"price": "0.07", "size": "1700"}, {"price": "0.1", "size": "800"}, {"price": "0.11", "size": "5.34"}, {"price": "0.2", "size": "400"}, {"price": "0.27", "size": "200"}, {"price": "0.34", "size": "100"}, {"price": "0.5", "size": "83"}, {"price": "0.57", "size": "350"}, {"price": "0.6", "size": "40"}, {"price": "0.61", "size": "33"}, {"price": "0.62", "size": "97"}, {"price": "0.63", "size": "11792.49"}, {"price": "0.64", "size": "20337.31"}], "asks": [{"price": "0.99", "size": "2788.76"}, {"price": "0.98", "size": "1000"}, {"price": "0.97", "size": "6.99"}, {"price": "0.96", "size": "2100"}, {"price": "0.95", "size": "800"}, {"price": "0.94", "size": "11.71"}, {"price": "0.79", "size": "119"}, {"price": "0.7", "size": "300"}, {"price": "0.69", "size": "14533"}, {"price": "0.68", "size": "15706"}, {"price": "0.67", "size": "33899"}, {"price": "0.66", "size": "19550"}, {"price": "0.65", "size": "4865.93"}], "event_type": "book", "last_trade_price": "0.640"}, {"market": "0x328130f0da1f2c17aac372d21fe4c70578148b75a0e7fd5cb9d447a3ab0abcca", "asset_id": "48515630200218192130095781577889005928645379611634750543937984784940018019452", "timestamp": "1769382697889", "hash": "fcab4c6f32c5966f46ec967cae7b7f1c73e61811", "bids": [{"price": "0.01", "size": "192.39"}, {"price": "0.02", "size": "43.8"}, {"price": "0.06", "size": "5.47"}, {"price": "0.07", "size": "5.47"}], "asks": [{"price": "0.99", "size": "1185.78"}, {"price": "0.98", "size": "47.1"}, {"price": "0.85", "size": "10"}, {"price": "0.64", "size": "3000"}], "event_type": "book", "last_trade_price": ""}, {"market": "0x430aab94313e8455c1f733d721e644ece2ff011f9361e40792e0ef0078f1db7f", "asset_id": "95430313138053455452669233555625407095764588616214506709885886231580096928546", "timestamp": "1769384254019", "hash": "7ceeb5e05a6590610a12cf407067e7a366b28557", "bids": [{"price": "0.01", "size": "1080"}, {"price": "0.02", "size": "50"}, {"price": "0.29", "size": "10000"}, {"price": "0.31", "size": "10000"}], "asks": [{"price": "0.99", "size": "1085.1"}, {"price": "0.98", "size": "47.44"}, {"price": "0.8", "size": "200"}, {"price": "0.73", "size": "200"}, {"price": "0.41", "size": "10000"}, {"price": "0.39", "size": "10000"}], "event_type": "book", "last_trade_price": ""}, {"market": "0x328130f0da1f2c17aac372d21fe4c70578148b75a0e7fd5cb9d447a3ab0abcca", "asset_id": "30857296026074536312265576593963624541093088013639808793889303170254514526472", "timestamp": "1769382697889", "hash": "556cdefca694c0ad0e837a801e781e250ca7754a", "bids": [{"price": "0.01", "size": "1185.78"}, {"price": "0.02", "size": "47.1"}, {"price": "0.15", "size": "10"}, {"price": "0.36", "size": "3000"}], "asks": [{"price": "0.99", "size": "192.39"}, {"price": "0.98", "size": "43.8"}, {"price": "0.94", "size": "5.47"}, {"price": "0.93", "size": "5.47"}], "event_type": "book", "last_trade_price": ""}]}
{"_local_timestamp": "2026-01-25T23:42:06.852343+00:00", "data": {"market": "0x23d78e552ce471bd8023e53b85bb0eba8d379ed35e8f1b70fbdbf1665f740b45", "price_changes": [{"asset_id": "66915594789967838607151324918562992863882459697767761737579063950722083587758", "price": "0.52", "size": "275.88", "side": "BUY", "hash": "4fcef6470e2a88fec0dee909e8e997b0a7f96897", "best_bid": "0.52", "best_ask": "0.54"}, {"asset_id": "46018653459074182322336622707504864205815553648701542511774269745333148626006", "price": "0.48", "size": "275.88", "side": "SELL", "hash": "9dc0e7dbd0aec4015fab2e454a5d654dbe78f653", "best_bid": "0.46", "best_ask": "0.48"}], "timestamp": "1769384526763", "event_type": "price_change"}}
{"_local_timestamp": "2026-01-25T23:42:15.900231+00:00", "data": {"market": "0x23d78e552ce471bd8023e53b85bb0eba8d379ed35e8f1b70fbdbf1665f740b45", "price_changes": [{"asset_id": "66915594789967838607151324918562992863882459697767761737579063950722083587758", "price": "0.52", "size": "0", "side": "BUY", "hash": "632935c21532f9edce52c9728a092cd549db9eaa", "best_bid": "0.5", "best_ask": "0.54"}, {"asset_id": "46018653459074182322336622707504864205815553648701542511774269745333148626006", "price": "0.48", "size": "0", "side": "SELL", "hash": "0bcb955bbb3b393bb23af5299b34d40dd08ff877", "best_bid": "0.46", "best_ask": "0.5"}], "timestamp": "1769384535799", "event_type": "price_change"}}
{"_local_timestamp": "2026-01-25T23:42:18.163176+00:00", "data": {"market": "0x001c353c244069dd4cec7256cffa9fc72b8b2a2bd81e11f314915952383b797c", "price_changes": [{"asset_id": "4589173697576215557807730046205275848276913777924790840802497320319533822442", "price": "0.63", "size": "11711", "side": "BUY", "hash": "9fa801bf7a2875eca643cc493fefe9fe119c18b5", "best_bid": "0.64", "best_ask": "0.65"}, {"asset_id": "98867440143782499399674888810263190696616181738650068135963226850224142943896", "price": "0.37", "size": "11711", "side": "SELL", "hash": "8441ab0285a2cd76e4076f636e4e6f720806fb01", "best_bid": "0.35", "best_ask": "0.36"}], "timestamp": "1769384538047", "event_type": "price_change"}}
{"_local_timestamp": "2026-01-25T23:42:24.573800+00:00", "data": {"market": "0x001c353c244069dd4cec7256cffa9fc72b8b2a2bd81e11f314915952383b797c", "price_changes": [{"asset_id": "4589173697576215557807730046205275848276913777924790840802497320319533822442", "price": "0.64", "size": "20418.8", "side": "BUY", "hash": "770a56981aa819612ad89cc43626786c7853a24f", "best_bid": "0.64", "best_ask": "0.65"}, {"asset_id": "98867440143782499399674888810263190696616181738650068135963226850224142943896", "price": "0.36", "size": "20418.8", "side": "SELL", "hash": "f13d362922e2aacad64b879156567bc94d5e763e", "best_bid": "0.35", "best_ask": "0.36"}], "timestamp": "1769384544404", "event_type": "price_change"}}
{"_local_timestamp": "2026-01-25T23:42:51.790891+00:00", "data": {"market": "0x001c353c244069dd4cec7256cffa9fc72b8b2a2bd81e11f314915952383b797c", "price_changes": [{"asset_id": "4589173697576215557807730046205275848276913777924790840802497320319533822442", "price": "0.6", "size": "60", "side": "BUY", "hash": "6243f50b1a0d8e5163fe8575e1d7da030647a981", "best_bid": "0.64", "best_ask": "0.65"}, {"asset_id": "98867440143782499399674888810263190696616181738650068135963226850224142943896", "price": "0.4", "size": "60", "side": "SELL", "hash": "9a2b10b3df45a0a023dfd6391c6f98b950bd4fb9", "best_bid": "0.35", "best_ask": "0.36"}], "timestamp": "1769384571687", "event_type": "price_change"}}
{"_local_timestamp": "2026-01-25T23:43:07.396561+00:00", "data": {"market": "0x23d78e552ce471bd8023e53b85bb0eba8d379ed35e8f1b70fbdbf1665f740b45", "price_changes": [{"asset_id": "66915594789967838607151324918562992863882459697767761737579063950722083587758", "price": "0.52", "size": "275.88", "side": "BUY", "hash": "0cd438ecb0fa3c850c164bee24917a3d5e0e2f57", "best_bid": "0.52", "best_ask": "0.54"}, {"asset_id": "46018653459074182322336622707504864205815553648701542511774269745333148626006", "price": "0.48", "size": "275.88", "side": "SELL", "hash": "d89fd8bb3bf24e9354a9db8556b491034cdfb20d", "best_bid": "0.46", "best_ask": "0.48"}], "timestamp": "1769384587311", "event_type": "price_change"}}
{"_local_timestamp": "2026-01-25T23:43:16.590397+00:00", "data": {"market": "0x23d78e552ce471bd8023e53b85bb0eba8d379ed35e8f1b70fbdbf1665f740b45", "price_changes": [{"asset_id": "66915594789967838607151324918562992863882459697767761737579063950722083587758", "price": "0.52", "size": "0", "side": "BUY", "hash": "941afb35db319e963be390a6e377f2fd3f5f3b6b", "best_bid": "0.5", "best_ask": "0.54"}, {"asset_id": "46018653459074182322336622707504864205815553648701542511774269745333148626006", "price": "0.48", "size": "0", "side": "SELL", "hash": "aa2b2bbfa7ede0ac9f6c1ff4216d094c17adb4f0", "best_bid": "0.46", "best_ask": "0.5"}], "timestamp": "1769384596439", "event_type": "price_change"}}
{"_local_timestamp": "2026-01-25T23:43:32.502295+00:00", "data": {"market": "0x430aab94313e8455c1f733d721e644ece2ff011f9361e40792e0ef0078f1db7f", "price_changes": [{"asset_id": "95430313138053455452669233555625407095764588616214506709885886231580096928546", "price": "0.02", "size": "0", "side": "BUY", "hash": "b633470da89c17c2649ef089024f588b4cc93db5", "best_bid": "0.31", "best_ask": "0.39"}, {"asset_id": "37560777106562476203921852514162124504473992802704816748679251849099198183778", "price": "0.98", "size": "0", "side": "SELL", "hash": "9928013dec1f1024ee0a899d0d5c6b999bf6bc72", "best_bid": "0.61", "best_ask": "0.69"}], "timestamp": "1769384612409", "event_type": "price_change"}}
{"_local_timestamp": "2026-01-25T23:43:32.768691+00:00", "data": {"market": "0x430aab94313e8455c1f733d721e644ece2ff011f9361e40792e0ef0078f1db7f", "price_changes": [{"asset_id": "95430313138053455452669233555625407095764588616214506709885886231580096928546", "price": "0.01", "size": "1089.55", "side": "BUY", "hash": "e50fe9cd488cf09280446e931bdec346811090e0", "best_bid": "0.31", "best_ask": "0.39"}, {"asset_id": "37560777106562476203921852514162124504473992802704816748679251849099198183778", "price": "0.99", "size": "1089.55", "side": "SELL", "hash": "b07c91ff40ae8e460ab3dd3d174e2653a9c2b9a2", "best_bid": "0.61", "best_ask": "0.69"}], "timestamp": "1769384612682", "event_type": "price_change"}}
{"_local_timestamp": "2026-01-25T23:43:32.773994+00:00", "data": {"market": "0x430aab94313e8455c1f733d721e644ece2ff011f9361e40792e0ef0078f1db7f", "price_changes": [{"asset_id": "95430313138053455452669233555625407095764588616214506709885886231580096928546", "price": "0.03", "size": "30.14", "side": "BUY", "hash": "d4505f6d25bcf9349afdcf4caecca22adf9e7d2a", "best_bid": "0.31", "best_ask": "0.39"}, {"asset_id": "37560777106562476203921852514162124504473992802704816748679251849099198183778", "price": "0.97", "size": "30.14", "side": "SELL", "hash": "82a006070852750da198f139b0ea322ca13a27d1", "best_bid": "0.61", "best_ask": "0.69"}], "timestamp": "1769384612683", "event_type": "price_change"}}
{"_local_timestamp": "2026-01-25T23:44:07.785893+00:00", "data": {"market": "0x23d78e552ce471bd8023e53b85bb0eba8d379ed35e8f1b70fbdbf1665f740b45", "price_changes": [{"asset_id": "66915594789967838607151324918562992863882459697767761737579063950722083587758", "price": "0.52", "size": "275.88", "side": "BUY", "hash": "9aac872b0f33bd99d47c3aaf1b312069e2c091db", "best_bid": "0.52", "best_ask": "0.54"}, {"asset_id": "46018653459074182322336622707504864205815553648701542511774269745333148626006", "price": "0.48", "size": "275.88", "side": "SELL", "hash": "3910be10bb2f493e65e988d146ece32ed7dfe1f5", "best_bid": "0.46", "best_ask": "0.48"}], "timestamp": "1769384647487", "event_type": "price_change"}}
{"_local_timestamp": "2026-01-25T23:44:16.794543+00:00", "data": {"market": "0x23d78e552ce471bd8023e53b85bb0eba8d379ed35e8f1b70fbdbf1665f740b45", "price_changes": [{"asset_id": "66915594789967838607151324918562992863882459697767761737579063950722083587758", "price": "0.52", "size": "0", "side": "BUY", "hash": "4310bd06712f4693a16dbdc349fc33273c2f4c99", "best_bid": "0.5", "best_ask": "0.54"}, {"asset_id": "46018653459074182322336622707504864205815553648701542511774269745333148626006", "price": "0.48", "size": "0", "side": "SELL", "hash": "026ec5a09c77f1ccbf9fc9eb76b2be6eb4355f85", "best_bid": "0.46", "best_ask": "0.5"}], "timestamp": "1769384656704", "event_type": "price_change"}}
{"_local_timestamp": "2026-01-25T23:45:07.437084+00:00", "data": {"market": "0x23d78e552ce471bd8023e53b85bb0eba8d379ed35e8f1b70fbdbf1665f740b45", "price_changes": [{"asset_id": "66915594789967838607151324918562992863882459697767761737579063950722083587758", "price": "0.52", "size": "275.88", "side": "BUY", "hash": "7e771c2627874103a475b2b45661df1ca2880b04", "best_bid": "0.52", "best_ask": "0.54"}, {"asset_id": "46018653459074182322336622707504864205815553648701542511774269745333148626006", "price": "0.48", "size": "275.88", "side": "SELL", "hash": "3f0b4614215bf7ad5aa5f01a2bdcc4741dd63191", "best_bid": "0.46", "best_ask": "0.48"}], "timestamp": "1769384707357", "event_type": "price_change"}}
{"_local_timestamp": "2026-01-25T23:45:16.460841+00:00", "data": {"market": "0x23d78e552ce471bd8023e53b85bb0eba8d379ed35e8f1b70fbdbf1665f740b45", "price_changes": [{"asset_id": "66915594789967838607151324918562992863882459697767761737579063950722083587758", "price": "0.52", "size": "0", "side": "BUY", "hash": "0ac749a1803d74b641fef46649f1414c72a59a24", "best_bid": "0.5", "best_ask": "0.54"}, {"asset_id": "46018653459074182322336622707504864205815553648701542511774269745333148626006", "price": "0.48", "size": "0", "side": "SELL", "hash": "041a6aafa26477cb04563356dbb6faa3f8707095", "best_bid": "0.46", "best_ask": "0.5"}], "timestamp": "1769384716383", "event_type": "price_change"}}
{"_local_timestamp": "2026-01-25T23:45:38.563248+00:00", "data": {"market": "0x430aab94313e8455c1f733d721e644ece2ff011f9361e40792e0ef0078f1db7f", "price_changes": [{"asset_id": "95430313138053455452669233555625407095764588616214506709885886231580096928546", "price": "0.01", "size": "1080", "side": "BUY", "hash": "6ff3f592c1e0d2b2c5d240722a68b28fa7c99014", "best_bid": "0.31", "best_ask": "0.39"}, {"asset_id": "37560777106562476203921852514162124504473992802704816748679251849099198183778", "price": "0.99", "size": "1080", "side": "SELL", "hash": "711d383b3a1b7da0cde2f63063f037aa84537374", "best_bid": "0.61", "best_ask": "0.69"}], "timestamp": "1769384738498", "event_type": "price_change"}}
{"_local_timestamp": "2026-01-25T23:45:38.563715+00:00", "data": {"market": "0x430aab94313e8455c1f733d721e644ece2ff011f9361e40792e0ef0078f1db7f", "price_changes": [{"asset_id": "95430313138053455452669233555625407095764588616214506709885886231580096928546", "price": "0.03", "size": "0", "side": "BUY", "hash": "6ff3f592c1e0d2b2c5d240722a68b28fa7c99014", "best_bid": "0.31", "best_ask": "0.39"}, {"asset_id": "37560777106562476203921852514162124504473992802704816748679251849099198183778", "price": "0.97", "size": "0", "side": "SELL", "hash": "711d383b3a1b7da0cde2f63063f037aa84537374", "best_bid": "0.61", "best_ask": "0.69"}], "timestamp": "1769384738498", "event_type": "price_change"}}
{"_local_timestamp": "2026-01-25T23:45:40.891458+00:00", "data": {"market": "0x430aab94313e8455c1f733d721e644ece2ff011f9361e40792e0ef0078f1db7f", "price_changes": [{"asset_id": "95430313138053455452669233555625407095764588616214506709885886231580096928546", "price": "0.04", "size": "21.97", "side": "BUY", "hash": "0e4bf665ac1220c6b640774fbfbd60958dae5c2d", "best_bid": "0.31", "best_ask": "0.39"}, {"asset_id": "37560777106562476203921852514162124504473992802704816748679251849099198183778", "price": "0.96", "size": "21.97", "side": "SELL", "hash": "2a4ca15ef7a4df35c8cf2d3aee412a2d0adb0e34", "best_bid": "0.61", "best_ask": "0.69"}], "timestamp": "1769384740822", "event_type": "price_change"}}
{"_local_timestamp": "2026-01-25T23:45:40.891916+00:00", "data": {"market": "0x430aab94313e8455c1f733d721e644ece2ff011f9361e40792e0ef0078f1db7f", "price_changes": [{"asset_id": "95430313138053455452669233555625407095764588616214506709885886231580096928546", "price": "0.02", "size": "6.04", "side": "BUY", "hash": "7d8a369ef7db121c9a00ba27e8415b5688be82b8", "best_bid": "0.31", "best_ask": "0.39"}, {"asset_id": "37560777106562476203921852514162124504473992802704816748679251849099198183778", "price": "0.98", "size": "6.04", "side": "SELL", "hash": "fe39e7967c88074a5a4a73cc05ee74ef05a1dff9", "best_bid": "0.61", "best_ask": "0.69"}], "timestamp": "1769384740823", "event_type": "price_change"}}
{"_local_timestamp": "2026-01-25T23:46:07.509924+00:00", "data": {"market": "0x23d78e552ce471bd8023e53b85bb0eba8d379ed35e8f1b70fbdbf1665f740b45", "price_changes": [{"asset_id": "66915594789967838607151324918562992863882459697767761737579063950722083587758", "price": "0.52", "size": "275.88", "side": "BUY", "hash": "64d3d7acbb608ed04489715ce49898c87998a0e7", "best_bid": "0.52", "best_ask": "0.54"}, {"asset_id": "46018653459074182322336622707504864205815553648701542511774269745333148626006", "price": "0.48", "size": "275.88", "side": "SELL", "hash": "e486d70dd5c4303e14c5cb20e8218c67612b63b9", "best_bid": "0.46", "best_ask": "0.48"}], "timestamp": "1769384767442", "event_type": "price_change"}}
{"_local_timestamp": "2026-01-25T23:46:16.607856+00:00", "data": {"market": "0x23d78e552ce471bd8023e53b85bb0eba8d379ed35e8f1b70fbdbf1665f740b45", "price_changes": [{"asset_id": "66915594789967838607151324918562992863882459697767761737579063950722083587758", "price": "0.52", "size": "0", "side": "BUY", "hash": "459bedf6781bd9807611a76891f63788306acc21", "best_bid": "0.5", "best_ask": "0.54"}, {"asset_id": "46018653459074182322336622707504864205815553648701542511774269745333148626006", "price": "0.48", "size": "0", "side": "SELL", "hash": "79aa9a76e331b45a815eb744ee1e7ae2757ae578", "best_bid": "0.46", "best_ask": "0.5"}], "timestamp": "1769384776542", "event_type": "price_change"}}
{"_local_timestamp": "2026-01-25T23:46:27.679616+00:00", "data": {"market": "0x001c353c244069dd4cec7256cffa9fc72b8b2a2bd81e11f314915952383b797c", "price_changes": [{"asset_id": "98867440143782499399674888810263190696616181738650068135963226850224142943896", "price": "0.31", "size": "15533", "side": "BUY", "hash": "574b4876f516e14e7830da6c85eee16948834ca3", "best_bid": "0.35", "best_ask": "0.36"}, {"asset_id": "4589173697576215557807730046205275848276913777924790840802497320319533822442", "price": "0.69", "size": "15533", "side": "SELL", "hash": "ee1c5783e654ad3e0334344600ef7d5277231dfb", "best_bid": "0.64", "best_ask": "0.65"}], "timestamp": "1769384787602", "event_type": "price_change"}}
{"_local_timestamp": "2026-01-25T23:46:27.735556+00:00", "data": {"market": "0x69c21de45081ceb2599dabad7f481aaacc0e7f3b22d55ea0667cd26cb7cbaa5d", "price_changes": [{"asset_id": "95833687944204395178644553938557402901807372021065005817737904173376861684535", "price": "0.36", "size": "3500", "side": "BUY", "hash": "d0e5ee6adb32def7ed9956797609e29e94fb0896", "best_bid": "0.36", "best_ask": "0.57"}, {"asset_id": "100233781824635313531098218672545101599006374140235361511227178660459237562434", "price": "0.64", "size": "3500", "side": "SELL", "hash": "ef7809a7b287346c1992e57b71ec0400862e541a", "best_bid": "0.43", "best_ask": "0.64"}], "timestamp": "1769384787651", "event_type": "price_change"}}
{"_local_timestamp": "2026-01-25T23:46:27.745416+00:00", "data": {"market": "0x23d78e552ce471bd8023e53b85bb0eba8d379ed35e8f1b70fbdbf1665f740b45", "price_changes": [{"asset_id": "46018653459074182322336622707504864205815553648701542511774269745333148626006", "price": "0.42", "size": "500", "side": "BUY", "hash": "78c1411163a4ed5b548a4c04ee5d00b7cc08cbbe", "best_bid": "0.46", "best_ask": "0.5"}, {"asset_id": "66915594789967838607151324918562992863882459697767761737579063950722083587758", "price": "0.58", "size": "500", "side": "SELL", "hash": "000558ce5ed80b49440ffb2a30e66355e2879f44", "best_bid": "0.5", "best_ask": "0.54"}], "timestamp": "1769384787655", "event_type": "price_change"}}
{"_local_timestamp": "2026-01-25T23:46:27.746969+00:00", "data": {"market": "0x69c21de45081ceb2599dabad7f481aaacc0e7f3b22d55ea0667cd26cb7cbaa5d", "price_changes": [{"asset_id": "100233781824635313531098218672545101599006374140235361511227178660459237562434", "price": "0.54", "size": "500", "side": "BUY", "hash": "13165dcfaf13d2debc5098e76c25cf77458558b1", "best_bid": "0.54", "best_ask": "0.64"}, {"asset_id": "95833687944204395178644553938557402901807372021065005817737904173376861684535", "price": "0.46", "size": "500", "side": "SELL", "hash": "6ddf640ea254156989ee56e57b5cd60ef1537acb", "best_bid": "0.36", "best_ask": "0.46"}], "timestamp": "1769384787660", "event_type": "price_change"}}
{"_local_timestamp": "2026-01-25T23:46:27.756814+00:00", "data": {"market": "0x328130f0da1f2c17aac372d21fe4c70578148b75a0e7fd5cb9d447a3ab0abcca", "price_changes": [{"asset_id": "48515630200218192130095781577889005928645379611634750543937984784940018019452", "price": "0.54", "size": "500", "side": "BUY", "hash": "9699793ca125e319add91a31aa6468645bd6900a", "best_bid": "0.54", "best_ask": "0.64"}, {"asset_id": "30857296026074536312265576593963624541093088013639808793889303170254514526472", "price": "0.46", "size": "500", "side": "SELL", "hash": "21f475749b6627c8770c0be0c0f293f25c873363", "best_bid": "0.36", "best_ask": "0.46"}], "timestamp": "1769384787667", "event_type": "price_change"}}
{"_local_timestamp": "2026-01-25T23:46:27.763394+00:00", "data": {"market": "0x001c353c244069dd4cec7256cffa9fc72b8b2a2bd81e11f314915952383b797c", "price_changes": [{"asset_id": "4589173697576215557807730046205275848276913777924790840802497320319533822442", "price": "0.57", "size": "1350", "side": "BUY", "hash": "6832288d6582a81a3a876afd0a3480abf31d4ca9", "best_bid": "0.64", "best_ask": "0.65"}, {"asset_id": "98867440143782499399674888810263190696616181738650068135963226850224142943896", "price": "0.43", "size": "1350", "side": "SELL", "hash": "ca176d63f2e0b235bebd5b68f38b3c315ccdd4a6", "best_bid": "0.35", "best_ask": "0.36"}], "timestamp": "1769384787667", "event_type": "price_change"}}
{"_local_timestamp": "2026-01-25T23:46:27.772121+00:00", "data": {"market": "0x328130f0da1f2c17aac372d21fe4c70578148b75a0e7fd5cb9d447a3ab0abcca", "price_changes": [{"asset_id": "30857296026074536312265576593963624541093088013639808793889303170254514526472", "price": "0.36", "size": "3500", "side": "BUY", "hash": "871429c2a8a6866ac05c1d456ef8122e7d4c0896", "best_bid": "0.36", "best_ask": "0.46"}, {"asset_id": "48515630200218192130095781577889005928645379611634750543937984784940018019452", "price": "0.64", "size": "3500", "side": "SELL", "hash": "74c94d1c02d2d3609be0d6b999bd34981a7273ba", "best_bid": "0.54", "best_ask": "0.64"}], "timestamp": "1769384787685", "event_type": "price_change"}}
{"_local_timestamp": "2026-01-25T23:46:27.789155+00:00", "data": {"market": "0x23d78e552ce471bd8023e53b85bb0eba8d379ed35e8f1b70fbdbf1665f740b45", "price_changes": [{"asset_id": "66915594789967838607151324918562992863882459697767761737579063950722083587758", "price": "0.48", "size": "500", "side": "BUY", "hash": "c8003aa6885bb147a4af3287bc727da190432aa2", "best_bid": "0.5", "best_ask": "0.54"}, {"asset_id": "46018653459074182322336622707504864205815553648701542511774269745333148626006", "price": "0.52", "size": "500", "side": "SELL", "hash": "9e4e6d4c8336f63b4c57664f78c4ced439729d84", "best_bid": "0.46", "best_ask": "0.5"}], "timestamp": "1769384787697", "event_type": "price_change"}}
{"_local_timestamp": "2026-01-25T23:46:30.306650+00:00", "data": {"market": "0x328130f0da1f2c17aac372d21fe4c70578148b75a0e7fd5cb9d447a3ab0abcca", "price_changes": [{"asset_id": "48515630200218192130095781577889005928645379611634750543937984784940018019452", "price": "0.07", "size": "0", "side": "BUY", "hash": "f96103efb494404cb91eec7d867c64fc1d02d5ba", "best_bid": "0.54", "best_ask": "0.64"}, {"asset_id": "30857296026074536312265576593963624541093088013639808793889303170254514526472", "price": "0.93", "size": "0", "side": "SELL", "hash": "53e48e1ba6e65696e2089cc30d181f55b66aac1a", "best_bid": "0.36", "best_ask": "0.46"}], "timestamp": "1769384790227", "event_type": "price_change"}}
{"_local_timestamp": "2026-01-25T23:46:33.640761+00:00", "data": {"market": "0x328130f0da1f2c17aac372d21fe4c70578148b75a0e7fd5cb9d447a3ab0abcca", "price_changes": [{"asset_id": "48515630200218192130095781577889005928645379611634750543937984784940018019452", "price": "0.06", "size": "0", "side": "BUY", "hash": "f2647878fdc7c3beaed9a5e5f87cd58bcb037fc2", "best_bid": "0.54", "best_ask": "0.64"}, {"asset_id": "30857296026074536312265576593963624541093088013639808793889303170254514526472", "price": "0.94", "size": "0", "side": "SELL", "hash": "0386767f3aff519238c32d6da72f16eed2fe446c", "best_bid": "0.36", "best_ask": "0.46"}], "timestamp": "1769384793557", "event_type": "price_change"}}
