{"_local_timestamp": "2026-01-25T23:41:29.012179+00:00", "data": [{"market": "0xd6482b74ce29e18581017f8364b840a8d5723d7cbb5c6c2363b36f0c556fd25d", "asset_id": "22425614994185906400113524375786294760407587220953520804264545528199207946312", "timestamp": "1769384488555", "hash": "98ef57394134634a1fd4fa07e7ce072807775c3c", "bids": [{"price": "0.01", "size": "10651.94"}, {"price": "0.02", "size": "400"}, {"price": "0.03", "size": "33.63"}, {"price": "0.11", "size": "1190.11"}, {"price": "0.12", "size": "890.11"}, {"price": "0.17", "size": "10"}, {"price": "0.18", "size": "1096.11"}, {"price": "0.19", "size": "5047.43"}], "asks": [{"price": "0.99", "size": "10742.81"}, {"price": "0.98", "size": "306.24"}, {"price": "0.97", "size": "400"}, {"price": "0.96", "size": "20.28"}, {"price": "0.87", "size": "1190.11"}, {"price": "0.86", "size": "890.11"}, {"price": "0.83", "size": "10"}, {"price": "0.75", "size": "190"}], "event_type": "book", "last_trade_price": ""}, {"market": "0xd6482b74ce29e18581017f8364b840a8d5723d7cbb5c6c2363b36f0c556fd25d", "asset_id": "28269408801821950904468284224553563376473043812295945624058951837085632306775", "timestamp": "1769384488555", "hash": "7dca77bc29e36a92b1dc013a3390d1185e986b4b", "bids": [{"price": "0.01", "size": "10742.81"}, {"price": "0.02", "size": "306.24"}, {"price": "0.03", "size": "400"}, {"price": "0.04", "size": "20.28"}, {"price": "0.13", "size": "1190.11"}, {"price": "0.14", "size": "890.11"}, {"price": "0.17", "size": "10"}, {"price": "0.25", "size": "190"}], "asks": [{"price": "0.99", "size": "10651.94"}, {"price": "0.98", "size": "400"}, {"price": "0.97", "size": "33.63"}, {"price": "0.89", "size": "1190.11"}, {"price": "0.88", "size": "890.11"}, {"price": "0.83", "size": "10"}, {"price": "0.82", "size": "1096.11"}, {"price": "0.81", "size": "5047.43"}], "event_type": "book", "last_trade_price": ""}]}
{"_local_timestamp": "2026-01-25T23:41:32.478323+00:00", "data": {"market": "0xd6482b74ce29e18581017f8364b840a8d5723d7cbb5c6c2363b36f0c556fd25d", "price_changes": [{"asset_id": "22425614994185906400113524375786294760407587220953520804264545528199207946312", "price": "0.18", "size": "946.11", "side": "BUY", "hash": "80acf8cccc4aca9939e14c20400eb2c1b61fe5df", "best_bid": "0.19", "best_ask": "0.75"}, {"asset_id": "28269408801821950904468284224553563376473043812295945624058951837085632306775", "price": "0.82", "size": "946.11", "side": "SELL", "hash": "02981fd378c4dfa9f379a9a3418d7c1cb5be3df4", "best_bid": "0.25", "best_ask": "0.81"}], "timestamp": "1769384492413", "event_type": "price_change"}}
{"_local_timestamp": "2026-01-25T23:41:32.602441+00:00", "data": {"market": "0xd6482b74ce29e18581017f8364b840a8d5723d7cbb5c6c2363b36f0c556fd25d", "price_changes": [{"asset_id": "22425614994185906400113524375786294760407587220953520804264545528199207946312", "price": "0.19", "size": "890.11", "side": "BUY", "hash": "0c9c5d913fa1469784dc7a372ca51ab62d1bb049", "best_bid": "0.19", "best_ask": "0.75"}, {"asset_id": "28269408801821950904468284224553563376473043812295945624058951837085632306775", "price": "0.81", "size": "890.11", "side": "SELL", "hash": "088233402ffb05839396cd03807ed18c85e14363", "best_bid": "0.25", "best_ask": "0.81"}], "timestamp": "1769384492505", "event_type": "price_change"}}
{"_local_timestamp": "2026-01-25T23:41:36.161398+00:00", "data": {"market": "0xd6482b74ce29e18581017f8364b840a8d5723d7cbb5c6c2363b36f0c556fd25d", "price_changes": [{"asset_id": "22425614994185906400113524375786294760407587220953520804264545528199207946312", "price": "0.2", "size": "150", "side": "BUY", "hash": "9ecd50dc6e157d71679e0580c90b94c037f9cc49", "best_bid": "0.2", "best_ask": "0.75"}, {"asset_id": "28269408801821950904468284224553563376473043812295945624058951837085632306775", "price": "0.8", "size": "150", "side": "SELL", "hash": "cf2b98fd53c4ac70c0f24a2318e8d3fe0a5daf55", "best_bid": "0.25", "best_ask": "0.8"}], "timestamp": "1769384496071", "event_type": "price_change"}}
{"_local_timestamp": "2026-01-25T23:41:36.220760+00:00", "data": {"market": "0xd6482b74ce29e18581017f8364b840a8d5723d7cbb5c6c2363b36f0c556fd25d", "price_changes": [{"asset_id": "22425614994185906400113524375786294760407587220953520804264545528199207946312", "price": "0.19", "size": "0", "side": "BUY", "hash": "20c1f337e825c210ad8da075530a391c9a83fd2f", "best_bid": "0.2", "best_ask": "0.75"}, {"asset_id": "28269408801821950904468284224553563376473043812295945624058951837085632306775", "price": "0.81", "size": "0", "side": "SELL", "hash": "b5eea13479aabcd44e5e3cb3675b98b4ee356203", "best_bid": "0.25", "best_ask": "0.8"}], "timestamp": "1769384496144", "event_type": "price_change"}}
{"_local_timestamp": "2026-01-25T23:41:36.222093+00:00", "data": {"market": "0xd6482b74ce29e18581017f8364b840a8d5723d7cbb5c6c2363b36f0c556fd25d", "price_changes": [{"asset_id": "22425614994185906400113524375786294760407587220953520804264545528199207946312", "price": "0.18", "size": "56", "side": "BUY", "hash": "20c1f337e825c210ad8da075530a391c9a83fd2f", "best_bid": "0.2", "best_ask": "0.75"}, {"asset_id": "28269408801821950904468284224553563376473043812295945624058951837085632306775", "price": "0.82", "size": "56", "side": "SELL", "hash": "b5eea13479aabcd44e5e3cb3675b98b4ee356203", "best_bid": "0.25", "best_ask": "0.8"}], "timestamp": "1769384496144", "event_type": "price_change"}}
{"_local_timestamp": "2026-01-25T23:41:36.249429+00:00", "data": {"market": "0xd6482b74ce29e18581017f8364b840a8d5723d7cbb5c6c2363b36f0c556fd25d", "price_changes": [{"asset_id": "22425614994185906400113524375786294760407587220953520804264545528199207946312", "price": "0.18", "size": "0", "side": "BUY", "hash": "9abe4e1ca47f18208b7795e30f81c23217f0dd05", "best_bid": "0.2", "best_ask": "0.75"}, {"asset_id": "28269408801821950904468284224553563376473043812295945624058951837085632306775", "price": "0.82", "size": "0", "side": "SELL", "hash": "21972c93341879a8332bcec29838eca34bc23ac0", "best_bid": "0.25", "best_ask": "0.8"}], "timestamp": "1769384496174", "event_type": "price_change"}}
{"_local_timestamp": "2026-01-25T23:41:36.313963+00:00", "data": {"market": "0xd6482b74ce29e18581017f8364b840a8d5723d7cbb5c6c2363b36f0c556fd25d", "price_changes": [{"asset_id": "22425614994185906400113524375786294760407587220953520804264545528199207946312", "price": "0.2", "size": "200", "side": "BUY", "hash": "472c718a5611bc8812cd616fcea2f7862a204c6d", "best_bid": "0.2", "best_ask": "0.75"}, {"asset_id": "28269408801821950904468284224553563376473043812295945624058951837085632306775", "price": "0.8", "size": "200", "side": "SELL", "hash": "6218b998d1715def9fd2dd02f9bc3ced6170e282", "best_bid": "0.25", "best_ask": "0.8"}], "timestamp": "1769384496232", "event_type": "price_change"}}
{"_local_timestamp": "2026-01-25T23:41:36.517997+00:00", "data": {"market": "0xd6482b74ce29e18581017f8364b840a8d5723d7cbb5c6c2363b36f0c556fd25d", "price_changes": [{"asset_id": "22425614994185906400113524375786294760407587220953520804264545528199207946312", "price": "0.2", "size": "1090.11", "side": "BUY", "hash": "50fed97d73f61a7fc14cac47dce164f67f2d3374", "best_bid": "0.2", "best_ask": "0.75"}, {"asset_id": "28269408801821950904468284224553563376473043812295945624058951837085632306775", "price": "0.8", "size": "1090.11", "side": "SELL", "hash": "aba0421bb51df3262c13b4e64664245e18fecd4c", "best_bid": "0.25", "best_ask": "0.8"}], "timestamp": "1769384496451", "event_type": "price_change"}}
{"_local_timestamp": "2026-01-25T23:41:36.518482+00:00", "data": {"market": "0xd6482b74ce29e18581017f8364b840a8d5723d7cbb5c6c2363b36f0c556fd25d", "price_changes": [{"asset_id": "22425614994185906400113524375786294760407587220953520804264545528199207946312", "price": "0.21", "size": "890.11", "side": "BUY", "hash": "33911eaea544484ccca3b624c68e39f91a9db01a", "best_bid": "0.21", "best_ask": "0.75"}, {"asset_id": "28269408801821950904468284224553563376473043812295945624058951837085632306775", "price": "0.79", "size": "890.11", "side": "SELL", "hash": "460c3585f7b26288dd89bb2e8735f55e61ac044a", "best_bid": "0.25", "best_ask": "0.79"}], "timestamp": "1769384496451", "event_type": "price_change"}}
{"_local_timestamp": "2026-01-25T23:41:46.108568+00:00", "data": {"market": "0xd6482b74ce29e18581017f8364b840a8d5723d7cbb5c6c2363b36f0c556fd25d", "price_changes": [{"asset_id": "22425614994185906400113524375786294760407587220953520804264545528199207946312", "price": "0.01", "size": "11051.94", "side": "BUY", "hash": "b9be5cdb97b016db158f53ef5d0cc4ef22efcd48", "best_bid": "0.21", "best_ask": "0.75"}, {"asset_id": "28269408801821950904468284224553563376473043812295945624058951837085632306775", "price": "0.99", "size": "11051.94", "side": "SELL", "hash": "006e09805cfeb7e7bca8d40e32f8cbaa8505f1e1", "best_bid": "0.25", "best_ask": "0.79"}], "timestamp": "1769384506018", "event_type": "price_change"}}
{"_local_timestamp": "2026-01-25T23:41:46.110735+00:00", "data": {"market": "0xd6482b74ce29e18581017f8364b840a8d5723d7cbb5c6c2363b36f0c556fd25d", "price_changes": [{"asset_id": "28269408801821950904468284224553563376473043812295945624058951837085632306775", "price": "0.03", "size": "700", "side": "BUY", "hash": "772a8aaf94fd34b5846c02eb0772ef667f6f18bf", "best_bid": "0.25", "best_ask": "0.79"}, {"asset_id": "22425614994185906400113524375786294760407587220953520804264545528199207946312", "price": "0.97", "size": "700", "side": "SELL", "hash": "078d9d38f42f2ad58cc8c7679a7bd618d5355a08", "best_bid": "0.21", "best_ask": "0.75"}], "timestamp": "1769384506019", "event_type": "price_change"}}
{"_local_timestamp": "2026-01-25T23:41:46.155514+00:00", "data": {"market": "0xd6482b74ce29e18581017f8364b840a8d5723d7cbb5c6c2363b36f0c556fd25d", "price_changes": [{"asset_id": "22425614994185906400113524375786294760407587220953520804264545528199207946312", "price": "0.12", "size": "0", "side": "BUY", "hash": "5e85666cb87390351989506fe071630e4069a734", "best_bid": "0.21", "best_ask": "0.75"}, {"asset_id": "28269408801821950904468284224553563376473043812295945624058951837085632306775", "price": "0.88", "size": "0", "side": "SELL", "hash": "e7476b75f89b671b44e54ff028b43eee0745185e", "best_bid": "0.25", "best_ask": "0.79"}], "timestamp": "1769384506085", "event_type": "price_change"}}
{"_local_timestamp": "2026-01-25T23:41:46.162586+00:00", "data": {"market": "0xd6482b74ce29e18581017f8364b840a8d5723d7cbb5c6c2363b36f0c556fd25d", "price_changes": [{"asset_id": "22425614994185906400113524375786294760407587220953520804264545528199207946312", "price": "0.11", "size": "300", "side": "BUY", "hash": "5e85666cb87390351989506fe071630e4069a734", "best_bid": "0.21", "best_ask": "0.75"}, {"asset_id": "28269408801821950904468284224553563376473043812295945624058951837085632306775", "price": "0.89", "size": "300", "side": "SELL", "hash": "e7476b75f89b671b44e54ff028b43eee0745185e", "best_bid": "0.25", "best_ask": "0.79"}], "timestamp": "1769384506085", "event_type": "price_change"}}
{"_local_timestamp": "2026-01-25T23:41:46.163057+00:00", "data": {"market": "0xd6482b74ce29e18581017f8364b840a8d5723d7cbb5c6c2363b36f0c556fd25d", "price_changes": [{"asset_id": "22425614994185906400113524375786294760407587220953520804264545528199207946312", "price": "0.02", "size": "1670.1", "side": "BUY", "hash": "f18f8da336115522148b5a008543d771a205549a", "best_bid": "0.21", "best_ask": "0.75"}, {"asset_id": "28269408801821950904468284224553563376473043812295945624058951837085632306775", "price": "0.98", "size": "1670.1", "side": "SELL", "hash": "d7a2a5e73aeb33655cd272788d2f7e98e5665b8f", "best_bid": "0.25", "best_ask": "0.79"}], "timestamp": "1769384506099", "event_type": "price_change"}}
{"_local_timestamp": "2026-01-25T23:41:46.170014+00:00", "data": {"market": "0xd6482b74ce29e18581017f8364b840a8d5723d7cbb5c6c2363b36f0c556fd25d", "price_changes": [{"asset_id": "22425614994185906400113524375786294760407587220953520804264545528199207946312", "price": "0.02", "size": "2560.21", "side": "BUY", "hash": "46ef5c6281bb16bd56bf6d015ec88018d66cc06a", "best_bid": "0.21", "best_ask": "0.75"}, {"asset_id": "28269408801821950904468284224553563376473043812295945624058951837085632306775", "price": "0.98", "size": "2560.21", "side": "SELL", "hash": "7c71b6c01f5d924da2c2dafa54c899f08c7610de", "best_bid": "0.25", "best_ask": "0.79"}], "timestamp": "1769384506100", "event_type": "price_change"}}
{"_local_timestamp": "2026-01-25T23:41:46.181004+00:00", "data": {"market": "0xd6482b74ce29e18581017f8364b840a8d5723d7cbb5c6c2363b36f0c556fd25d", "price_changes": [{"asset_id": "22425614994185906400113524375786294760407587220953520804264545528199207946312", "price": "0.02", "size": "4557.32", "side": "BUY", "hash": "f5e1949eb1897a88c1d2e8bfd32048a4cfa92df8", "best_bid": "0.21", "best_ask": "0.75"}, {"asset_id": "28269408801821950904468284224553563376473043812295945624058951837085632306775", "price": "0.98", "size": "4557.32", "side": "SELL", "hash": "0d212a01c541fda582037d2cdf0dc5fc3444985e", "best_bid": "0.25", "best_ask": "0.79"}], "timestamp": "1769384506101", "event_type": "price_change"}}
{"_local_timestamp": "2026-01-25T23:41:46.339879+00:00", "data": {"market": "0xd6482b74ce29e18581017f8364b840a8d5723d7cbb5c6c2363b36f0c556fd25d", "price_changes": [{"asset_id": "22425614994185906400113524375786294760407587220953520804264545528199207946312", "price": "0.2", "size": "940.11", "side": "BUY", "hash": "5606402f8f2c834f572284cabb6bd0e802bf2be8", "best_bid": "0.21", "best_ask": "0.75"}, {"asset_id": "28269408801821950904468284224553563376473043812295945624058951837085632306775", "price": "0.8", "size": "940.11", "side": "SELL", "hash": "40df4d5145375404060f6b991921ba37233fac2e", "best_bid": "0.25", "best_ask": "0.79"}], "timestamp": "1769384506270", "event_type": "price_change"}}
{"_local_timestamp": "2026-01-25T23:41:46.398584+00:00", "data": {"market": "0xd6482b74ce29e18581017f8364b840a8d5723d7cbb5c6c2363b36f0c556fd25d", "price_changes": [{"asset_id": "22425614994185906400113524375786294760407587220953520804264545528199207946312", "price": "0.12", "size": "890.11", "side": "BUY", "hash": "d77b768ce93b3706c2a00be770db83acf258ed13", "best_bid": "0.21", "best_ask": "0.75"}, {"asset_id": "28269408801821950904468284224553563376473043812295945624058951837085632306775", "price": "0.88", "size": "890.11", "side": "SELL", "hash": "ef62c85679187d30aed1868595668fad9e1823dc", "best_bid": "0.25", "best_ask": "0.79"}], "timestamp": "1769384506330", "event_type": "price_change"}}
{"_local_timestamp": "2026-01-25T23:41:46.399043+00:00", "data": {"market": "0xd6482b74ce29e18581017f8364b840a8d5723d7cbb5c6c2363b36f0c556fd25d", "price_changes": [{"asset_id": "22425614994185906400113524375786294760407587220953520804264545528199207946312", "price": "0.11", "size": "1190.11", "side": "BUY", "hash": "0f2c45959117118695542610a589b0e393c35a3b", "best_bid": "0.21", "best_ask": "0.75"}, {"asset_id": "28269408801821950904468284224553563376473043812295945624058951837085632306775", "price": "0.89", "size": "1190.11", "side": "SELL", "hash": "999e595b9a199b720710f2b9b371229b6966527e", "best_bid": "0.25", "best_ask": "0.79"}], "timestamp": "1769384506330", "event_type": "price_change"}}
{"_local_timestamp": "2026-01-25T23:41:46.399383+00:00", "data": {"market": "0xd6482b74ce29e18581017f8364b840a8d5723d7cbb5c6c2363b36f0c556fd25d", "price_changes": [{"asset_id": "22425614994185906400113524375786294760407587220953520804264545528199207946312", "price": "0.03", "size": "6032.74", "side": "BUY", "hash": "cabf317a511e6642a41f1c73dbc8088e7c476e44", "best_bid": "0.21", "best_ask": "0.75"}, {"asset_id": "28269408801821950904468284224553563376473043812295945624058951837085632306775", "price": "0.97", "size": "6032.74", "side": "SELL", "hash": "cdd697f3ad6d1d578b9218c90b3cfa390f371cd8", "best_bid": "0.25", "best_ask": "0.79"}], "timestamp": "1769384506331", "event_type": "price_change"}}
{"_local_timestamp": "2026-01-25T23:41:46.698605+00:00", "data": {"market": "0xd6482b74ce29e18581017f8364b840a8d5723d7cbb5c6c2363b36f0c556fd25d", "price_changes": [{"asset_id": "22425614994185906400113524375786294760407587220953520804264545528199207946312", "price": "0.22", "size": "150", "side": "BUY", "hash": "a09ed065747bb2d3a42ae35b68835e40200d23cb", "best_bid": "0.22", "best_ask": "0.75"}, {"asset_id": "28269408801821950904468284224553563376473043812295945624058951837085632306775", "price": "0.78", "size": "150", "side": "SELL", "hash": "52cc5c2de00e8d58329d471e8385c2a5bc9b9d2d", "best_bid": "0.25", "best_ask": "0.78"}], "timestamp": "1769384506634", "event_type": "price_change"}}
{"_local_timestamp": "2026-01-25T23:41:46.770052+00:00", "data": {"market": "0xd6482b74ce29e18581017f8364b840a8d5723d7cbb5c6c2363b36f0c556fd25d", "price_changes": [{"asset_id": "22425614994185906400113524375786294760407587220953520804264545528199207946312", "price": "0.2", "size": "890.11", "side": "BUY", "hash": "ac67f8913ca4e681e5b4a52cbef1ae2a25392090", "best_bid": "0.22", "best_ask": "0.75"}, {"asset_id": "28269408801821950904468284224553563376473043812295945624058951837085632306775", "price": "0.8", "size": "890.11", "side": "SELL", "hash": "cb5268a73a45a97c9ac6287d6a58ae5a846fe259", "best_bid": "0.25", "best_ask": "0.78"}], "timestamp": "1769384506705", "event_type": "price_change"}}
{"_local_timestamp": "2026-01-25T23:41:46.834458+00:00", "data": {"market": "0xd6482b74ce29e18581017f8364b840a8d5723d7cbb5c6c2363b36f0c556fd25d", "price_changes": [{"asset_id": "22425614994185906400113524375786294760407587220953520804264545528199207946312", "price": "0.22", "size": "195", "side": "BUY", "hash": "002d6b98c80d3aa94b8d269215f47fc898c06d8b", "best_bid": "0.22", "best_ask": "0.75"}, {"asset_id": "28269408801821950904468284224553563376473043812295945624058951837085632306775", "price": "0.78", "size": "195", "side": "SELL", "hash": "eb381e9ea7aff570368be311fd3c15137ed3347e", "best_bid": "0.25", "best_ask": "0.78"}], "timestamp": "1769384506769", "event_type": "price_change"}}
