{"_local_timestamp": "2026-01-25T23:41:19.437288+00:00", "data": [{"market": "0x21c1ab59854ef97db09389000f63690053a6f07a486919f5eeac2228d109b629", "asset_id": "46994023305162989096207795496701719713724144516214350186122362509163110279703", "timestamp": "1769384410154", "hash": "649b6c5654f96bf25375d49f416a5441bcd1e900", "bids": [{"price": "0.01", "size": "200.64"}, {"price": "0.02", "size": "39.67"}, {"price": "0.04", "size": "29.99"}], "asks": [{"price": "0.99", "size": "209.02"}, {"price": "0.98", "size": "25.23"}, {"price": "0.97", "size": "5.47"}], "event_type": "book", "last_trade_price": ""}, {"market": "0x21c1ab59854ef97db09389000f63690053a6f07a486919f5eeac2228d109b629", "asset_id": "26328826323371699730268026683550734751036975986867833370449077522996149735299", "timestamp": "1769384410154", "hash": "9e95218930f34329720c02d1613cbc73f9e00e56", "bids": [{"price": "0.01", "size": "209.02"}, {"price": "0.02", "size": "25.23"}, {"price": "0.03", "size": "5.47"}], "asks": [{"price": "0.99", "size": "200.64"}, {"price": "0.98", "size": "39.67"}, {"price": "0.96", "size": "29.99"}], "event_type": "book", "last_trade_price": ""}, {"market": "0x43d148dca6b5e193615bc282f12d374e37cffc1c045171c2836d6dde45c394d5", "asset_id": "84261748973839098909278543067609198849881883339355739146851991526281884423186", "timestamp": "1769384425859", "hash": "2f7894b04ef5d71934ccd01a85b876381d1b026b", "bids": [{"price": "0.01", "size": "7284.4"}, {"price": "0.02", "size": "47.35"}, {"price": "0.15", "size": "50"}, {"price": "0.35", "size": "1067.99"}, {"price": "0.38", "size": "851.5"}, {"price": "0.39", "size": "1997.11"}, {"price": "0.41", "size": "644.38"}, {"price": "0.42", "size": "2160.21"}, {"price": "0.44", "size": "445.38"}, {"price": "0.47", "size": "251.99"}, {"price": "0.48", "size": "851.25"}, {"price": "0.49", "size": "1140.61"}, {"price": "0.5", "size": "890.11"}], "asks": [{"price": "0.99", "size": "7284.63"}, {"price": "0.98", "size": "47.23"}, {"price": "0.85", "size": "50"}, {"price": "0.73", "size": "1149"}, {"price": "0.7", "size": "904.3"}, {"price": "0.69", "size": "1997.11"}, {"price": "0.67", "size": "677.5"}, {"price": "0.66", "size": "2160.21"}, {"price": "0.64", "size": "464.19"}, {"price": "0.61", "size": "260.5"}, {"price": "0.6", "size": "259.25"}, {"price": "0.59", "size": "1147.86"}, {"price": "0.58", "size": "1490.11"}, {"price": "0.57", "size": "890.11"}], "event_type": "book", "last_trade_price": ""}, {"market": "0x4ce40c95f8e904a736ed89ad7b9202f4c220ebb1862656a788a6da4116b0f434", "asset_id": "13906548632296892964125125203698575597202048155370793959834691274541212923753", "timestamp": "1769384476149", "hash": "7d53750eb284fe17cf8f628fedcece5a8dc11c4e", "bids": [{"price": "0.01", "size": "7239.31"}, {"price": "0.02", "size": "4157.32"}, {"price": "0.03", "size": "29.93"}, {"price": "0.2", "size": "200"}, {"price": "0.27", "size": "200"}, {"price": "0.57", "size": "1390.11"}, {"price": "0.58", "size": "890.11"}, {"price": "0.59", "size": "100"}], "asks": [{"price": "0.99", "size": "7238.97"}, {"price": "0.98", "size": "4157.32"}, {"price": "0.97", "size": "30.04"}, {"price": "0.7", "size": "50"}, {"price": "0.69", "size": "1490.11"}, {"price": "0.68", "size": "890.11"}], "event_type": "book", "last_trade_price": ""}, {"market": "0x0cc58400b196e6a24c07e46216926a171d3ce9492bbee95efdceffc938bdedea", "asset_id": "103892935187735588002079244543829871143734402451214370888220312321850546195147", "timestamp": "1769384425858", "hash": "17ff7bb2380898e2ef96da83c524875c65e9a1a6", "bids": [{"price": "0.01", "size": "7184.63"}, {"price": "0.02", "size": "47.23"}, {"price": "0.15", "size": "50"}, {"price": "0.27", "size": "1149"}, {"price": "0.3", "size": "904.3"}, {"price": "0.31", "size": "1997.11"}, {"price": "0.33", "size": "677.5"}, {"price": "0.34", "size": "2160.21"}, {"price": "0.36", "size": "464.19"}, {"price": "0.39", "size": "260.5"}, {"price": "0.4", "size": "259.25"}, {"price": "0.41", "size": "1147.86"}, {"price": "0.42", "size": "1490.11"}, {"price": "0.43", "size": "890.11"}], "asks": [{"price": "0.99", "size": "7184.4"}, {"price": "0.98", "size": "7.18"}, {"price": "0.95", "size": "16.06"}, {"price": "0.92", "size": "5999.11"}, {"price": "0.85", "size": "50"}, {"price": "0.65", "size": "1067.99"}, {"price": "0.62", "size": "851.5"}, {"price": "0.61", "size": "1997.11"}, {"price": "0.59", "size": "644.38"}, {"price": "0.58", "size": "2160.21"}, {"price": "0.56", "size": "445.38"}, {"price": "0.53", "size": "251.99"}, {"price": "0.52", "size": "851.25"}, {"price": "0.51", "size": "1140.61"}, {"price": "0.5", "size": "890.11"}], "event_type": "book", "last_trade_price": ""}, {"market": "0xdbcbdd0aba143b1538c42910f4962cba415c41e8172aa898293a58715a903140", "asset_id": "13953427897363360093923369640067938780436829137816775422711279451005325016519", "timestamp": "1769384425881", "hash": "0cb41bc96d776a294772c3ed1ec861fb09e6cca4", "bids": [{"price": "0.01", "size": "7284.32"}, {"price": "0.02", "size": "4164.42"}, {"price": "0.03", "size": "4157.32"}, {"price": "0.05", "size": "16.11"}, {"price": "0.15", "size": "50"}, {"price": "0.48", "size": "1490.11"}, {"price": "0.49", "size": "890.11"}, {"price": "0.55", "size": "1.02"}], "asks": [{"price": "0.99", "size": "8174.24"}, {"price": "0.98", "size": "5047.43"}, {"price": "0.97", "size": "31.66"}, {"price": "0.94", "size": "10156.43"}, {"price": "0.85", "size": "50"}, {"price": "0.6", "size": "91.75"}, {"price": "0.58", "size": "1390.11"}, {"price": "0.57", "size": "890.11"}], "event_type": "book", "last_trade_price": "0.450"}, {"market": "0x43d148dca6b5e193615bc282f12d374e37cffc1c045171c2836d6dde45c394d5", "asset_id": "79739222626158755260103198595270213615580878636601163847435278985375776200437", "timestamp": "1769384425859", "hash": "e64b39bc00172789299ecc72cb5e6d11e0b43c55", "bids": [{"price": "0.01", "size": "7284.63"}, {"price": "0.02", "size": "47.23"}, {"price": "0.15", "size": "50"}, {"price": "0.27", "size": "1149"}, {"price": "0.3", "size": "904.3"}, {"price": "0.31", "size": "1997.11"}, {"price": "0.33", "size": "677.5"}, {"price": "0.34", "size": "2160.21"}, {"price": "0.36", "size": "464.19"}, {"price": "0.39", "size": "260.5"}, {"price": "0.4", "size": "259.25"}, {"price": "0.41", "size": "1147.86"}, {"price": "0.42", "size": "1490.11"}, {"price": "0.43", "size": "890.11"}], "asks": [{"price": "0.99", "size": "7284.4"}, {"price": "0.98", "size": "47.35"}, {"price": "0.85", "size": "50"}, {"price": "0.65", "size": "1067.99"}, {"price": "0.62", "size": "851.5"}, {"price": "0.61", "size": "1997.11"}, {"price": "0.59", "size": "644.38"}, {"price": "0.58", "size": "2160.21"}, {"price": "0.56", "size": "445.38"}, {"price": "0.53", "size": "251.99"}, {"price": "0.52", "size": "851.25"}, {"price": "0.51", "size": "1140.61"}, {"price": "0.5", "size": "890.11"}], "event_type": "book", "last_trade_price": ""}, {"market": "0x4ce40c95f8e904a736ed89ad7b9202f4c220ebb1862656a788a6da4116b0f434", "asset_id": "88338165865701386495217719036982962389406686302689056195151063072644378301708", "timestamp": "1769384476149", "hash": "1c2b038fad20613cd53f22efae32fc76de2d4e56", "bids": [{"price": "0.01", "size": "7238.97"}, {"price": "0.02", "size": "4157.32"}, {"price": "0.03", "size": "30.04"}, {"price": "0.3", "size": "50"}, {"price": "0.31", "size": "1490.11"}, {"price": "0.32", "size": "890.11"}], "asks": [{"price": "0.99", "size": "7239.31"}, {"price": "0.98", "size": "4157.32"}, {"price": "0.97", "size": "29.93"}, {"price": "0.8", "size": "200"}, {"price": "0.73", "size": "200"}, {"price": "0.43", "size": "1390.11"}, {"price": "0.42", "size": "890.11"}, {"price": "0.41", "size": "100"}], "event_type": "book", "last_trade_price": ""}, {"market": "0xd9d45b13db3b6de3ce0093ae9f673498693f7bc3d41afec3086ce086f29135de", "asset_id": "110092971919985989271001512716549115977436066335774150498537572517865747217155", "timestamp": "1769384394726", "hash": "4b64e47e12400531e7d25413ce776d12fffa96c9", "bids": [{"price": "0.01", "size": "208.36"}, {"price": "0.02", "size": "25.56"}, {"price": "0.03", "size": "5.47"}], "asks": [{"price": "0.99", "size": "200.64"}, {"price": "0.98", "size": "39.68"}, {"price": "0.96", "size": "29.99"}], "event_type": "book", "last_trade_price": ""}, {"market": "0x7a6a0bdbca0f14aba6a075f16e2929460c577e402d49223832ea373414d86285", "asset_id": "25807461740977583955802291351608466332545389695244391615908120826816526760796", "timestamp": "1769384425859", "hash": "79a65c0d28609217bd6d295017f3d3c9f8672fb4", "bids": [{"price": "0.01", "size": "11285.7"}, {"price": "0.02", "size": "890.11"}, {"price": "0.03", "size": "30.28"}, {"price": "0.22", "size": "100"}, {"price": "0.23", "size": "492"}], "asks": [{"price": "0.99", "size": "7238.93"}, {"price": "0.98", "size": "4157.32"}, {"price": "0.97", "size": "30.05"}, {"price": "0.8", "size": "200"}, {"price": "0.73", "size": "1090.11"}, {"price": "0.72", "size": "890.11"}, {"price": "0.66", "size": "100"}, {"price": "0.34", "size": "1440.11"}, {"price": "0.33", "size": "890.11"}, {"price": "0.32", "size": "100"}], "event_type": "book", "last_trade_price": "0.240"}, {"market": "0xd9d45b13db3b6de3ce0093ae9f673498693f7bc3d41afec3086ce086f29135de", "asset_id": "28520752766107958123033627774735478672452590404510901604704352720829338734885", "timestamp": "1769384394726", "hash": "278378fc7944f859719a089e16f0e55783b3ec8e", "bids": [{"price": "0.01", "size": "200.64"}, {"price": "0.02", "size": "39.68"}, {"price": "0.04", "size": "29.99"}], "asks": [{"price": "0.99", "size": "208.36"}, {"price": "0.98", "size": "25.56"}, {"price": "0.97", "size": "5.47"}], "event_type": "book", "last_trade_price": ""}, {"market": "0x7a6a0bdbca0f14aba6a075f16e2929460c577e402d49223832ea373414d86285", "asset_id": "99743614043101531704574278172947847548340522383219653041367941449874574076965", "timestamp": "1769384425859", "hash": "050e474d193667942c55a28834c9589dfd9aee53", "bids": [{"price": "0.01", "size": "7238.93"}, {"price": "0.02", "size": "4157.32"}, {"price": "0.03", "size": "30.05"}, {"price": "0.2", "size": "200"}, {"price": "0.27", "size": "1090.11"}, {"price": "0.28", "size": "890.11"}, {"price": "0.34", "size": "100"}, {"price": "0.66", "size": "1440.11"}, {"price": "0.67", "size": "890.11"}, {"price": "0.68", "size": "100"}], "asks": [{"price": "0.99", "size": "11285.7"}, {"price": "0.98", "size": "890.11"}, {"price": "0.97", "size": "30.28"}, {"price": "0.78", "size": "100"}, {"price": "0.77", "size": "492"}], "event_type": "book", "last_trade_price": "0.240"}, {"market": "0x0cc58400b196e6a24c07e46216926a171d3ce9492bbee95efdceffc938bdedea", "asset_id": "106297344999606524619975861233481901491196900479248484006204573976987088168080", "timestamp": "1769384425858", "hash": "6b8a221db64c42e12856260100a134481d637376", "bids": [{"price": "0.01", "size": "7184.4"}, {"price": "0.02", "size": "7.18"}, {"price": "0.05", "size": "16.06"}, {"price": "0.08", "size": "5999.11"}, {"price": "0.15", "size": "50"}, {"price": "0.35", "size": "1067.99"}, {"price": "0.38", "size": "851.5"}, {"price": "0.39", "size": "1997.11"}, {"price": "0.41", "size": "644.38"}, {"price": "0.42", "size": "2160.21"}, {"price": "0.44", "size": "445.38"}, {"price": "0.47", "size": "251.99"}, {"price": "0.48", "size": "851.25"}, {"price": "0.49", "size": "1140.61"}, {"price": "0.5", "size": "890.11"}], "asks": [{"price": "0.99", "size": "7184.63"}, {"price": "0.98", "size": "47.23"}, {"price": "0.85", "size": "50"}, {"price": "0.73", "size": "1149"}, {"price": "0.7", "size": "904.3"}, {"price": "0.69", "size": "1997.11"}, {"price": "0.67", "size": "677.5"}, {"price": "0.66", "size": "2160.21"}, {"price": "0.64", "size": "464.19"}, {"price": "0.61", "size": "260.5"}, {"price": "0.6", "size": "259.25"}, {"price": "0.59", "size": "1147.86"}, {"price": "0.58", "size": "1490.11"}, {"price": "0.57", "size": "890.11"}], "event_type": "book", "last_trade_price": ""}, {"market": "0x4260fd74c0400e17c72dbfe2cb50d40e64cc952711c689c4c154db783e56f798", "asset_id": "98008879832544295493967179396946153274843117470039437863149285869039121363519", "timestamp": "1769384425865", "hash": "fe0f58fdd8fcde100023d598f6d3f62d748742b6", "bids": [{"price": "0.01", "size": "8788.72"}, {"price": "0.02", "size": "2100"}, {"price": "0.03", "size": "7.83"}, {"price": "0.05", "size": "17"}, {"price": "0.07", "size": "1700"}, {"price": "0.08", "size": "8.36"}, {"price": "0.1", "size": "800"}, {"price": "0.22", "size": "1233"}, {"price": "0.25", "size": "957.12"}, {"price": "0.28", "size": "710"}, {"price": "0.29", "size": "4157.32"}, {"price": "0.3", "size": "200"}, {"price": "0.31", "size": "576.12"}, {"price": "0.34", "size": "268.99"}, {"price": "0.35", "size": "266.99"}, {"price": "0.36", "size": "1155.36"}, {"price": "0.37", "size": "909.64"}, {"price": "0.38", "size": "20"}, {"price": "0.39", "size": "2150"}, {"price": "0.4", "size": "2128.71"}], "asks": [{"price": "0.99", "size": "8789.21"}, {"price": "0.98", "size": "2131"}, {"price": "0.97", "size": "9.45"}, {"price": "0.93", "size": "1700"}, {"price": "0.91", "size": "800"}, {"price": "0.9", "size": "6.15"}, {"price": "0.8", "size": "400"}, {"price": "0.72", "size": "2000"}, {"price": "0.65", "size": "10"}, {"price": "0.64", "size": "1061"}, {"price": "0.61", "size": "846.62"}, {"price": "0.6", "size": "1000"}, {"price": "0.59", "size": "78.8"}, {"price": "0.58", "size": "641.88"}, {"price": "0.57", "size": "4157.32"}, {"price": "0.55", "size": "444.06"}, {"price": "0.52", "size": "406.25"}, {"price": "0.51", "size": "250.5"}, {"price": "0.5", "size": "3180.08"}, {"price": "0.49", "size": "1479.11"}, {"price": "0.45", "size": "100"}, {"price": "0.44", "size": "80.47"}, {"price": "0.43", "size": "983.48"}], "event_type": "book", "last_trade_price": "0.420"}, {"market": "0x4260fd74c0400e17c72dbfe2cb50d40e64cc952711c689c4c154db783e56f798", "asset_id": "38256422075420257611543750663316775352355424361144872713559169529809539533140", "timestamp": "1769384425865", "hash": "6ec2a90996de83b098877f42455caddaf946feb9", "bids": [{"price": "0.01", "size": "8789.21"}, {"price": "0.02", "size": "2131"}, {"price": "0.03", "size": "9.45"}, {"price": "0.07", "size": "1700"}, {"price": "0.09", "size": "800"}, {"price": "0.1", "size": "6.15"}, {"price": "0.2", "size": "400"}, {"price": "0.28", "size": "2000"}, {"price": "0.35", "size": "10"}, {"price": "0.36", "size": "1061"}, {"price": "0.39", "size": "846.62"}, {"price": "0.4", "size": "1000"}, {"price": "0.41", "size": "78.8"}, {"price": "0.42", "size": "641.88"}, {"price": "0.43", "size": "4157.32"}, {"price": "0.45", "size": "444.06"}, {"price": "0.48", "size": "406.25"}, {"price": "0.49", "size": "250.5"}, {"price": "0.5", "size": "3180.08"}, {"price": "0.51", "size": "1479.11"}, {"price": "0.55", "size": "100"}, {"price": "0.56", "size": "80.47"}, {"price": "0.57", "size": "983.48"}], "asks": [{"price": "0.99", "size": "8788.72"}, {"price": "0.98", "size": "2100"}, {"price": "0.97", "size": "7.83"}, {"price": "0.95", "size": "17"}, {"price": "0.93", "size": "1700"}, {"price": "0.92", "size": "8.36"}, {"price": "0.9", "size": "800"}, {"price": "0.78", "size": "1233"}, {"price": "0.75", "size": "957.12"}, {"price": "0.72", "size": "710"}, {"price": "0.71", "size": "4157.32"}, {"price": "0.7", "size": "200"}, {"price": "0.69", "size": "576.12"}, {"price": "0.66", "size": "268.99"}, {"price": "0.65", "size": "266.99"}, {"price": "0.64", "size": "1155.36"}, {"price": "0.63", "size": "909.64"}, {"price": "0.62", "size": "20"}, {"price": "0.61", "size": "2150"}, {"price": "0.6", "size": "2128.71"}], "event_type": "book", "last_trade_price": "0.420"}, {"market": "0xdbcbdd0aba143b1538c42910f4962cba415c41e8172aa898293a58715a903140", "asset_id": "107048767717531378423338558261379705549108116073087439799584367130482443586041", "timestamp": "1769384425881", "hash": "a5b12fabea91ebc09122931ad442771159a50ea2", "bids": [{"price": "0.01", "size": "8174.24"}, {"price": "0.02", "size": "5047.43"}, {"price": "0.03", "size": "31.66"}, {"price": "0.06", "size": "10156.43"}, {"price": "0.15", "size": "50"}, {"price": "0.4", "size": "91.75"}, {"price": "0.42", "size": "1390.11"}, {"price": "0.43", "size": "890.11"}], "asks": [{"price": "0.99", "size": "7284.32"}, {"price": "0.98", "size": "4164.42"}, {"price": "0.97", "size": "4157.32"}, {"price": "0.95", "size": "16.11"}, {"price": "0.85", "size": "50"}, {"price": "0.52", "size": "1490.11"}, {"price": "0.51", "size": "890.11"}, {"price": "0.45", "size": "1.02"}], "event_type": "book", "last_trade_price": "0.450"}]}
{"_local_timestamp": "2026-01-25T23:41:43.111405+00:00", "data": {"market": "0x7a6a0bdbca0f14aba6a075f16e2929460c577e402d49223832ea373414d86285", "price_changes": [{"asset_id": "99743614043101531704574278172947847548340522383219653041367941449874574076965", "price": "0.66", "size": "1390.11", "side": "BUY", "hash": "8ff388eb74d2ecb09aa8ad03c1a7474e7c8e3fa1", "best_bid": "0.68", "best_ask": "0.77"}, {"asset_id": "25807461740977583955802291351608466332545389695244391615908120826816526760796", "price": "0.34", "size": "1390.11", "side": "SELL", "hash": "c9f8f320e9b0e109e4ff99e07909b8c909f0d3a5", "best_bid": "0.23", "best_ask": "0.32"}], "timestamp": "1769384503037", "event_type": "price_change"}}
{"_local_timestamp": "2026-01-25T23:41:43.113042+00:00", "data": {"market": "0x4ce40c95f8e904a736ed89ad7b9202f4c220ebb1862656a788a6da4116b0f434", "price_changes": [{"asset_id": "88338165865701386495217719036982962389406686302689056195151063072644378301708", "price": "0.3", "size": "0", "side": "BUY", "hash": "1cb57b102ba8374d4b135b2907dbd158551ea982", "best_bid": "0.32", "best_ask": "0.41"}, {"asset_id": "13906548632296892964125125203698575597202048155370793959834691274541212923753", "price": "0.7", "size": "0", "side": "SELL", "hash": "6e88144060cabb317c9059dbe33c0c32b3824347", "best_bid": "0.59", "best_ask": "0.68"}], "timestamp": "1769384503038", "event_type": "price_change"}}
{"_local_timestamp": "2026-01-25T23:41:43.183704+00:00", "data": {"market": "0x7a6a0bdbca0f14aba6a075f16e2929460c577e402d49223832ea373414d86285", "price_changes": [{"asset_id": "99743614043101531704574278172947847548340522383219653041367941449874574076965", "price": "0.28", "size": "0", "side": "BUY", "hash": "57733c00bf0b51b226df2ed599f0cf5f37d759e4", "best_bid": "0.68", "best_ask": "0.77"}, {"asset_id": "25807461740977583955802291351608466332545389695244391615908120826816526760796", "price": "0.72", "size": "0", "side": "SELL", "hash": "9ebdb39f4e9fd631c86d71f876a7e8ccdc95545f", "best_bid": "0.23", "best_ask": "0.32"}], "timestamp": "1769384503110", "event_type": "price_change"}}
{"_local_timestamp": "2026-01-25T23:41:43.184931+00:00", "data": {"market": "0x7a6a0bdbca0f14aba6a075f16e2929460c577e402d49223832ea373414d86285", "price_changes": [{"asset_id": "99743614043101531704574278172947847548340522383219653041367941449874574076965", "price": "0.27", "size": "200", "side": "BUY", "hash": "57733c00bf0b51b226df2ed599f0cf5f37d759e4", "best_bid": "0.68", "best_ask": "0.77"}, {"asset_id": "25807461740977583955802291351608466332545389695244391615908120826816526760796", "price": "0.73", "size": "200", "side": "SELL", "hash": "9ebdb39f4e9fd631c86d71f876a7e8ccdc95545f", "best_bid": "0.23", "best_ask": "0.32"}], "timestamp": "1769384503110", "event_type": "price_change"}}
{"_local_timestamp": "2026-01-25T23:41:59.629550+00:00", "data": {"market": "0xdbcbdd0aba143b1538c42910f4962cba415c41e8172aa898293a58715a903140", "price_changes": [{"asset_id": "107048767717531378423338558261379705549108116073087439799584367130482443586041", "price": "0.03", "size": "0", "side": "BUY", "hash": "78a23e8228e126ac63a8512ae08e5cd9fb37c213", "best_bid": "0.43", "best_ask": "0.45"}, {"asset_id": "13953427897363360093923369640067938780436829137816775422711279451005325016519", "price": "0.97", "size": "0", "side": "SELL", "hash": "391d2cba94c327e98c1129a42121f123c0941a8d", "best_bid": "0.55", "best_ask": "0.57"}], "timestamp": "1769384519555", "event_type": "price_change"}}
{"_local_timestamp": "2026-01-25T23:41:59.700453+00:00", "data": {"market": "0xdbcbdd0aba143b1538c42910f4962cba415c41e8172aa898293a58715a903140", "price_changes": [{"asset_id": "107048767717531378423338558261379705549108116073087439799584367130482443586041", "price": "0.06", "size": "0", "side": "BUY", "hash": "c249569bb606c31ff12932a6b203f487b3c17687", "best_bid": "0.43", "best_ask": "0.45"}, {"asset_id": "13953427897363360093923369640067938780436829137816775422711279451005325016519", "price": "0.94", "size": "0", "side": "SELL", "hash": "cac75e9114a84017e0cf86ac0a1f057e194297ea", "best_bid": "0.55", "best_ask": "0.57"}], "timestamp": "1769384519632", "event_type": "price_change"}}
{"_local_timestamp": "2026-01-25T23:41:59.701443+00:00", "data": {"market": "0xdbcbdd0aba143b1538c42910f4962cba415c41e8172aa898293a58715a903140", "price_changes": [{"asset_id": "107048767717531378423338558261379705549108116073087439799584367130482443586041", "price": "0.02", "size": "4157.32", "side": "BUY", "hash": "c249569bb606c31ff12932a6b203f487b3c17687", "best_bid": "0.43", "best_ask": "0.45"}, {"asset_id": "13953427897363360093923369640067938780436829137816775422711279451005325016519", "price": "0.98", "size": "4157.32", "side": "SELL", "hash": "cac75e9114a84017e0cf86ac0a1f057e194297ea", "best_bid": "0.55", "best_ask": "0.57"}], "timestamp": "1769384519632", "event_type": "price_change"}}
{"_local_timestamp": "2026-01-25T23:41:59.702236+00:00", "data": {"market": "0xdbcbdd0aba143b1538c42910f4962cba415c41e8172aa898293a58715a903140", "price_changes": [{"asset_id": "107048767717531378423338558261379705549108116073087439799584367130482443586041", "price": "0.01", "size": "7284.13", "side": "BUY", "hash": "c249569bb606c31ff12932a6b203f487b3c17687", "best_bid": "0.43", "best_ask": "0.45"}, {"asset_id": "13953427897363360093923369640067938780436829137816775422711279451005325016519", "price": "0.99", "size": "7284.13", "side": "SELL", "hash": "cac75e9114a84017e0cf86ac0a1f057e194297ea", "best_bid": "0.55", "best_ask": "0.57"}], "timestamp": "1769384519632", "event_type": "price_change"}}
{"_local_timestamp": "2026-01-25T23:41:59.703053+00:00", "data": {"market": "0xdbcbdd0aba143b1538c42910f4962cba415c41e8172aa898293a58715a903140", "price_changes": [{"asset_id": "13953427897363360093923369640067938780436829137816775422711279451005325016519", "price": "0.03", "size": "0", "side": "BUY", "hash": "502aa3c00d71b14512bcd6da247a1b40c33e7b2e", "best_bid": "0.55", "best_ask": "0.57"}, {"asset_id": "107048767717531378423338558261379705549108116073087439799584367130482443586041", "price": "0.97", "size": "0", "side": "SELL", "hash": "fb1d3fb9005412b8b2c3106b56f461a6d570387d", "best_bid": "0.43", "best_ask": "0.45"}], "timestamp": "1769384519632", "event_type": "price_change"}}
{"_local_timestamp": "2026-01-25T23:41:59.877013+00:00", "data": {"market": "0xdbcbdd0aba143b1538c42910f4962cba415c41e8172aa898293a58715a903140", "price_changes": [{"asset_id": "107048767717531378423338558261379705549108116073087439799584367130482443586041", "price": "0.07", "size": "10.72", "side": "BUY", "hash": "7f38bf55f17e284453e680e320c77ed9396d08ed", "best_bid": "0.43", "best_ask": "0.45"}, {"asset_id": "13953427897363360093923369640067938780436829137816775422711279451005325016519", "price": "0.93", "size": "10.72", "side": "SELL", "hash": "b976da603b2c47388f3b4b56a1e20bd71076a12f", "best_bid": "0.55", "best_ask": "0.57"}], "timestamp": "1769384519800", "event_type": "price_change"}}
{"_local_timestamp": "2026-01-25T23:41:59.877939+00:00", "data": {"market": "0xdbcbdd0aba143b1538c42910f4962cba415c41e8172aa898293a58715a903140", "price_changes": [{"asset_id": "107048767717531378423338558261379705549108116073087439799584367130482443586041", "price": "0.03", "size": "6.63", "side": "BUY", "hash": "0b92fd70dd488bd965e93c76ff3f3d416c5b590f", "best_bid": "0.43", "best_ask": "0.45"}, {"asset_id": "13953427897363360093923369640067938780436829137816775422711279451005325016519", "price": "0.97", "size": "6.63", "side": "SELL", "hash": "ede656c939697fa4313646bad4d409b4aacf077d", "best_bid": "0.55", "best_ask": "0.57"}], "timestamp": "1769384519801", "event_type": "price_change"}}
{"_local_timestamp": "2026-01-25T23:42:00.475359+00:00", "data": {"market": "0x0cc58400b196e6a24c07e46216926a171d3ce9492bbee95efdceffc938bdedea", "price_changes": [{"asset_id": "106297344999606524619975861233481901491196900479248484006204573976987088168080", "price": "0.05", "size": "0", "side": "BUY", "hash": "2f3ee5c42249c017499614430b11f0ec1c43c997", "best_bid": "0.5", "best_ask": "0.57"}, {"asset_id": "103892935187735588002079244543829871143734402451214370888220312321850546195147", "price": "0.95", "size": "0", "side": "SELL", "hash": "4db9fb2e0c88348b36d5dc5efc47169a89537104", "best_bid": "0.43", "best_ask": "0.5"}], "timestamp": "1769384520404", "event_type": "price_change"}}
{"_local_timestamp": "2026-01-25T23:42:00.476295+00:00", "data": {"market": "0xdbcbdd0aba143b1538c42910f4962cba415c41e8172aa898293a58715a903140", "price_changes": [{"asset_id": "13953427897363360093923369640067938780436829137816775422711279451005325016519", "price": "0.02", "size": "4157.32", "side": "BUY", "hash": "a682467282a7c9bc32fb9c4c09f09840f74d3600", "best_bid": "0.55", "best_ask": "0.57"}, {"asset_id": "107048767717531378423338558261379705549108116073087439799584367130482443586041", "price": "0.98", "size": "4157.32", "side": "SELL", "hash": "dcd8cf315ace3a808a989da41089220dbe554825", "best_bid": "0.43", "best_ask": "0.45"}], "timestamp": "1769384520404", "event_type": "price_change"}}
{"_local_timestamp": "2026-01-25T23:42:00.477235+00:00", "data": {"market": "0xdbcbdd0aba143b1538c42910f4962cba415c41e8172aa898293a58715a903140", "price_changes": [{"asset_id": "13953427897363360093923369640067938780436829137816775422711279451005325016519", "price": "0.05", "size": "0", "side": "BUY", "hash": "a682467282a7c9bc32fb9c4c09f09840f74d3600", "best_bid": "0.55", "best_ask": "0.57"}, {"asset_id": "107048767717531378423338558261379705549108116073087439799584367130482443586041", "price": "0.95", "size": "0", "side": "SELL", "hash": "dcd8cf315ace3a808a989da41089220dbe554825", "best_bid": "0.43", "best_ask": "0.45"}], "timestamp": "1769384520404", "event_type": "price_change"}}
{"_local_timestamp": "2026-01-25T23:42:00.557174+00:00", "data": {"market": "0x0cc58400b196e6a24c07e46216926a171d3ce9492bbee95efdceffc938bdedea", "price_changes": [{"asset_id": "106297344999606524619975861233481901491196900479248484006204573976987088168080", "price": "0.08", "size": "0", "side": "BUY", "hash": "d9f751771a13657aab99f2cd762d810e74d3ef7a", "best_bid": "0.5", "best_ask": "0.57"}, {"asset_id": "103892935187735588002079244543829871143734402451214370888220312321850546195147", "price": "0.92", "size": "0", "side": "SELL", "hash": "3eaba3c932227c2ede1296f3ad6f0e110982d395", "best_bid": "0.43", "best_ask": "0.5"}], "timestamp": "1769384520482", "event_type": "price_change"}}
{"_local_timestamp": "2026-01-25T23:42:00.558206+00:00", "data": {"market": "0x0cc58400b196e6a24c07e46216926a171d3ce9492bbee95efdceffc938bdedea", "price_changes": [{"asset_id": "103892935187735588002079244543829871143734402451214370888220312321850546195147", "price": "0.41", "size": "257.75", "side": "BUY", "hash": "49767e7bfcd4f3bd9b6256afa493cca9ec330d1d", "best_bid": "0.43", "best_ask": "0.5"}, {"asset_id": "106297344999606524619975861233481901491196900479248484006204573976987088168080", "price": "0.59", "size": "257.75", "side": "SELL", "hash": "e091f48c708c47e815cc7550b1a0f07eda5f2045", "best_bid": "0.5", "best_ask": "0.57"}], "timestamp": "1769384520483", "event_type": "price_change"}}
{"_local_timestamp": "2026-01-25T23:42:00.684444+00:00", "data": {"market": "0xdbcbdd0aba143b1538c42910f4962cba415c41e8172aa898293a58715a903140", "price_changes": [{"asset_id": "13953427897363360093923369640067938780436829137816775422711279451005325016519", "price": "0.03", "size": "31.59", "side": "BUY", "hash": "34748f26a1ff88e095818ae2502752866a1ae49a", "best_bid": "0.55", "best_ask": "0.57"}, {"asset_id": "107048767717531378423338558261379705549108116073087439799584367130482443586041", "price": "0.97", "size": "31.59", "side": "SELL", "hash": "b2d01694d27adb0bf80703865e987636688b62e6", "best_bid": "0.43", "best_ask": "0.45"}], "timestamp": "1769384520611", "event_type": "price_change"}}
{"_local_timestamp": "2026-01-25T23:42:00.941017+00:00", "data": {"market": "0x0cc58400b196e6a24c07e46216926a171d3ce9492bbee95efdceffc938bdedea", "price_changes": [{"asset_id": "106297344999606524619975861233481901491196900479248484006204573976987088168080", "price": "0.02", "size": "47.35", "side": "BUY", "hash": "be75f34d97c25061ce668f2271de8ff80eff8be2", "best_bid": "0.5", "best_ask": "0.57"}, {"asset_id": "103892935187735588002079244543829871143734402451214370888220312321850546195147", "price": "0.98", "size": "47.35", "side": "SELL", "hash": "fd175f21342865b8baf960550b2a0b3a2bd23a3e", "best_bid": "0.43", "best_ask": "0.5"}], "timestamp": "1769384520850", "event_type": "price_change"}}
{"_local_timestamp": "2026-01-25T23:42:07.011843+00:00", "data": {"market": "0x4ce40c95f8e904a736ed89ad7b9202f4c220ebb1862656a788a6da4116b0f434", "price_changes": [{"asset_id": "13906548632296892964125125203698575597202048155370793959834691274541212923753", "price": "0.64", "size": "336.36", "side": "BUY", "hash": "3d8a1acf80c54a80ca22fb140200698ccfaa6c5b", "best_bid": "0.64", "best_ask": "0.68"}, {"asset_id": "88338165865701386495217719036982962389406686302689056195151063072644378301708", "price": "0.36", "size": "336.36", "side": "SELL", "hash": "8784cde133e82b274eb1349b9c725b5e67cc617e", "best_bid": "0.32", "best_ask": "0.36"}], "timestamp": "1769384526940", "event_type": "price_change"}}
