{"_local_timestamp": "2026-01-25T23:34:13.192585+00:00", "data": [{"market": "0x8960d9841cb0cfad6aa1c9d55067b42628b60560ae0a031b67972372b449ff92", "asset_id": "61963817687278949156561457702289203016562578262296881296974026720247149064615", "timestamp": "1769383886056", "hash": "362926e7e40c71243a46567f39e7101f20a42a6c", "bids": [{"price": "0.01", "size": "302.04"}, {"price": "0.02", "size": "325.48"}, {"price": "0.03", "size": "18.99"}, {"price": "0.04", "size": "29.99"}], "asks": [{"price": "0.99", "size": "293.28"}, {"price": "0.98", "size": "255.94"}, {"price": "0.97", "size": "9.8"}, {"price": "0.94", "size": "12.04"}], "event_type": "book", "last_trade_price": ""}, {"market": "0x3788b720cd8df3e46d5700fdf1fcb2006d57d1896822f69350960d83a7f6f2c3", "asset_id": "82941787026169217016577064856639835191868871934790509742804812814935908621037", "timestamp": "1769384027946", "hash": "2e2d5bb81c28b06a7c948c1af3659307233cef6d", "bids": [{"price": "0.01", "size": "8590.53"}, {"price": "0.02", "size": "1150"}, {"price": "0.03", "size": "4167.74"}, {"price": "0.09", "size": "300"}, {"price": "0.1", "size": "205.73"}, {"price": "0.11", "size": "125"}, {"price": "0.12", "size": "1265.11"}, {"price": "0.13", "size": "890.11"}, {"price": "0.32", "size": "105"}], "asks": [{"price": "0.99", "size": "7184.59"}, {"price": "0.98", "size": "4314.77"}, {"price": "0.96", "size": "550"}, {"price": "0.95", "size": "15.92"}, {"price": "0.77", "size": "300"}, {"price": "0.74", "size": "1090.11"}, {"price": "0.73", "size": "890.11"}, {"price": "0.72", "size": "125"}, {"price": "0.7", "size": "162"}, {"price": "0.59", "size": "8"}, {"price": "0.57", "size": "70"}], "event_type": "book", "last_trade_price": ""}, {"market": "0xa3db0789331514d26706a5ba0ea5383b7fbf69c7366bfedf81a0115f69cfe57d", "asset_id": "3103132194095219426836511727094772331436803570864955642027195551582214215009", "timestamp": "1769383981010", "hash": "e72c4fc0abdcf3e845e90fbe8ef77d2787e33c29", "bids": [{"price": "0.01", "size": "11391.33"}, {"price": "0.02", "size": "157.03"}, {"price": "0.03", "size": "12.74"}, {"price": "0.05", "size": "1140.11"}, {"price": "0.06", "size": "901.06"}], "asks": [{"price": "0.99", "size": "11391.33"}, {"price": "0.98", "size": "157.03"}, {"price": "0.97", "size": "12.74"}, {"price": "0.95", "size": "1140.11"}, {"price": "0.94", "size": "895.59"}], "event_type": "book", "last_trade_price": ""}, {"market": "0x3788b720cd8df3e46d5700fdf1fcb2006d57d1896822f69350960d83a7f6f2c3", "asset_id": "83260965155425071750789202687088676838918123979784508430901911692764221989918", "timestamp": "1769384027946", "hash": "9e0a9331ec6a7ba22045cc9423aee635913fb47c", "bids": [{"price": "0.01", "size": "7184.59"}, {"price": "0.02", "size": "4314.77"}, {"price": "0.04", "size": "550"}, {"price": "0.05", "size": "15.92"}, {"price": "0.23", "size": "300"}, {"price": "0.26", "size": "1090.11"}, {"price": "0.27", "size": "890.11"}, {"price": "0.28", "size": "125"}, {"price": "0.3", "size": "162"}, {"price": "0.41", "size": "8"}, {"price": "0.43", "size": "70"}], "asks": [{"price": "0.99", "size": "8590.53"}, {"price": "0.98", "size": "1150"}, {"price": "0.97", "size": "4167.74"}, {"price": "0.91", "size": "300"}, {"price": "0.9", "size": "205.73"}, {"price": "0.89", "size": "125"}, {"price": "0.88", "size": "1265.11"}, {"price": "0.87", "size": "890.11"}, {"price": "0.68", "size": "105"}], "event_type": "book", "last_trade_price": ""}, {"market": "0x3f2eb8f9cd6979afe707e4543d3043122a1cbba2ddc7a65e9ea97601248890ee", "asset_id": "88259995135008213692905889764500357581849606230487472831822828846742426729203", "timestamp": "1769383983192", "hash": "074e54b4645037817bd803526b093094aa5272f4", "bids": [{"price": "0.01", "size": "10448.02"}, {"price": "0.02", "size": "4201.52"}, {"price": "0.07", "size": "10.94"}, {"price": "0.09", "size": "1140.11"}, {"price": "0.1", "size": "890.11"}], "asks": [{"price": "0.99", "size": "11341.17"}, {"price": "0.98", "size": "8.05"}, {"price": "0.97", "size": "12.4"}, {"price": "0.95", "size": "1190.11"}, {"price": "0.94", "size": "895.44"}], "event_type": "book", "last_trade_price": ""}, {"market": "0xd3bec487721678dfe96c27d3055d2717d7d04e104f83d1502b32bea4436a952d", "asset_id": "113648131379277879753924959667041184881882806227484118809819396840767118223714", "timestamp": "1769383795982", "hash": "39e051885e0485c7b8928a294f5df82b8c5f8fba", "bids": [{"price": "0.01", "size": "294.79"}, {"price": "0.02", "size": "96.69"}, {"price": "0.03", "size": "9.53"}, {"price": "0.06", "size": "12.67"}], "asks": [{"price": "0.99", "size": "302.04"}, {"price": "0.98", "size": "100.48"}, {"price": "0.97", "size": "18.99"}, {"price": "0.96", "size": "29.99"}], "event_type": "book", "last_trade_price": ""}, {"market": "0x485ce1306dd172776d7a77cc89f586d6e25f88124e5892456d5ed7eea9090d73", "asset_id": "87841825926106475440156310469671214425083954360844729142714800512646927152922", "timestamp": "1769383982848", "hash": "7b8ddd28bf0a4707044456f4e9b9c2d2cdca3f86", "bids": [{"price": "0.01", "size": "303.63"}, {"price": "0.02", "size": "96.69"}, {"price": "0.03", "size": "20.99"}, {"price": "0.05", "size": "23.99"}, {"price": "0.06", "size": "5.47"}], "asks": [{"price": "0.99", "size": "302.04"}, {"price": "0.98", "size": "100.48"}, {"price": "0.97", "size": "18.99"}, {"price": "0.96", "size": "29.99"}], "event_type": "book", "last_trade_price": ""}, {"market": "0x9a83eaa76d0eb7e2dcdcd60309e839d8d72dc2cf4390b569cd15ddea33bfdb4e", "asset_id": "27888513267230729321709250185969253838771561814661155674945182507335066777790", "timestamp": "1769383981010", "hash": "cbf5b48cfe8af7c9c71cf7405cabe8011fa51ec1", "bids": [{"price": "0.01", "size": "11391.33"}, {"price": "0.02", "size": "157.03"}, {"price": "0.03", "size": "23.71"}, {"price": "0.06", "size": "1140.11"}, {"price": "0.07", "size": "904.31"}], "asks": [{"price": "0.99", "size": "11391.33"}, {"price": "0.98", "size": "157.03"}, {"price": "0.97", "size": "23.71"}, {"price": "0.94", "size": "1140.11"}, {"price": "0.93", "size": "895.58"}], "event_type": "book", "last_trade_price": ""}, {"market": "0x3954ec303febb0420062456b4125d2faf5dd12fd702cb7f36601cc5bf7adf8cf", "asset_id": "64349311682857866827393360367739437779294412649231079613468610137061404516535", "timestamp": "1769383983227", "hash": "3dbde076acf162c29382d04679095c1d5c919a73", "bids": [{"price": "0.01", "size": "11436.74"}, {"price": "0.02", "size": "44.9"}, {"price": "0.06", "size": "5.47"}, {"price": "0.07", "size": "5.47"}, {"price": "0.09", "size": "1140.11"}, {"price": "0.1", "size": "890.11"}], "asks": [{"price": "0.99", "size": "10547.23"}, {"price": "0.98", "size": "4201.91"}, {"price": "0.9", "size": "1140.11"}, {"price": "0.89", "size": "890.11"}], "event_type": "book", "last_trade_price": ""}, {"market": "0xc86e9656d38c5f006cb51bf1bdfa1e5b90a632d2c9cbf4c6f3e15aa9e34be297", "asset_id": "75817408377548610766665809770044466675141164601276055493067377670196650120168", "timestamp": "1769383980973", "hash": "8a10ecb49fc685791c076aad129f52b496a6ac3c", "bids": [{"price": "0.01", "size": "11439.99"}, {"price": "0.02", "size": "43.27"}, {"price": "0.04", "size": "5.47"}, {"price": "0.06", "size": "5.47"}, {"price": "0.07", "size": "5.47"}, {"price": "0.09", "size": "1140.11"}, {"price": "0.1", "size": "890.11"}], "asks": [{"price": "0.99", "size": "11442.05"}, {"price": "0.97", "size": "28.16"}, {"price": "0.9", "size": "300"}, {"price": "0.89", "size": "890.11"}, {"price": "0.82", "size": "5.55"}], "event_type": "book", "last_trade_price": ""}, {"market": "0x9a83eaa76d0eb7e2dcdcd60309e839d8d72dc2cf4390b569cd15ddea33bfdb4e", "asset_id": "103336392619027583676134527163320432699186704848416164441797167484155123904502", "timestamp": "1769383981010", "hash": "9ea1c93b3c173f5e62df4efffebbc2cebc2e0d2c", "bids": [{"price": "0.01", "size": "11391.33"}, {"price": "0.02", "size": "157.03"}, {"price": "0.03", "size": "23.71"}, {"price": "0.06", "size": "1140.11"}, {"price": "0.07", "size": "895.58"}], "asks": [{"price": "0.99", "size": "11391.33"}, {"price": "0.98", "size": "157.03"}, {"price": "0.97", "size": "23.71"}, {"price": "0.94", "size": "1140.11"}, {"price": "0.93", "size": "904.31"}], "event_type": "book", "last_trade_price": ""}, {"market": "0x3954ec303febb0420062456b4125d2faf5dd12fd702cb7f36601cc5bf7adf8cf", "asset_id": "18734145241804997171021886584889310771568155256660137995688218800340229317604", "timestamp": "1769383983227", "hash": "11fbc363c342e532972f8ba6c8edce1ec1e9b282", "bids": [{"price": "0.01", "size": "10547.23"}, {"price": "0.02", "size": "4201.91"}, {"price": "0.1", "size": "1140.11"}, {"price": "0.11", "size": "890.11"}], "asks": [{"price": "0.99", "size": "11436.74"}, {"price": "0.98", "size": "44.9"}, {"price": "0.94", "size": "5.47"}, {"price": "0.93", "size": "5.47"}, {"price": "0.91", "size": "1140.11"}, {"price": "0.9", "size": "890.11"}], "event_type": "book", "last_trade_price": ""}, {"market": "0xa3db0789331514d26706a5ba0ea5383b7fbf69c7366bfedf81a0115f69cfe57d", "asset_id": "89347168883216177290942337308564626845438137241490927486905126517375612527740", "timestamp": "1769383981010", "hash": "ee0d7b50c965dd0b58fb572679902516f1445a0a", "bids": [{"price": "0.01", "size": "11391.33"}, {"price": "0.02", "size": "157.03"}, {"price": "0.03", "size": "12.74"}, {"price": "0.05", "size": "1140.11"}, {"price": "0.06", "size": "895.59"}], "asks": [{"price": "0.99", "size": "11391.33"}, {"price": "0.98", "size": "157.03"}, {"price": "0.97", "size": "12.74"}, {"price": "0.95", "size": "1140.11"}, {"price": "0.94", "size": "901.06"}], "event_type": "book", "last_trade_price": ""}, {"market": "0xd9261f30db9f4f13887bb7034962ccab0e0f7e0a00a5a892ee6695020826bfe4", "asset_id": "42821893875966871518449471814771135482213633848029529871803285715812246793674", "timestamp": "1769383979201", "hash": "3594730e0cb237d565410767ca5473566d1f61c7", "bids": [{"price": "0.01", "size": "302.04"}, {"price": "0.02", "size": "275.48"}, {"price": "0.03", "size": "18.99"}, {"price": "0.04", "size": "29.99"}], "asks": [{"price": "0.99", "size": "302.04"}, {"price": "0.98", "size": "257.48"}, {"price": "0.97", "size": "18.99"}, {"price": "0.96", "size": "5.47"}], "event_type": "book", "last_trade_price": ""}, {"market": "0xd3bec487721678dfe96c27d3055d2717d7d04e104f83d1502b32bea4436a952d", "asset_id": "77855381230996067606750098735367294369035865859370005738242844881019056925725", "timestamp": "1769383795982", "hash": "abcf13ff5d2318bbe6a602ad53e1edd5f6f794ac", "bids": [{"price": "0.01", "size": "302.04"}, {"price": "0.02", "size": "100.48"}, {"price": "0.03", "size": "18.99"}, {"price": "0.04", "size": "29.99"}], "asks": [{"price": "0.99", "size": "294.79"}, {"price": "0.98", "size": "96.69"}, {"price": "0.97", "size": "9.53"}, {"price": "0.94", "size": "12.67"}], "event_type": "book", "last_trade_price": ""}, {"market": "0xc86e9656d38c5f006cb51bf1bdfa1e5b90a632d2c9cbf4c6f3e15aa9e34be297", "asset_id": "100904687155674326765601817752546749961630405169020182357454195192886816792582", "timestamp": "1769383980973", "hash": "e847973a00a1ecd395547f41fb810b7853914f71", "bids": [{"price": "0.01", "size": "11442.05"}, {"price": "0.03", "size": "28.16"}, {"price": "0.1", "size": "300"}, {"price": "0.11", "size": "890.11"}, {"price": "0.18", "size": "5.55"}], "asks": [{"price": "0.99", "size": "11439.99"}, {"price": "0.98", "size": "43.27"}, {"price": "0.96", "size": "5.47"}, {"price": "0.94", "size": "5.47"}, {"price": "0.93", "size": "5.47"}, {"price": "0.91", "size": "1140.11"}, {"price": "0.9", "size": "890.11"}], "event_type": "book", "last_trade_price": ""}, {"market": "0xd9261f30db9f4f13887bb7034962ccab0e0f7e0a00a5a892ee6695020826bfe4", "asset_id": "89686342503270167986446841122521338719128882966165149362478507209278270710085", "timestamp": "1769383979201", "hash": "f8de84b81909d281135e3272a8f3d3574debd670", "bids": [{"price": "0.01", "size": "302.04"}, {"price": "0.02", "size": "257.48"}, {"price": "0.03", "size": "18.99"}, {"price": "0.04", "size": "5.47"}], "asks": [{"price": "0.99", "size": "302.04"}, {"price": "0.98", "size": "275.48"}, {"price": "0.97", "size": "18.99"}, {"price": "0.96", "size": "29.99"}], "event_type": "book", "last_trade_price": ""}, {"market": "0x485ce1306dd172776d7a77cc89f586d6e25f88124e5892456d5ed7eea9090d73", "asset_id": "97528358565453323139050329739119863122720716621075724466897165338601927812963", "timestamp": "1769383982848", "hash": "c1c691d161888c5884aa7daf49eb0fc15122a89f", "bids": [{"price": "0.01", "size": "302.04"}, {"price": "0.02", "size": "100.48"}, {"price": "0.03", "size": "18.99"}, {"price": "0.04", "size": "29.99"}], "asks": [{"price": "0.99", "size": "303.63"}, {"price": "0.98", "size": "96.69"}, {"price": "0.97", "size": "20.99"}, {"price": "0.95", "size": "23.99"}, {"price": "0.94", "size": "5.47"}], "event_type": "book", "last_trade_price": ""}, {"market": "0x8960d9841cb0cfad6aa1c9d55067b42628b60560ae0a031b67972372b449ff92", "asset_id": "96534092401079138871902112518550779370486234549561591023672979476568161619882", "timestamp": "1769383886056", "hash": "3b9594d460d8bf82598c2f50f1ea06a6361be255", "bids": [{"price": "0.01", "size": "293.28"}, {"price": "0.02", "size": "255.94"}, {"price": "0.03", "size": "9.8"}, {"price": "0.06", "size": "12.04"}], "asks": [{"price": "0.99", "size": "302.04"}, {"price": "0.98", "size": "325.48"}, {"price": "0.97", "size": "18.99"}, {"price": "0.96", "size": "29.99"}], "event_type": "book", "last_trade_price": ""}, {"market": "0x3f2eb8f9cd6979afe707e4543d3043122a1cbba2ddc7a65e9ea97601248890ee", "asset_id": "102484701068555519192079347140364192632743634945213377300360113030189464221193", "timestamp": "1769383983192", "hash": "0c17070f62ae212756e8d8a7c891509bd88de334", "bids": [{"price": "0.01", "size": "11341.17"}, {"price": "0.02", "size": "8.05"}, {"price": "0.03", "size": "12.4"}, {"price": "0.05", "size": "1190.11"}, {"price": "0.06", "size": "895.44"}], "asks": [{"price": "0.99", "size": "10448.02"}, {"price": "0.98", "size": "4201.52"}, {"price": "0.93", "size": "10.94"}, {"price": "0.91", "size": "1140.11"}, {"price": "0.9", "size": "890.11"}], "event_type": "book", "last_trade_price": ""}]}
