{"_local_timestamp": "2026-01-25T23:41:24.037154+00:00", "data": [{"market": "0x02a5a3a8d5b24c22dc34909fb3be332c3821d56448d5bb0ac9fa51b0ecc80e86", "asset_id": "55632868139706351389122666075856398477134009427047164358685308011467980299168", "timestamp": "1769384425969", "hash": "ece55c36e01bed7ff6d1da9f3d6491a9256ec01e", "bids": [{"price": "0.01", "size": "2789.7"}, {"price": "0.02", "size": "2100"}, {"price": "0.03", "size": "9.08"}, {"price": "0.07", "size": "1700"}, {"price": "0.08", "size": "800"}, {"price": "0.09", "size": "18"}, {"price": "0.1", "size": "6.3"}, {"price": "0.2", "size": "400"}, {"price": "0.27", "size": "200"}, {"price": "0.34", "size": "100"}, {"price": "0.5", "size": "10"}, {"price": "0.72", "size": "1022"}, {"price": "0.75", "size": "146"}, {"price": "0.78", "size": "33"}, {"price": "0.79", "size": "103"}, {"price": "0.8", "size": "105.61"}, {"price": "0.81", "size": "32"}, {"price": "0.82", "size": "29977.83"}], "asks": [{"price": "0.99", "size": "623.26"}, {"price": "0.97", "size": "141.88"}, {"price": "0.89", "size": "10"}, {"price": "0.87", "size": "666"}, {"price": "0.86", "size": "64"}, {"price": "0.85", "size": "15650"}, {"price": "0.84", "size": "32062.15"}, {"price": "0.83", "size": "2926.17"}], "event_type": "book", "last_trade_price": "0.170"}, {"market": "0xd4a593a75f3792506fe8524d7aeaf49334991e6c070d45a4078c72571d710773", "asset_id": "103307114743206260503322716578909422627520391583846307982053399838918279411998", "timestamp": "1769379483132", "hash": "5df8a21231b26806c3f9ad14c8c7d18144860a58", "bids": [{"price": "0.01", "size": "1085.42"}, {"price": "0.02", "size": "47.28"}, {"price": "0.45", "size": "2000"}], "asks": [{"price": "0.99", "size": "1085.42"}, {"price": "0.98", "size": "47.28"}, {"price": "0.62", "size": "10030"}, {"price": "0.55", "size": "2000"}], "event_type": "book", "last_trade_price": ""}, {"market": "0x137756995070dcbbfd7209f39dfc3634849e3a7a8cb54d657488154daf3e6ee3", "asset_id": "21398709410641435285632419901334057105989953460438825491305591535006041386484", "timestamp": "1769384465887", "hash": "edc55304545431256667e621c84760fa778f6f42", "bids": [{"price": "0.01", "size": "1185.06"}, {"price": "0.02", "size": "47.47"}, {"price": "0.15", "size": "10"}, {"price": "0.65", "size": "500"}], "asks": [{"price": "0.99", "size": "180"}, {"price": "0.98", "size": "50"}, {"price": "0.85", "size": "10"}, {"price": "0.81", "size": "600"}, {"price": "0.8", "size": "1975"}, {"price": "0.76", "size": "500"}, {"price": "0.75", "size": "2993.33"}], "event_type": "book", "last_trade_price": "0.250"}, {"market": "0xcf9badef0bb315f46d2e7f3668c6bd43e5f3216904dcdcfc358cd870a222715e", "asset_id": "43377525106057162749407823274399998203161813646276686521721267189850049066299", "timestamp": "1769384474592", "hash": "14be8214a27ac74ec73e1da992f0f856815488bf", "bids": [{"price": "0.01", "size": "1185.06"}, {"price": "0.02", "size": "47.47"}, {"price": "0.65", "size": "500"}], "asks": [{"price": "0.99", "size": "180"}, {"price": "0.98", "size": "50"}, {"price": "0.76", "size": "500"}, {"price": "0.75", "size": "2993.33"}], "event_type": "book", "last_trade_price": "0.250"}, {"market": "0xcf9badef0bb315f46d2e7f3668c6bd43e5f3216904dcdcfc358cd870a222715e", "asset_id": "103437817026016492734151818730407518925692290016210709828173525453811654215717", "timestamp": "1769384474592", "hash": "d427cf2ee0a8339246af65ee2052a679584155bf", "bids": [{"price": "0.01", "size": "180"}, {"price": "0.02", "size": "50"}, {"price": "0.24", "size": "500"}, {"price": "0.25", "size": "2993.33"}], "asks": [{"price": "0.99", "size": "1185.06"}, {"price": "0.98", "size": "47.47"}, {"price": "0.35", "size": "500"}], "event_type": "book", "last_trade_price": "0.250"}, {"market": "0x53e2d2393750ce215f97908878e2fcdc3ddb2fa507280d1448860b54be77c517", "asset_id": "102086309194829958113489139839716037799894437856228811556318771875066885648828", "timestamp": "1769384477659", "hash": "67bc73c00306776b35c8054d5482ebd6100bf0ef", "bids": [{"price": "0.01", "size": "1136.67"}, {"price": "0.02", "size": "47.41"}, {"price": "0.56", "size": "500"}], "asks": [{"price": "0.99", "size": "1136.85"}, {"price": "0.98", "size": "47.32"}, {"price": "0.67", "size": "500"}], "event_type": "book", "last_trade_price": ""}, {"market": "0x137756995070dcbbfd7209f39dfc3634849e3a7a8cb54d657488154daf3e6ee3", "asset_id": "42681870278978892451875954507719612372170122796989759502383896466347156199497", "timestamp": "1769384465887", "hash": "89ce2b84d55bf32b47b5165737818a84abbc3e95", "bids": [{"price": "0.01", "size": "180"}, {"price": "0.02", "size": "50"}, {"price": "0.15", "size": "10"}, {"price": "0.19", "size": "600"}, {"price": "0.2", "size": "1975"}, {"price": "0.24", "size": "500"}, {"price": "0.25", "size": "2993.33"}], "asks": [{"price": "0.99", "size": "1185.06"}, {"price": "0.98", "size": "47.47"}, {"price": "0.85", "size": "10"}, {"price": "0.35", "size": "500"}], "event_type": "book", "last_trade_price": "0.250"}, {"market": "0x02a5a3a8d5b24c22dc34909fb3be332c3821d56448d5bb0ac9fa51b0ecc80e86", "asset_id": "102488364465413824478249314098603452215755783745863591135734859144151686617118", "timestamp": "1769384425969", "hash": "88c64d342e76e7f847d400aa7c2060bcec06774d", "bids": [{"price": "0.01", "size": "623.26"}, {"price": "0.03", "size": "141.88"}, {"price": "0.11", "size": "10"}, {"price": "0.13", "size": "666"}, {"price": "0.14", "size": "64"}, {"price": "0.15", "size": "15650"}, {"price": "0.16", "size": "32062.15"}, {"price": "0.17", "size": "2926.17"}], "asks": [{"price": "0.99", "size": "2789.7"}, {"price": "0.98", "size": "2100"}, {"price": "0.97", "size": "9.08"}, {"price": "0.93", "size": "1700"}, {"price": "0.92", "size": "800"}, {"price": "0.91", "size": "18"}, {"price": "0.9", "size": "6.3"}, {"price": "0.8", "size": "400"}, {"price": "0.73", "size": "200"}, {"price": "0.66", "size": "100"}, {"price": "0.5", "size": "10"}, {"price": "0.28", "size": "1022"}, {"price": "0.25", "size": "146"}, {"price": "0.22", "size": "33"}, {"price": "0.21", "size": "103"}, {"price": "0.2", "size": "105.61"}, {"price": "0.19", "size": "32"}, {"price": "0.18", "size": "29977.83"}], "event_type": "book", "last_trade_price": "0.170"}, {"market": "0xd4a593a75f3792506fe8524d7aeaf49334991e6c070d45a4078c72571d710773", "asset_id": "102448720845979013515681492745430346253046192158738516463375186524783154291300", "timestamp": "1769379483132", "hash": "03a496de81fe8bd5814e9e1408b067d0c6f7f483", "bids": [{"price": "0.01", "size": "1085.42"}, {"price": "0.02", "size": "47.28"}, {"price": "0.38", "size": "10030"}, {"price": "0.45", "size": "2000"}], "asks": [{"price": "0.99", "size": "1085.42"}, {"price": "0.98", "size": "47.28"}, {"price": "0.55", "size": "2000"}], "event_type": "book", "last_trade_price": ""}, {"market": "0x53e2d2393750ce215f97908878e2fcdc3ddb2fa507280d1448860b54be77c517", "asset_id": "29791046156450423775961047954953037860638241505355550737925404099720218399306", "timestamp": "1769384477659", "hash": "a9c2e67baaa217fc457bccaf153c5541b8598662", "bids": [{"price": "0.01", "size": "1136.85"}, {"price": "0.02", "size": "47.32"}, {"price": "0.33", "size": "500"}], "asks": [{"price": "0.99", "size": "1136.67"}, {"price": "0.98", "size": "47.41"}, {"price": "0.44", "size": "500"}], "event_type": "book", "last_trade_price": ""}]}
{"_local_timestamp": "2026-01-25T23:41:46.159756+00:00", "data": {"market": "0xcf9badef0bb315f46d2e7f3668c6bd43e5f3216904dcdcfc358cd870a222715e", "price_changes": [{"asset_id": "43377525106057162749407823274399998203161813646276686521721267189850049066299", "price": "0.67", "size": "50", "side": "BUY", "hash": "a84abc96c80026390237e6ec7e3525cf9bcfafde", "best_bid": "0.67", "best_ask": "0.75"}, {"asset_id": "103437817026016492734151818730407518925692290016210709828173525453811654215717", "price": "0.33", "size": "50", "side": "SELL", "hash": "924861443c4ccb6e90c17a687c7103a969a1d8d4", "best_bid": "0.25", "best_ask": "0.33"}], "timestamp": "1769384506091", "event_type": "price_change"}}
{"_local_timestamp": "2026-01-25T23:42:10.757665+00:00", "data": {"market": "0x53e2d2393750ce215f97908878e2fcdc3ddb2fa507280d1448860b54be77c517", "price_changes": [{"asset_id": "102086309194829958113489139839716037799894437856228811556318771875066885648828", "price": "0.61", "size": "279.91", "side": "BUY", "hash": "c308a8a3d48f1a33ceedb2b9d2c27544eaae37e0", "best_bid": "0.61", "best_ask": "0.67"}, {"asset_id": "29791046156450423775961047954953037860638241505355550737925404099720218399306", "price": "0.39", "size": "279.91", "side": "SELL", "hash": "0bf84a99867ed3bfb60fa97277e84d1c4e8a3f0a", "best_bid": "0.33", "best_ask": "0.39"}], "timestamp": "1769384530691", "event_type": "price_change"}}
{"_local_timestamp": "2026-01-25T23:42:18.579580+00:00", "data": {"market": "0x53e2d2393750ce215f97908878e2fcdc3ddb2fa507280d1448860b54be77c517", "price_changes": [{"asset_id": "102086309194829958113489139839716037799894437856228811556318771875066885648828", "price": "0.61", "size": "0", "side": "BUY", "hash": "ef719af46ed86acd6eaab3fbc5cf5783efcd353c", "best_bid": "0.56", "best_ask": "0.67"}, {"asset_id": "29791046156450423775961047954953037860638241505355550737925404099720218399306", "price": "0.39", "size": "0", "side": "SELL", "hash": "6f762230a142fe554f1e4bd5a05da449d66e8111", "best_bid": "0.33", "best_ask": "0.44"}], "timestamp": "1769384538515", "event_type": "price_change"}}
{"_local_timestamp": "2026-01-25T23:42:26.117082+00:00", "data": {"market": "0xcf9badef0bb315f46d2e7f3668c6bd43e5f3216904dcdcfc358cd870a222715e", "price_changes": [{"asset_id": "103437817026016492734151818730407518925692290016210709828173525453811654215717", "price": "0.24", "size": "0", "side": "BUY", "hash": "48553ba9f0684461b3da2993671fec7643a5fb09", "best_bid": "0.25", "best_ask": "0.33"}, {"asset_id": "43377525106057162749407823274399998203161813646276686521721267189850049066299", "price": "0.76", "size": "0", "side": "SELL", "hash": "4b08d1992b5c8b9fa79e093ac889f7eae8545be1", "best_bid": "0.67", "best_ask": "0.75"}], "timestamp": "1769384546007", "event_type": "price_change"}}
{"_local_timestamp": "2026-01-25T23:42:26.120681+00:00", "data": {"market": "0x02a5a3a8d5b24c22dc34909fb3be332c3821d56448d5bb0ac9fa51b0ecc80e86", "price_changes": [{"asset_id": "55632868139706351389122666075856398477134009427047164358685308011467980299168", "price": "0.72", "size": "22", "side": "BUY", "hash": "ae38b246fae838042b68e023c5080dcfd120e81f", "best_bid": "0.82", "best_ask": "0.83"}, {"asset_id": "102488364465413824478249314098603452215755783745863591135734859144151686617118", "price": "0.28", "size": "22", "side": "SELL", "hash": "d77d770a275904e3feb89cb1cd8b9cd7ee06211c", "best_bid": "0.17", "best_ask": "0.18"}], "timestamp": "1769384546008", "event_type": "price_change"}}
{"_local_timestamp": "2026-01-25T23:42:26.170094+00:00", "data": {"market": "0x137756995070dcbbfd7209f39dfc3634849e3a7a8cb54d657488154daf3e6ee3", "price_changes": [{"asset_id": "42681870278978892451875954507719612372170122796989759502383896466347156199497", "price": "0.24", "size": "0", "side": "BUY", "hash": "9be035356a6bfcee3d0910d23679bbd231674761", "best_bid": "0.25", "best_ask": "0.35"}, {"asset_id": "21398709410641435285632419901334057105989953460438825491305591535006041386484", "price": "0.76", "size": "0", "side": "SELL", "hash": "ee7efad8a13016033afc027a9858715ef3aedbfa", "best_bid": "0.65", "best_ask": "0.75"}], "timestamp": "1769384546041", "event_type": "price_change"}}
{"_local_timestamp": "2026-01-25T23:42:26.185386+00:00", "data": {"market": "0x137756995070dcbbfd7209f39dfc3634849e3a7a8cb54d657488154daf3e6ee3", "price_changes": [{"asset_id": "21398709410641435285632419901334057105989953460438825491305591535006041386484", "price": "0.65", "size": "0", "side": "BUY", "hash": "9c7440ca0175487575aeb66a687364c5121e9429", "best_bid": "0.15", "best_ask": "0.75"}, {"asset_id": "42681870278978892451875954507719612372170122796989759502383896466347156199497", "price": "0.35", "size": "0", "side": "SELL", "hash": "0684b76b7aa938f8a1bdd02ef7e42437f515622a", "best_bid": "0.25", "best_ask": "0.85"}], "timestamp": "1769384546044", "event_type": "price_change"}}
{"_local_timestamp": "2026-01-25T23:42:26.192338+00:00", "data": {"market": "0x53e2d2393750ce215f97908878e2fcdc3ddb2fa507280d1448860b54be77c517", "price_changes": [{"asset_id": "102086309194829958113489139839716037799894437856228811556318771875066885648828", "price": "0.56", "size": "0", "side": "BUY", "hash": "cbf0daf3351880df04f343a5d6b959c0f1b00b8a", "best_bid": "0.02", "best_ask": "0.67"}, {"asset_id": "29791046156450423775961047954953037860638241505355550737925404099720218399306", "price": "0.44", "size": "0", "side": "SELL", "hash": "c334d9f2c3977f88807f1ac60f47fac0de9cb59b", "best_bid": "0.33", "best_ask": "0.98"}], "timestamp": "1769384546047", "event_type": "price_change"}}
{"_local_timestamp": "2026-01-25T23:42:26.200379+00:00", "data": {"market": "0x53e2d2393750ce215f97908878e2fcdc3ddb2fa507280d1448860b54be77c517", "price_changes": [{"asset_id": "29791046156450423775961047954953037860638241505355550737925404099720218399306", "price": "0.33", "size": "0", "side": "BUY", "hash": "2e465fa119ab26be3d70c8334af2448291c8efcd", "best_bid": "0.02", "best_ask": "0.98"}, {"asset_id": "102086309194829958113489139839716037799894437856228811556318771875066885648828", "price": "0.67", "size": "0", "side": "SELL", "hash": "6971172207568f2097670ebb6e66ffc4497faf24", "best_bid": "0.02", "best_ask": "0.98"}], "timestamp": "1769384546049", "event_type": "price_change"}}
{"_local_timestamp": "2026-01-25T23:42:26.200746+00:00", "data": {"market": "0xcf9badef0bb315f46d2e7f3668c6bd43e5f3216904dcdcfc358cd870a222715e", "price_changes": [{"asset_id": "43377525106057162749407823274399998203161813646276686521721267189850049066299", "price": "0.65", "size": "0", "side": "BUY", "hash": "40bd31925b82d3eef2f79343bf36a6e9527633b3", "best_bid": "0.67", "best_ask": "0.75"}, {"asset_id": "103437817026016492734151818730407518925692290016210709828173525453811654215717", "price": "0.35", "size": "0", "side": "SELL", "hash": "cf01baf879f40a4149cc235f24857ec72bedec81", "best_bid": "0.25", "best_ask": "0.33"}], "timestamp": "1769384546049", "event_type": "price_change"}}
{"_local_timestamp": "2026-01-25T23:42:26.211094+00:00", "data": {"market": "0x02a5a3a8d5b24c22dc34909fb3be332c3821d56448d5bb0ac9fa51b0ecc80e86", "price_changes": [{"asset_id": "55632868139706351389122666075856398477134009427047164358685308011467980299168", "price": "0.72", "size": "0", "side": "BUY", "hash": "fd97167d97eaa53890e8a21717bbe737919d20f0", "best_bid": "0.82", "best_ask": "0.83"}, {"asset_id": "102488364465413824478249314098603452215755783745863591135734859144151686617118", "price": "0.28", "size": "0", "side": "SELL", "hash": "6d575d2de64a91ef99667a9864c87eaed535efad", "best_bid": "0.17", "best_ask": "0.18"}], "timestamp": "1769384546091", "event_type": "price_change"}}
{"_local_timestamp": "2026-01-25T23:42:26.211532+00:00", "data": {"market": "0x02a5a3a8d5b24c22dc34909fb3be332c3821d56448d5bb0ac9fa51b0ecc80e86", "price_changes": [{"asset_id": "55632868139706351389122666075856398477134009427047164358685308011467980299168", "price": "0.5", "size": "32", "side": "BUY", "hash": "77cc930239bac2cc58604eed8d2282beca40656a", "best_bid": "0.82", "best_ask": "0.83"}, {"asset_id": "102488364465413824478249314098603452215755783745863591135734859144151686617118", "price": "0.5", "size": "32", "side": "SELL", "hash": "ed6e34ac7fe1a5a559dbe0a64e5975a6d13f4b4b", "best_bid": "0.17", "best_ask": "0.18"}], "timestamp": "1769384546092", "event_type": "price_change"}}
{"_local_timestamp": "2026-01-25T23:42:26.479972+00:00", "data": {"market": "0xcf9badef0bb315f46d2e7f3668c6bd43e5f3216904dcdcfc358cd870a222715e", "price_changes": [{"asset_id": "103437817026016492734151818730407518925692290016210709828173525453811654215717", "price": "0.24", "size": "500", "side": "BUY", "hash": "9ba67e1248764bb271f426d8eedb721eb0a416c7", "best_bid": "0.25", "best_ask": "0.33"}, {"asset_id": "43377525106057162749407823274399998203161813646276686521721267189850049066299", "price": "0.76", "size": "500", "side": "SELL", "hash": "f174c467b3c5f4366e0b8b9dba3a2c07f335d032", "best_bid": "0.67", "best_ask": "0.75"}], "timestamp": "1769384546413", "event_type": "price_change"}}
{"_local_timestamp": "2026-01-25T23:42:26.480427+00:00", "data": {"market": "0x02a5a3a8d5b24c22dc34909fb3be332c3821d56448d5bb0ac9fa51b0ecc80e86", "price_changes": [{"asset_id": "55632868139706351389122666075856398477134009427047164358685308011467980299168", "price": "0.72", "size": "1000", "side": "BUY", "hash": "7ca0c9b1421c701480ae1b1dd25d2ab5265ff87f", "best_bid": "0.82", "best_ask": "0.83"}, {"asset_id": "102488364465413824478249314098603452215755783745863591135734859144151686617118", "price": "0.28", "size": "1000", "side": "SELL", "hash": "1868157154623217b0e879a8c16ec2a7ceb270cc", "best_bid": "0.17", "best_ask": "0.18"}], "timestamp": "1769384546413", "event_type": "price_change"}}
{"_local_timestamp": "2026-01-25T23:42:26.488421+00:00", "data": {"market": "0x137756995070dcbbfd7209f39dfc3634849e3a7a8cb54d657488154daf3e6ee3", "price_changes": [{"asset_id": "21398709410641435285632419901334057105989953460438825491305591535006041386484", "price": "0.65", "size": "500", "side": "BUY", "hash": "ed65dafbbd11eec5442ba1712f8edb9dbbd8bfe6", "best_bid": "0.65", "best_ask": "0.75"}, {"asset_id": "42681870278978892451875954507719612372170122796989759502383896466347156199497", "price": "0.35", "size": "500", "side": "SELL", "hash": "8a4734c1488c54da500485e293238004d0ac052d", "best_bid": "0.25", "best_ask": "0.35"}], "timestamp": "1769384546413", "event_type": "price_change"}}
{"_local_timestamp": "2026-01-25T23:42:26.488790+00:00", "data": {"market": "0xcf9badef0bb315f46d2e7f3668c6bd43e5f3216904dcdcfc358cd870a222715e", "price_changes": [{"asset_id": "43377525106057162749407823274399998203161813646276686521721267189850049066299", "price": "0.65", "size": "500", "side": "BUY", "hash": "5a2ea2bd77e5831e889355b334ab8bbe477d9334", "best_bid": "0.67", "best_ask": "0.75"}, {"asset_id": "103437817026016492734151818730407518925692290016210709828173525453811654215717", "price": "0.35", "size": "500", "side": "SELL", "hash": "2ac4c836000cc841fab4edf337b1161fe99dfa0e", "best_bid": "0.25", "best_ask": "0.33"}], "timestamp": "1769384546415", "event_type": "price_change"}}
{"_local_timestamp": "2026-01-25T23:42:26.489072+00:00", "data": {"market": "0x53e2d2393750ce215f97908878e2fcdc3ddb2fa507280d1448860b54be77c517", "price_changes": [{"asset_id": "102086309194829958113489139839716037799894437856228811556318771875066885648828", "price": "0.56", "size": "500", "side": "BUY", "hash": "2c8c233a3972121afa6f4f2c5d1417761703d575", "best_bid": "0.56", "best_ask": "0.98"}, {"asset_id": "29791046156450423775961047954953037860638241505355550737925404099720218399306", "price": "0.44", "size": "500", "side": "SELL", "hash": "d5b8be52c927deaf207b888a8ba24e8b61f45323", "best_bid": "0.02", "best_ask": "0.44"}], "timestamp": "1769384546416", "event_type": "price_change"}}
{"_local_timestamp": "2026-01-25T23:42:26.496812+00:00", "data": {"market": "0x137756995070dcbbfd7209f39dfc3634849e3a7a8cb54d657488154daf3e6ee3", "price_changes": [{"asset_id": "42681870278978892451875954507719612372170122796989759502383896466347156199497", "price": "0.24", "size": "500", "side": "BUY", "hash": "a9a212b958ae8cb4297bb82b2efb3926022853d0", "best_bid": "0.25", "best_ask": "0.35"}, {"asset_id": "21398709410641435285632419901334057105989953460438825491305591535006041386484", "price": "0.76", "size": "500", "side": "SELL", "hash": "054e5b045b84c4ad03036731207a91f48cccc5b5", "best_bid": "0.65", "best_ask": "0.75"}], "timestamp": "1769384546419", "event_type": "price_change"}}
{"_local_timestamp": "2026-01-25T23:42:26.512901+00:00", "data": {"market": "0x53e2d2393750ce215f97908878e2fcdc3ddb2fa507280d1448860b54be77c517", "price_changes": [{"asset_id": "29791046156450423775961047954953037860638241505355550737925404099720218399306", "price": "0.33", "size": "500", "side": "BUY", "hash": "95f3ba8bb719d9906f0f8fb23901f15f8c46db69", "best_bid": "0.33", "best_ask": "0.44"}, {"asset_id": "102086309194829958113489139839716037799894437856228811556318771875066885648828", "price": "0.67", "size": "500", "side": "SELL", "hash": "b1105cad5a43ae0373ce67f881a3091a7df29be8", "best_bid": "0.56", "best_ask": "0.67"}], "timestamp": "1769384546427", "event_type": "price_change"}}
{"_local_timestamp": "2026-01-25T23:43:11.266779+00:00", "data": {"market": "0x53e2d2393750ce215f97908878e2fcdc3ddb2fa507280d1448860b54be77c517", "price_changes": [{"asset_id": "102086309194829958113489139839716037799894437856228811556318771875066885648828", "price": "0.61", "size": "279.91", "side": "BUY", "hash": "a2b0f4b5fb008c2daeb26f5e10c0064b0803ae8c", "best_bid": "0.61", "best_ask": "0.67"}, {"asset_id": "29791046156450423775961047954953037860638241505355550737925404099720218399306", "price": "0.39", "size": "279.91", "side": "SELL", "hash": "42b68918a425e909063e07afab0c133c0880fd22", "best_bid": "0.33", "best_ask": "0.39"}], "timestamp": "1769384591205", "event_type": "price_change"}}
{"_local_timestamp": "2026-01-25T23:43:19.249502+00:00", "data": {"market": "0x53e2d2393750ce215f97908878e2fcdc3ddb2fa507280d1448860b54be77c517", "price_changes": [{"asset_id": "102086309194829958113489139839716037799894437856228811556318771875066885648828", "price": "0.61", "size": "0", "side": "BUY", "hash": "bde99f76085e739e7e258beb9435c53932074dfc", "best_bid": "0.56", "best_ask": "0.67"}, {"asset_id": "29791046156450423775961047954953037860638241505355550737925404099720218399306", "price": "0.39", "size": "0", "side": "SELL", "hash": "3f267a8583da95a8f2cf378f8db7d71280d4eeb9", "best_bid": "0.33", "best_ask": "0.44"}], "timestamp": "1769384599184", "event_type": "price_change"}}
{"_local_timestamp": "2026-01-25T23:43:33.753945+00:00", "data": {"market": "0x02a5a3a8d5b24c22dc34909fb3be332c3821d56448d5bb0ac9fa51b0ecc80e86", "price_changes": [{"asset_id": "55632868139706351389122666075856398477134009427047164358685308011467980299168", "price": "0.5", "size": "10", "side": "BUY", "hash": "5b0da0c2f1e66e25cbd59581edd0e68275ec9c77", "best_bid": "0.82", "best_ask": "0.83"}, {"asset_id": "102488364465413824478249314098603452215755783745863591135734859144151686617118", "price": "0.5", "size": "10", "side": "SELL", "hash": "84f5fede902296d352f8c77d1cb65dd2288f23e0", "best_bid": "0.17", "best_ask": "0.18"}], "timestamp": "1769384613677", "event_type": "price_change"}}
{"_local_timestamp": "2026-01-25T23:43:33.754456+00:00", "data": {"market": "0x02a5a3a8d5b24c22dc34909fb3be332c3821d56448d5bb0ac9fa51b0ecc80e86", "price_changes": [{"asset_id": "55632868139706351389122666075856398477134009427047164358685308011467980299168", "price": "0.72", "size": "1022", "side": "BUY", "hash": "9d8a8a829a817021067131c7de2d7905223ee079", "best_bid": "0.82", "best_ask": "0.83"}, {"asset_id": "102488364465413824478249314098603452215755783745863591135734859144151686617118", "price": "0.28", "size": "1022", "side": "SELL", "hash": "0182c748705cb847f13ace3f10e4e8d646e36d4d", "best_bid": "0.17", "best_ask": "0.18"}], "timestamp": "1769384613679", "event_type": "price_change"}}
{"_local_timestamp": "2026-01-25T23:43:34.197252+00:00", "data": {"market": "0xcf9badef0bb315f46d2e7f3668c6bd43e5f3216904dcdcfc358cd870a222715e", "price_changes": [{"asset_id": "103437817026016492734151818730407518925692290016210709828173525453811654215717", "price": "0.02", "size": "0", "side": "BUY", "hash": "b604349796026ca4828d23763ba5c4815c3046bd", "best_bid": "0.25", "best_ask": "0.33"}, {"asset_id": "43377525106057162749407823274399998203161813646276686521721267189850049066299", "price": "0.98", "size": "0", "side": "SELL", "hash": "5dff370d3c8c336b53b0853616906365fad7099a", "best_bid": "0.67", "best_ask": "0.75"}], "timestamp": "1769384614123", "event_type": "price_change"}}
{"_local_timestamp": "2026-01-25T23:43:34.550893+00:00", "data": {"market": "0xcf9badef0bb315f46d2e7f3668c6bd43e5f3216904dcdcfc358cd870a222715e", "price_changes": [{"asset_id": "103437817026016492734151818730407518925692290016210709828173525453811654215717", "price": "0.02", "size": "50", "side": "BUY", "hash": "6f26ba812ab2e7889544f341debabf4ea8127f3c", "best_bid": "0.25", "best_ask": "0.33"}, {"asset_id": "43377525106057162749407823274399998203161813646276686521721267189850049066299", "price": "0.98", "size": "50", "side": "SELL", "hash": "f1695ae77b4e6bf4401271c1b4a6f904d63b9d2e", "best_bid": "0.67", "best_ask": "0.75"}], "timestamp": "1769384614481", "event_type": "price_change"}}
{"_local_timestamp": "2026-01-25T23:43:34.609141+00:00", "data": {"market": "0x137756995070dcbbfd7209f39dfc3634849e3a7a8cb54d657488154daf3e6ee3", "price_changes": [{"asset_id": "42681870278978892451875954507719612372170122796989759502383896466347156199497", "price": "0.02", "size": "15.21", "side": "BUY", "hash": "1941a6656506e7c5b3c81d15ba41097afac34383", "best_bid": "0.25", "best_ask": "0.35"}, {"asset_id": "21398709410641435285632419901334057105989953460438825491305591535006041386484", "price": "0.98", "size": "15.21", "side": "SELL", "hash": "8f572cc9e15d938c0a41fe29dc2015b26137c58e", "best_bid": "0.65", "best_ask": "0.75"}], "timestamp": "1769384614539", "event_type": "price_change"}}
{"_local_timestamp": "2026-01-25T23:43:34.984877+00:00", "data": {"market": "0x137756995070dcbbfd7209f39dfc3634849e3a7a8cb54d657488154daf3e6ee3", "price_changes": [{"asset_id": "42681870278978892451875954507719612372170122796989759502383896466347156199497", "price": "0.02", "size": "50", "side": "BUY", "hash": "debaed64b61ddf1eecfad610f3d774d385074f67", "best_bid": "0.25", "best_ask": "0.35"}, {"asset_id": "21398709410641435285632419901334057105989953460438825491305591535006041386484", "price": "0.98", "size": "50", "side": "SELL", "hash": "d6ac9ba651b93dd66d84079075bafe02b3adacbc", "best_bid": "0.65", "best_ask": "0.75"}], "timestamp": "1769384614925", "event_type": "price_change"}}
{"_local_timestamp": "2026-01-25T23:43:35.036901+00:00", "data": {"market": "0x02a5a3a8d5b24c22dc34909fb3be332c3821d56448d5bb0ac9fa51b0ecc80e86", "price_changes": [{"asset_id": "102488364465413824478249314098603452215755783745863591135734859144151686617118", "price": "0.01", "size": "615.92", "side": "BUY", "hash": "399bbcf5f2b5bb4e8c51875c919c8903e9a1f457", "best_bid": "0.17", "best_ask": "0.18"}, {"asset_id": "55632868139706351389122666075856398477134009427047164358685308011467980299168", "price": "0.99", "size": "615.92", "side": "SELL", "hash": "f3b1df43775375828615e912f49071e3f2d406b8", "best_bid": "0.82", "best_ask": "0.83"}], "timestamp": "1769384614971", "event_type": "price_change"}}
{"_local_timestamp": "2026-01-25T23:43:35.041950+00:00", "data": {"market": "0x02a5a3a8d5b24c22dc34909fb3be332c3821d56448d5bb0ac9fa51b0ecc80e86", "price_changes": [{"asset_id": "102488364465413824478249314098603452215755783745863591135734859144151686617118", "price": "0.03", "size": "111", "side": "BUY", "hash": "399bbcf5f2b5bb4e8c51875c919c8903e9a1f457", "best_bid": "0.17", "best_ask": "0.18"}, {"asset_id": "55632868139706351389122666075856398477134009427047164358685308011467980299168", "price": "0.97", "size": "111", "side": "SELL", "hash": "f3b1df43775375828615e912f49071e3f2d406b8", "best_bid": "0.82", "best_ask": "0.83"}], "timestamp": "1769384614971", "event_type": "price_change"}}
{"_local_timestamp": "2026-01-25T23:43:35.307918+00:00", "data": {"market": "0x02a5a3a8d5b24c22dc34909fb3be332c3821d56448d5bb0ac9fa51b0ecc80e86", "price_changes": [{"asset_id": "102488364465413824478249314098603452215755783745863591135734859144151686617118", "price": "0.02", "size": "9.45", "side": "BUY", "hash": "a85fd36b580cb3bfe6945c372a1b020f89ad9efe", "best_bid": "0.17", "best_ask": "0.18"}, {"asset_id": "55632868139706351389122666075856398477134009427047164358685308011467980299168", "price": "0.98", "size": "9.45", "side": "SELL", "hash": "f02fa5cc41be2efcae87312978a5abbc27a55e30", "best_bid": "0.82", "best_ask": "0.83"}], "timestamp": "1769384615243", "event_type": "price_change"}}
{"_local_timestamp": "2026-01-25T23:43:35.308947+00:00", "data": {"market": "0x02a5a3a8d5b24c22dc34909fb3be332c3821d56448d5bb0ac9fa51b0ecc80e86", "price_changes": [{"asset_id": "102488364465413824478249314098603452215755783745863591135734859144151686617118", "price": "0.04", "size": "20.27", "side": "BUY", "hash": "562c1e452a3964444bd42139385d56d2185d7b35", "best_bid": "0.17", "best_ask": "0.18"}, {"asset_id": "55632868139706351389122666075856398477134009427047164358685308011467980299168", "price": "0.96", "size": "20.27", "side": "SELL", "hash": "fb1bb83af75036ce3a3d27db82d33db89b029c3e", "best_bid": "0.82", "best_ask": "0.83"}], "timestamp": "1769384615244", "event_type": "price_change"}}
{"_local_timestamp": "2026-01-25T23:43:35.769948+00:00", "data": {"market": "0x02a5a3a8d5b24c22dc34909fb3be332c3821d56448d5bb0ac9fa51b0ecc80e86", "price_changes": [{"asset_id": "102488364465413824478249314098603452215755783745863591135734859144151686617118", "price": "0.03", "size": "0", "side": "BUY", "hash": "df67df037eee4bcd26be362a0a1615645a4df291", "best_bid": "0.17", "best_ask": "0.18"}, {"asset_id": "55632868139706351389122666075856398477134009427047164358685308011467980299168", "price": "0.97", "size": "0", "side": "SELL", "hash": "090da44eda7b9d1a449aa9fa52dd36d07ec4bf50", "best_bid": "0.82", "best_ask": "0.83"}], "timestamp": "1769384615679", "event_type": "price_change"}}
{"_local_timestamp": "2026-01-25T23:43:35.770813+00:00", "data": {"market": "0x02a5a3a8d5b24c22dc34909fb3be332c3821d56448d5bb0ac9fa51b0ecc80e86", "price_changes": [{"asset_id": "102488364465413824478249314098603452215755783745863591135734859144151686617118", "price": "0.04", "size": "131.27", "side": "BUY", "hash": "2f513133cad92878c64540e1e0aeb028e5eb09fe", "best_bid": "0.17", "best_ask": "0.18"}, {"asset_id": "55632868139706351389122666075856398477134009427047164358685308011467980299168", "price": "0.96", "size": "131.27", "side": "SELL", "hash": "7f17741ae905a50ad42e95b0b580b4bca9bdb501", "best_bid": "0.82", "best_ask": "0.83"}], "timestamp": "1769384615682", "event_type": "price_change"}}
{"_local_timestamp": "2026-01-25T23:43:37.751798+00:00", "data": {"market": "0x02a5a3a8d5b24c22dc34909fb3be332c3821d56448d5bb0ac9fa51b0ecc80e86", "price_changes": [{"asset_id": "102488364465413824478249314098603452215755783745863591135734859144151686617118", "price": "0.05", "size": "111", "side": "BUY", "hash": "88e0bf91cdf72c9289f31ccbf190cac16db44157", "best_bid": "0.17", "best_ask": "0.18"}, {"asset_id": "55632868139706351389122666075856398477134009427047164358685308011467980299168", "price": "0.95", "size": "111", "side": "SELL", "hash": "e16eb8e147ea886e7a82b01d9383a9401ca76e73", "best_bid": "0.82", "best_ask": "0.83"}], "timestamp": "1769384617681", "event_type": "price_change"}}
{"_local_timestamp": "2026-01-25T23:43:39.742861+00:00", "data": {"market": "0x02a5a3a8d5b24c22dc34909fb3be332c3821d56448d5bb0ac9fa51b0ecc80e86", "price_changes": [{"asset_id": "102488364465413824478249314098603452215755783745863591135734859144151686617118", "price": "0.05", "size": "0", "side": "BUY", "hash": "c7cff7e51536f4023c014cb795e1935559ac52cd", "best_bid": "0.17", "best_ask": "0.18"}, {"asset_id": "55632868139706351389122666075856398477134009427047164358685308011467980299168", "price": "0.95", "size": "0", "side": "SELL", "hash": "eb8c521dd3f998aa27a31de8af75f63a9a95687a", "best_bid": "0.82", "best_ask": "0.83"}], "timestamp": "1769384619669", "event_type": "price_change"}}
{"_local_timestamp": "2026-01-25T23:44:11.521029+00:00", "data": {"market": "0x53e2d2393750ce215f97908878e2fcdc3ddb2fa507280d1448860b54be77c517", "price_changes": [{"asset_id": "102086309194829958113489139839716037799894437856228811556318771875066885648828", "price": "0.61", "size": "279.91", "side": "BUY", "hash": "e375ecacad2e31f5b5c0cc73716c3e8a70c104e4", "best_bid": "0.61", "best_ask": "0.67"}, {"asset_id": "29791046156450423775961047954953037860638241505355550737925404099720218399306", "price": "0.39", "size": "279.91", "side": "SELL", "hash": "d3ca664c8f5a31a7a34c34f0f51b5a181763fc9d", "best_bid": "0.33", "best_ask": "0.39"}], "timestamp": "1769384651456", "event_type": "price_change"}}
{"_local_timestamp": "2026-01-25T23:44:19.542262+00:00", "data": {"market": "0x53e2d2393750ce215f97908878e2fcdc3ddb2fa507280d1448860b54be77c517", "price_changes": [{"asset_id": "102086309194829958113489139839716037799894437856228811556318771875066885648828", "price": "0.61", "size": "0", "side": "BUY", "hash": "d96c51bc002c3b445943f7c8c7110e2149de4094", "best_bid": "0.56", "best_ask": "0.67"}, {"asset_id": "29791046156450423775961047954953037860638241505355550737925404099720218399306", "price": "0.39", "size": "0", "side": "SELL", "hash": "e1dd934304635be2ba4d4f6449fe7788f6475465", "best_bid": "0.33", "best_ask": "0.44"}], "timestamp": "1769384659474", "event_type": "price_change"}}
{"_local_timestamp": "2026-01-25T23:44:26.079817+00:00", "data": {"market": "0x53e2d2393750ce215f97908878e2fcdc3ddb2fa507280d1448860b54be77c517", "price_changes": [{"asset_id": "102086309194829958113489139839716037799894437856228811556318771875066885648828", "price": "0.56", "size": "0", "side": "BUY", "hash": "0bc3ee0b6a1189b768c46e1df6a20fb49d668d46", "best_bid": "0.02", "best_ask": "0.67"}, {"asset_id": "29791046156450423775961047954953037860638241505355550737925404099720218399306", "price": "0.44", "size": "0", "side": "SELL", "hash": "aa069fbc94bb41b785e9480a62b7edfee948b7a4", "best_bid": "0.33", "best_ask": "0.98"}], "timestamp": "1769384666000", "event_type": "price_change"}}
{"_local_timestamp": "2026-01-25T23:44:26.080888+00:00", "data": {"market": "0xcf9badef0bb315f46d2e7f3668c6bd43e5f3216904dcdcfc358cd870a222715e", "price_changes": [{"asset_id": "43377525106057162749407823274399998203161813646276686521721267189850049066299", "price": "0.65", "size": "0", "side": "BUY", "hash": "9fb9baaa8a2aa6f6e76358bb373566e0fe36e56c", "best_bid": "0.67", "best_ask": "0.75"}, {"asset_id": "103437817026016492734151818730407518925692290016210709828173525453811654215717", "price": "0.35", "size": "0", "side": "SELL", "hash": "2da6460e603da131d1feebfead0e031e8a4c01fa", "best_bid": "0.25", "best_ask": "0.33"}], "timestamp": "1769384666000", "event_type": "price_change"}}
{"_local_timestamp": "2026-01-25T23:44:26.081988+00:00", "data": {"market": "0xcf9badef0bb315f46d2e7f3668c6bd43e5f3216904dcdcfc358cd870a222715e", "price_changes": [{"asset_id": "103437817026016492734151818730407518925692290016210709828173525453811654215717", "price": "0.24", "size": "0", "side": "BUY", "hash": "7a731b0e6998f5de29ed403dbc8f3826e1554675", "best_bid": "0.25", "best_ask": "0.33"}, {"asset_id": "43377525106057162749407823274399998203161813646276686521721267189850049066299", "price": "0.76", "size": "0", "side": "SELL", "hash": "be72bbfa911efd54a1616fa9dbf27dd8b7340177", "best_bid": "0.67", "best_ask": "0.75"}], "timestamp": "1769384666003", "event_type": "price_change"}}
{"_local_timestamp": "2026-01-25T23:44:26.086058+00:00", "data": {"market": "0x02a5a3a8d5b24c22dc34909fb3be332c3821d56448d5bb0ac9fa51b0ecc80e86", "price_changes": [{"asset_id": "55632868139706351389122666075856398477134009427047164358685308011467980299168", "price": "0.72", "size": "22", "side": "BUY", "hash": "f4838c02b388ea5e933b4fca0029180f1f27b32b", "best_bid": "0.82", "best_ask": "0.83"}, {"asset_id": "102488364465413824478249314098603452215755783745863591135734859144151686617118", "price": "0.28", "size": "22", "side": "SELL", "hash": "7b5b3cf61c605416585927895354e5be702cc777", "best_bid": "0.17", "best_ask": "0.18"}], "timestamp": "1769384666002", "event_type": "price_change"}}
{"_local_timestamp": "2026-01-25T23:44:26.091934+00:00", "data": {"market": "0x53e2d2393750ce215f97908878e2fcdc3ddb2fa507280d1448860b54be77c517", "price_changes": [{"asset_id": "29791046156450423775961047954953037860638241505355550737925404099720218399306", "price": "0.33", "size": "0", "side": "BUY", "hash": "d5086246e7f751e586b2ad86eb74f32d2c11774d", "best_bid": "0.02", "best_ask": "0.98"}, {"asset_id": "102086309194829958113489139839716037799894437856228811556318771875066885648828", "price": "0.67", "size": "0", "side": "SELL", "hash": "5e4522d20d2b47c0ea86d2afd1699e60b6d86294", "best_bid": "0.02", "best_ask": "0.98"}], "timestamp": "1769384666004", "event_type": "price_change"}}
{"_local_timestamp": "2026-01-25T23:44:26.092289+00:00", "data": {"market": "0x137756995070dcbbfd7209f39dfc3634849e3a7a8cb54d657488154daf3e6ee3", "price_changes": [{"asset_id": "21398709410641435285632419901334057105989953460438825491305591535006041386484", "price": "0.65", "size": "0", "side": "BUY", "hash": "65623e3b5c1c323911ab93882029d119b3bebf9d", "best_bid": "0.15", "best_ask": "0.75"}, {"asset_id": "42681870278978892451875954507719612372170122796989759502383896466347156199497", "price": "0.35", "size": "0", "side": "SELL", "hash": "74dac2a5573a430caf8dec196d3741412b25841b", "best_bid": "0.25", "best_ask": "0.85"}], "timestamp": "1769384666005", "event_type": "price_change"}}
{"_local_timestamp": "2026-01-25T23:44:26.096512+00:00", "data": {"market": "0x137756995070dcbbfd7209f39dfc3634849e3a7a8cb54d657488154daf3e6ee3", "price_changes": [{"asset_id": "42681870278978892451875954507719612372170122796989759502383896466347156199497", "price": "0.24", "size": "0", "side": "BUY", "hash": "d349eddfe531ec1d5a68b6bec6a24d8942e42e57", "best_bid": "0.25", "best_ask": "0.85"}, {"asset_id": "21398709410641435285632419901334057105989953460438825491305591535006041386484", "price": "0.76", "size": "0", "side": "SELL", "hash": "39c6e4a3149dd470800b82f01f444e5f10560015", "best_bid": "0.15", "best_ask": "0.75"}], "timestamp": "1769384666006", "event_type": "price_change"}}
{"_local_timestamp": "2026-01-25T23:44:26.140123+00:00", "data": {"market": "0x02a5a3a8d5b24c22dc34909fb3be332c3821d56448d5bb0ac9fa51b0ecc80e86", "price_changes": [{"asset_id": "55632868139706351389122666075856398477134009427047164358685308011467980299168", "price": "0.5", "size": "32", "side": "BUY", "hash": "ca8c3c43bf426045e3f1506bdb56f9da09ae125a", "best_bid": "0.82", "best_ask": "0.83"}, {"asset_id": "102488364465413824478249314098603452215755783745863591135734859144151686617118", "price": "0.5", "size": "32", "side": "SELL", "hash": "2543157a4e25795bdcaf27c0fdcebd123c84c43e", "best_bid": "0.17", "best_ask": "0.18"}], "timestamp": "1769384666066", "event_type": "price_change"}}
{"_local_timestamp": "2026-01-25T23:44:26.140513+00:00", "data": {"market": "0x02a5a3a8d5b24c22dc34909fb3be332c3821d56448d5bb0ac9fa51b0ecc80e86", "price_changes": [{"asset_id": "55632868139706351389122666075856398477134009427047164358685308011467980299168", "price": "0.72", "size": "0", "side": "BUY", "hash": "a789ebf0e0dbb18a22b6c63b1440b73e91a43e2f", "best_bid": "0.82", "best_ask": "0.83"}, {"asset_id": "102488364465413824478249314098603452215755783745863591135734859144151686617118", "price": "0.28", "size": "0", "side": "SELL", "hash": "8577b304c1b9dc266b50b704f368b80d5edcd6c6", "best_bid": "0.17", "best_ask": "0.18"}], "timestamp": "1769384666068", "event_type": "price_change"}}
{"_local_timestamp": "2026-01-25T23:44:27.035233+00:00", "data": {"market": "0x53e2d2393750ce215f97908878e2fcdc3ddb2fa507280d1448860b54be77c517", "price_changes": [{"asset_id": "102086309194829958113489139839716037799894437856228811556318771875066885648828", "price": "0.56", "size": "500", "side": "BUY", "hash": "2954e92639eff25586180c5ef4336a75f65384cf", "best_bid": "0.56", "best_ask": "0.98"}, {"asset_id": "29791046156450423775961047954953037860638241505355550737925404099720218399306", "price": "0.44", "size": "500", "side": "SELL", "hash": "d41dbc337aa0e6e31d476e50fd1cd08b4792a212", "best_bid": "0.02", "best_ask": "0.44"}], "timestamp": "1769384666919", "event_type": "price_change"}}
{"_local_timestamp": "2026-01-25T23:44:27.065103+00:00", "data": {"market": "0x02a5a3a8d5b24c22dc34909fb3be332c3821d56448d5bb0ac9fa51b0ecc80e86", "price_changes": [{"asset_id": "55632868139706351389122666075856398477134009427047164358685308011467980299168", "price": "0.72", "size": "1000", "side": "BUY", "hash": "77eda7ae5d5164d430891b3780c8fbee77bf5aca", "best_bid": "0.82", "best_ask": "0.83"}, {"asset_id": "102488364465413824478249314098603452215755783745863591135734859144151686617118", "price": "0.28", "size": "1000", "side": "SELL", "hash": "ef445cf998db0b5f4c7689a4301c6b622f97578a", "best_bid": "0.17", "best_ask": "0.18"}], "timestamp": "1769384666921", "event_type": "price_change"}}
{"_local_timestamp": "2026-01-25T23:44:27.071474+00:00", "data": {"market": "0x137756995070dcbbfd7209f39dfc3634849e3a7a8cb54d657488154daf3e6ee3", "price_changes": [{"asset_id": "42681870278978892451875954507719612372170122796989759502383896466347156199497", "price": "0.24", "size": "500", "side": "BUY", "hash": "113079172fdc711d03a0629d522e6bc5612c99df", "best_bid": "0.25", "best_ask": "0.85"}, {"asset_id": "21398709410641435285632419901334057105989953460438825491305591535006041386484", "price": "0.76", "size": "500", "side": "SELL", "hash": "3be1713bda4c79a406ed8f52081c7734570b2314", "best_bid": "0.15", "best_ask": "0.75"}], "timestamp": "1769384666922", "event_type": "price_change"}}
{"_local_timestamp": "2026-01-25T23:44:27.080136+00:00", "data": {"market": "0xcf9badef0bb315f46d2e7f3668c6bd43e5f3216904dcdcfc358cd870a222715e", "price_changes": [{"asset_id": "43377525106057162749407823274399998203161813646276686521721267189850049066299", "price": "0.65", "size": "500", "side": "BUY", "hash": "9a77b0d4fd1dccc0ffd17a5ea4f99945510904c0", "best_bid": "0.67", "best_ask": "0.75"}, {"asset_id": "103437817026016492734151818730407518925692290016210709828173525453811654215717", "price": "0.35", "size": "500", "side": "SELL", "hash": "f5a095b6be21821d63ce5b30a643f65116d80a62", "best_bid": "0.25", "best_ask": "0.33"}], "timestamp": "1769384666924", "event_type": "price_change"}}
{"_local_timestamp": "2026-01-25T23:44:27.080981+00:00", "data": {"market": "0x53e2d2393750ce215f97908878e2fcdc3ddb2fa507280d1448860b54be77c517", "price_changes": [{"asset_id": "29791046156450423775961047954953037860638241505355550737925404099720218399306", "price": "0.33", "size": "500", "side": "BUY", "hash": "93d83bf5e2740cb95901d1b9bd3719ed9d94c2e5", "best_bid": "0.33", "best_ask": "0.44"}, {"asset_id": "102086309194829958113489139839716037799894437856228811556318771875066885648828", "price": "0.67", "size": "500", "side": "SELL", "hash": "613243f50b6db7c3b7994c89990f89a226cfc1df", "best_bid": "0.56", "best_ask": "0.67"}], "timestamp": "1769384666926", "event_type": "price_change"}}
{"_local_timestamp": "2026-01-25T23:44:27.083251+00:00", "data": {"market": "0x137756995070dcbbfd7209f39dfc3634849e3a7a8cb54d657488154daf3e6ee3", "price_changes": [{"asset_id": "21398709410641435285632419901334057105989953460438825491305591535006041386484", "price": "0.65", "size": "500", "side": "BUY", "hash": "4c738c5fac527bd44705d03cb671e52d63e80643", "best_bid": "0.65", "best_ask": "0.75"}, {"asset_id": "42681870278978892451875954507719612372170122796989759502383896466347156199497", "price": "0.35", "size": "500", "side": "SELL", "hash": "77a52031466be404ba6aa70b9037d0f8460c7e0f", "best_bid": "0.25", "best_ask": "0.35"}], "timestamp": "1769384666935", "event_type": "price_change"}}
{"_local_timestamp": "2026-01-25T23:44:27.084512+00:00", "data": {"market": "0xcf9badef0bb315f46d2e7f3668c6bd43e5f3216904dcdcfc358cd870a222715e", "price_changes": [{"asset_id": "103437817026016492734151818730407518925692290016210709828173525453811654215717", "price": "0.24", "size": "500", "side": "BUY", "hash": "fb1bce969e062d069f0cba01dc19f38c6a8578bd", "best_bid": "0.25", "best_ask": "0.33"}, {"asset_id": "43377525106057162749407823274399998203161813646276686521721267189850049066299", "price": "0.76", "size": "500", "side": "SELL", "hash": "0f8ee29c8617f733391eaa6170021fd9c420cf8a", "best_bid": "0.67", "best_ask": "0.75"}], "timestamp": "1769384666936", "event_type": "price_change"}}
{"_local_timestamp": "2026-01-25T23:44:48.272073+00:00", "data": {"market": "0x02a5a3a8d5b24c22dc34909fb3be332c3821d56448d5bb0ac9fa51b0ecc80e86", "price_changes": [{"asset_id": "55632868139706351389122666075856398477134009427047164358685308011467980299168", "price": "0.5", "size": "10", "side": "BUY", "hash": "ba22947894bf476842bdb92909263cd2139f3d81", "best_bid": "0.82", "best_ask": "0.83"}, {"asset_id": "102488364465413824478249314098603452215755783745863591135734859144151686617118", "price": "0.5", "size": "10", "side": "SELL", "hash": "62669c00b616f47cb474dba4441584d1db10c35c", "best_bid": "0.17", "best_ask": "0.18"}], "timestamp": "1769384688198", "event_type": "price_change"}}
{"_local_timestamp": "2026-01-25T23:44:48.272622+00:00", "data": {"market": "0x02a5a3a8d5b24c22dc34909fb3be332c3821d56448d5bb0ac9fa51b0ecc80e86", "price_changes": [{"asset_id": "55632868139706351389122666075856398477134009427047164358685308011467980299168", "price": "0.72", "size": "1022", "side": "BUY", "hash": "ef72bbc61850cf7c8b667bde0a7c48888f4b6418", "best_bid": "0.82", "best_ask": "0.83"}, {"asset_id": "102488364465413824478249314098603452215755783745863591135734859144151686617118", "price": "0.28", "size": "1022", "side": "SELL", "hash": "2e6c86bcd2c8cf9080a99ff8eb1b5bf16e8c4937", "best_bid": "0.17", "best_ask": "0.18"}], "timestamp": "1769384688201", "event_type": "price_change"}}
{"_local_timestamp": "2026-01-25T23:45:11.873616+00:00", "data": {"market": "0x53e2d2393750ce215f97908878e2fcdc3ddb2fa507280d1448860b54be77c517", "price_changes": [{"asset_id": "102086309194829958113489139839716037799894437856228811556318771875066885648828", "price": "0.61", "size": "279.91", "side": "BUY", "hash": "12c345de0a4c120a30b8a00197e717506a5798f2", "best_bid": "0.61", "best_ask": "0.67"}, {"asset_id": "29791046156450423775961047954953037860638241505355550737925404099720218399306", "price": "0.39", "size": "279.91", "side": "SELL", "hash": "90b77b972ff90eef4863bb27b13905e7a8c947bc", "best_bid": "0.33", "best_ask": "0.39"}], "timestamp": "1769384711795", "event_type": "price_change"}}
{"_local_timestamp": "2026-01-25T23:45:19.131247+00:00", "data": {"market": "0x53e2d2393750ce215f97908878e2fcdc3ddb2fa507280d1448860b54be77c517", "price_changes": [{"asset_id": "102086309194829958113489139839716037799894437856228811556318771875066885648828", "price": "0.61", "size": "0", "side": "BUY", "hash": "b6a3a28653b2abf19570c7cf54b350afcf6a36fc", "best_bid": "0.56", "best_ask": "0.67"}, {"asset_id": "29791046156450423775961047954953037860638241505355550737925404099720218399306", "price": "0.39", "size": "0", "side": "SELL", "hash": "0b896dae63c16f6555bd8ed6906aca0de9abe75e", "best_bid": "0.33", "best_ask": "0.44"}], "timestamp": "1769384719025", "event_type": "price_change"}}
{"_local_timestamp": "2026-01-25T23:45:32.243417+00:00", "data": {"market": "0xcf9badef0bb315f46d2e7f3668c6bd43e5f3216904dcdcfc358cd870a222715e", "price_changes": [{"asset_id": "103437817026016492734151818730407518925692290016210709828173525453811654215717", "price": "0.02", "size": "0", "side": "BUY", "hash": "d2ca62f741a85e28f13f74cf1f67eae693d1a0f6", "best_bid": "0.25", "best_ask": "0.33"}, {"asset_id": "43377525106057162749407823274399998203161813646276686521721267189850049066299", "price": "0.98", "size": "0", "side": "SELL", "hash": "ef1b185ab7fbf4eae0fa34756eacc03b920f40cf", "best_bid": "0.67", "best_ask": "0.75"}], "timestamp": "1769384732170", "event_type": "price_change"}}
{"_local_timestamp": "2026-01-25T23:45:34.857836+00:00", "data": {"market": "0xcf9badef0bb315f46d2e7f3668c6bd43e5f3216904dcdcfc358cd870a222715e", "price_changes": [{"asset_id": "103437817026016492734151818730407518925692290016210709828173525453811654215717", "price": "0.02", "size": "50", "side": "BUY", "hash": "95f8ad865fc03f6ed025bf9ff484ef2e573fb4c7", "best_bid": "0.25", "best_ask": "0.33"}, {"asset_id": "43377525106057162749407823274399998203161813646276686521721267189850049066299", "price": "0.98", "size": "50", "side": "SELL", "hash": "4c6ef9bf38c46c79113e014ec9c8dc6acbc952ba", "best_bid": "0.67", "best_ask": "0.75"}], "timestamp": "1769384734791", "event_type": "price_change"}}
{"_local_timestamp": "2026-01-25T23:45:34.987761+00:00", "data": {"market": "0x02a5a3a8d5b24c22dc34909fb3be332c3821d56448d5bb0ac9fa51b0ecc80e86", "price_changes": [{"asset_id": "102488364465413824478249314098603452215755783745863591135734859144151686617118", "price": "0.04", "size": "111", "side": "BUY", "hash": "aa108012b23633ce2d7beb5bbbe6c95701047ef5", "best_bid": "0.17", "best_ask": "0.18"}, {"asset_id": "55632868139706351389122666075856398477134009427047164358685308011467980299168", "price": "0.96", "size": "111", "side": "SELL", "hash": "e04ccab4f160b0668470c854f418f1391569934c", "best_bid": "0.82", "best_ask": "0.83"}], "timestamp": "1769384734916", "event_type": "price_change"}}
{"_local_timestamp": "2026-01-25T23:45:34.988241+00:00", "data": {"market": "0x137756995070dcbbfd7209f39dfc3634849e3a7a8cb54d657488154daf3e6ee3", "price_changes": [{"asset_id": "42681870278978892451875954507719612372170122796989759502383896466347156199497", "price": "0.02", "size": "15.21", "side": "BUY", "hash": "517ad661c789aeefd5dbee6a9265e21fe376abaf", "best_bid": "0.25", "best_ask": "0.35"}, {"asset_id": "21398709410641435285632419901334057105989953460438825491305591535006041386484", "price": "0.98", "size": "15.21", "side": "SELL", "hash": "b193e6482cae18662808725564196b537c8a2998", "best_bid": "0.65", "best_ask": "0.75"}], "timestamp": "1769384734916", "event_type": "price_change"}}
{"_local_timestamp": "2026-01-25T23:45:35.018237+00:00", "data": {"market": "0x02a5a3a8d5b24c22dc34909fb3be332c3821d56448d5bb0ac9fa51b0ecc80e86", "price_changes": [{"asset_id": "102488364465413824478249314098603452215755783745863591135734859144151686617118", "price": "0.02", "size": "120.45", "side": "BUY", "hash": "b1fa08f10c12d3c53cd1a2a77fc6cef842999e44", "best_bid": "0.17", "best_ask": "0.18"}, {"asset_id": "55632868139706351389122666075856398477134009427047164358685308011467980299168", "price": "0.98", "size": "120.45", "side": "SELL", "hash": "9e7a6213babeca2d9e1ad05030b7f5d3ed10a2f5", "best_bid": "0.82", "best_ask": "0.83"}], "timestamp": "1769384734956", "event_type": "price_change"}}
{"_local_timestamp": "2026-01-25T23:45:35.026684+00:00", "data": {"market": "0x02a5a3a8d5b24c22dc34909fb3be332c3821d56448d5bb0ac9fa51b0ecc80e86", "price_changes": [{"asset_id": "102488364465413824478249314098603452215755783745863591135734859144151686617118", "price": "0.04", "size": "0", "side": "BUY", "hash": "38a40b4e36c1087cf2a155af667e6419e12e3ab2", "best_bid": "0.17", "best_ask": "0.18"}, {"asset_id": "55632868139706351389122666075856398477134009427047164358685308011467980299168", "price": "0.96", "size": "0", "side": "SELL", "hash": "dd7ad1a4f885aaf611160b3ed3ae243b48a01b38", "best_bid": "0.82", "best_ask": "0.83"}], "timestamp": "1769384734959", "event_type": "price_change"}}
{"_local_timestamp": "2026-01-25T23:45:35.525622+00:00", "data": {"market": "0x02a5a3a8d5b24c22dc34909fb3be332c3821d56448d5bb0ac9fa51b0ecc80e86", "price_changes": [{"asset_id": "102488364465413824478249314098603452215755783745863591135734859144151686617118", "price": "0.05", "size": "16.21", "side": "BUY", "hash": "ec34cda1a5d6a04b1fed2f855747e381679f93da", "best_bid": "0.17", "best_ask": "0.18"}, {"asset_id": "55632868139706351389122666075856398477134009427047164358685308011467980299168", "price": "0.95", "size": "16.21", "side": "SELL", "hash": "865804a9bac8bf1db3eee7a860844923a0f1b235", "best_bid": "0.82", "best_ask": "0.83"}], "timestamp": "1769384735462", "event_type": "price_change"}}
{"_local_timestamp": "2026-01-25T23:45:36.344729+00:00", "data": {"market": "0x137756995070dcbbfd7209f39dfc3634849e3a7a8cb54d657488154daf3e6ee3", "price_changes": [{"asset_id": "42681870278978892451875954507719612372170122796989759502383896466347156199497", "price": "0.02", "size": "50", "side": "BUY", "hash": "43e245c410ecb8b517b19153ff244edfcdc16221", "best_bid": "0.25", "best_ask": "0.35"}, {"asset_id": "21398709410641435285632419901334057105989953460438825491305591535006041386484", "price": "0.98", "size": "50", "side": "SELL", "hash": "cf5c8120f96415782bcee2e74f9aeab8ad9a40d0", "best_bid": "0.65", "best_ask": "0.75"}], "timestamp": "1769384736283", "event_type": "price_change"}}
{"_local_timestamp": "2026-01-25T23:45:42.089261+00:00", "data": {"market": "0xcf9badef0bb315f46d2e7f3668c6bd43e5f3216904dcdcfc358cd870a222715e", "price_changes": [{"asset_id": "43377525106057162749407823274399998203161813646276686521721267189850049066299", "price": "0.67", "size": "0", "side": "BUY", "hash": "a9ea794b7e09942bd83841a01b63d6337445ef55", "best_bid": "0.65", "best_ask": "0.75"}, {"asset_id": "103437817026016492734151818730407518925692290016210709828173525453811654215717", "price": "0.33", "size": "0", "side": "SELL", "hash": "05a868c49ff6fc57de57d268600d385593673832", "best_bid": "0.25", "best_ask": "0.35"}], "timestamp": "1769384742000", "event_type": "price_change"}}
{"_local_timestamp": "2026-01-25T23:45:49.512290+00:00", "data": {"market": "0x02a5a3a8d5b24c22dc34909fb3be332c3821d56448d5bb0ac9fa51b0ecc80e86", "price_changes": [{"asset_id": "102488364465413824478249314098603452215755783745863591135734859144151686617118", "price": "0.02", "size": "9.45", "side": "BUY", "hash": "8353c14c2868a087b8c8dd48ccd4bb6e8f7e6362", "best_bid": "0.17", "best_ask": "0.18"}, {"asset_id": "55632868139706351389122666075856398477134009427047164358685308011467980299168", "price": "0.98", "size": "9.45", "side": "SELL", "hash": "2c22bbb92bdfd130549429330f52f92397168a6c", "best_bid": "0.82", "best_ask": "0.83"}], "timestamp": "1769384749434", "event_type": "price_change"}}
{"_local_timestamp": "2026-01-25T23:45:49.512886+00:00", "data": {"market": "0x02a5a3a8d5b24c22dc34909fb3be332c3821d56448d5bb0ac9fa51b0ecc80e86", "price_changes": [{"asset_id": "102488364465413824478249314098603452215755783745863591135734859144151686617118", "price": "0.05", "size": "128.21", "side": "BUY", "hash": "0581bb4cb0c5f15925f93bc0597bed7c032c569a", "best_bid": "0.17", "best_ask": "0.18"}, {"asset_id": "55632868139706351389122666075856398477134009427047164358685308011467980299168", "price": "0.95", "size": "128.21", "side": "SELL", "hash": "158cef1780680f4181796bbbe58a32304db043f7", "best_bid": "0.82", "best_ask": "0.83"}], "timestamp": "1769384749442", "event_type": "price_change"}}
{"_local_timestamp": "2026-01-25T23:46:11.586802+00:00", "data": {"market": "0x02a5a3a8d5b24c22dc34909fb3be332c3821d56448d5bb0ac9fa51b0ecc80e86", "price_changes": [{"asset_id": "55632868139706351389122666075856398477134009427047164358685308011467980299168", "price": "0.52", "size": "10", "side": "BUY", "hash": "591ee262787e2a540a4d93deae4df510619ee53c", "best_bid": "0.82", "best_ask": "0.83"}, {"asset_id": "102488364465413824478249314098603452215755783745863591135734859144151686617118", "price": "0.48", "size": "10", "side": "SELL", "hash": "7e7165e3b0d3b6c19eb2cabb2b53e1b65443efa4", "best_bid": "0.17", "best_ask": "0.18"}], "timestamp": "1769384771519", "event_type": "price_change"}}
{"_local_timestamp": "2026-01-25T23:46:11.940748+00:00", "data": {"market": "0x53e2d2393750ce215f97908878e2fcdc3ddb2fa507280d1448860b54be77c517", "price_changes": [{"asset_id": "102086309194829958113489139839716037799894437856228811556318771875066885648828", "price": "0.61", "size": "279.91", "side": "BUY", "hash": "c5c37fb32eeb5dfa3feb66d95e50dc6c68b78183", "best_bid": "0.61", "best_ask": "0.67"}, {"asset_id": "29791046156450423775961047954953037860638241505355550737925404099720218399306", "price": "0.39", "size": "279.91", "side": "SELL", "hash": "4c4f7d535a921af39dd75eacf208799a3e9928db", "best_bid": "0.33", "best_ask": "0.39"}], "timestamp": "1769384771869", "event_type": "price_change"}}
{"_local_timestamp": "2026-01-25T23:46:19.375756+00:00", "data": {"market": "0x53e2d2393750ce215f97908878e2fcdc3ddb2fa507280d1448860b54be77c517", "price_changes": [{"asset_id": "102086309194829958113489139839716037799894437856228811556318771875066885648828", "price": "0.61", "size": "0", "side": "BUY", "hash": "f9cfd621208dc9d0aee891837018876c15adfb49", "best_bid": "0.56", "best_ask": "0.67"}, {"asset_id": "29791046156450423775961047954953037860638241505355550737925404099720218399306", "price": "0.39", "size": "0", "side": "SELL", "hash": "314410911ca906b9b4999d78a901a268879708fa", "best_bid": "0.33", "best_ask": "0.44"}], "timestamp": "1769384779310", "event_type": "price_change"}}
{"_local_timestamp": "2026-01-25T23:46:27.071770+00:00", "data": {"market": "0xcf9badef0bb315f46d2e7f3668c6bd43e5f3216904dcdcfc358cd870a222715e", "price_changes": [{"asset_id": "103437817026016492734151818730407518925692290016210709828173525453811654215717", "price": "0.24", "size": "0", "side": "BUY", "hash": "2eb14f907a783275defec5011a06d28fcdb4349d", "best_bid": "0.25", "best_ask": "0.35"}, {"asset_id": "43377525106057162749407823274399998203161813646276686521721267189850049066299", "price": "0.76", "size": "0", "side": "SELL", "hash": "fafe7efc656cd8e7ee7b35fe1aab2868db699e01", "best_bid": "0.65", "best_ask": "0.75"}], "timestamp": "1769384787000", "event_type": "price_change"}}
{"_local_timestamp": "2026-01-25T23:46:27.072316+00:00", "data": {"market": "0x137756995070dcbbfd7209f39dfc3634849e3a7a8cb54d657488154daf3e6ee3", "price_changes": [{"asset_id": "21398709410641435285632419901334057105989953460438825491305591535006041386484", "price": "0.65", "size": "0", "side": "BUY", "hash": "3ed2daadfb4eca4971b218755d1ac50124e67076", "best_bid": "0.15", "best_ask": "0.75"}, {"asset_id": "42681870278978892451875954507719612372170122796989759502383896466347156199497", "price": "0.35", "size": "0", "side": "SELL", "hash": "356ff43094e2cbf5e22602b0557be402ed197f3e", "best_bid": "0.25", "best_ask": "0.85"}], "timestamp": "1769384787000", "event_type": "price_change"}}
{"_local_timestamp": "2026-01-25T23:46:27.081222+00:00", "data": {"market": "0x53e2d2393750ce215f97908878e2fcdc3ddb2fa507280d1448860b54be77c517", "price_changes": [{"asset_id": "29791046156450423775961047954953037860638241505355550737925404099720218399306", "price": "0.33", "size": "0", "side": "BUY", "hash": "f26c3b1486f2dc18c473d8b427702f0dfe4d8d1b", "best_bid": "0.02", "best_ask": "0.44"}, {"asset_id": "102086309194829958113489139839716037799894437856228811556318771875066885648828", "price": "0.67", "size": "0", "side": "SELL", "hash": "03975b4f8090a5e65edb373b9a42cbe566802f83", "best_bid": "0.56", "best_ask": "0.98"}], "timestamp": "1769384787001", "event_type": "price_change"}}
{"_local_timestamp": "2026-01-25T23:46:27.081731+00:00", "data": {"market": "0xcf9badef0bb315f46d2e7f3668c6bd43e5f3216904dcdcfc358cd870a222715e", "price_changes": [{"asset_id": "43377525106057162749407823274399998203161813646276686521721267189850049066299", "price": "0.65", "size": "0", "side": "BUY", "hash": "743969151f090dfa076dc0f772d5295a212f1748", "best_bid": "0.02", "best_ask": "0.75"}, {"asset_id": "103437817026016492734151818730407518925692290016210709828173525453811654215717", "price": "0.35", "size": "0", "side": "SELL", "hash": "633f5940b91b7cc453c5a153d9797801abea7935", "best_bid": "0.25", "best_ask": "0.98"}], "timestamp": "1769384787001", "event_type": "price_change"}}
{"_local_timestamp": "2026-01-25T23:46:27.082183+00:00", "data": {"market": "0x137756995070dcbbfd7209f39dfc3634849e3a7a8cb54d657488154daf3e6ee3", "price_changes": [{"asset_id": "42681870278978892451875954507719612372170122796989759502383896466347156199497", "price": "0.24", "size": "0", "side": "BUY", "hash": "904450ef85cf44c2d51bd23dcc48c6f670891db2", "best_bid": "0.25", "best_ask": "0.85"}, {"asset_id": "21398709410641435285632419901334057105989953460438825491305591535006041386484", "price": "0.76", "size": "0", "side": "SELL", "hash": "7524563408463fac8beb2a092b37ce5b6fca72e2", "best_bid": "0.15", "best_ask": "0.75"}], "timestamp": "1769384787002", "event_type": "price_change"}}
{"_local_timestamp": "2026-01-25T23:46:27.082671+00:00", "data": {"market": "0x53e2d2393750ce215f97908878e2fcdc3ddb2fa507280d1448860b54be77c517", "price_changes": [{"asset_id": "102086309194829958113489139839716037799894437856228811556318771875066885648828", "price": "0.56", "size": "0", "side": "BUY", "hash": "09f457b94d05c8f02dc427b37edc61f33fcc102c", "best_bid": "0.02", "best_ask": "0.98"}, {"asset_id": "29791046156450423775961047954953037860638241505355550737925404099720218399306", "price": "0.44", "size": "0", "side": "SELL", "hash": "f1bc21692f665994ae4606bffe780f2fbd0a461b", "best_bid": "0.02", "best_ask": "0.98"}], "timestamp": "1769384787001", "event_type": "price_change"}}
{"_local_timestamp": "2026-01-25T23:46:27.083584+00:00", "data": {"market": "0x02a5a3a8d5b24c22dc34909fb3be332c3821d56448d5bb0ac9fa51b0ecc80e86", "price_changes": [{"asset_id": "55632868139706351389122666075856398477134009427047164358685308011467980299168", "price": "0.72", "size": "22", "side": "BUY", "hash": "48dee92ea385693781be7c03c9807bb724dcad20", "best_bid": "0.82", "best_ask": "0.83"}, {"asset_id": "102488364465413824478249314098603452215755783745863591135734859144151686617118", "price": "0.28", "size": "22", "side": "SELL", "hash": "9a0212b25e6067df3e33c5e4723268d39a13719b", "best_bid": "0.17", "best_ask": "0.18"}], "timestamp": "1769384787002", "event_type": "price_change"}}
{"_local_timestamp": "2026-01-25T23:46:27.124472+00:00", "data": {"market": "0x02a5a3a8d5b24c22dc34909fb3be332c3821d56448d5bb0ac9fa51b0ecc80e86", "price_changes": [{"asset_id": "55632868139706351389122666075856398477134009427047164358685308011467980299168", "price": "0.72", "size": "0", "side": "BUY", "hash": "93cdab7ca1f05305b9c937e8e634a3125f9300a8", "best_bid": "0.82", "best_ask": "0.83"}, {"asset_id": "102488364465413824478249314098603452215755783745863591135734859144151686617118", "price": "0.28", "size": "0", "side": "SELL", "hash": "82c329013b7f974f0d251317e705f784b8321ded", "best_bid": "0.17", "best_ask": "0.18"}], "timestamp": "1769384787051", "event_type": "price_change"}}
{"_local_timestamp": "2026-01-25T23:46:27.125028+00:00", "data": {"market": "0x02a5a3a8d5b24c22dc34909fb3be332c3821d56448d5bb0ac9fa51b0ecc80e86", "price_changes": [{"asset_id": "55632868139706351389122666075856398477134009427047164358685308011467980299168", "price": "0.52", "size": "33", "side": "BUY", "hash": "aca177262a7e7321767b1010926e5031974a7516", "best_bid": "0.82", "best_ask": "0.83"}, {"asset_id": "102488364465413824478249314098603452215755783745863591135734859144151686617118", "price": "0.48", "size": "33", "side": "SELL", "hash": "01f9d7316898c964fe81f9c25a45cc8ea33fdb20", "best_bid": "0.17", "best_ask": "0.18"}], "timestamp": "1769384787053", "event_type": "price_change"}}
{"_local_timestamp": "2026-01-25T23:46:27.575920+00:00", "data": {"market": "0x137756995070dcbbfd7209f39dfc3634849e3a7a8cb54d657488154daf3e6ee3", "price_changes": [{"asset_id": "21398709410641435285632419901334057105989953460438825491305591535006041386484", "price": "0.65", "size": "500", "side": "BUY", "hash": "67fa4513e10be129b42ef9585549a5e4c1ed15ba", "best_bid": "0.65", "best_ask": "0.75"}, {"asset_id": "42681870278978892451875954507719612372170122796989759502383896466347156199497", "price": "0.35", "size": "500", "side": "SELL", "hash": "2fd542a158cd8f37e1408bafeae060e87955394f", "best_bid": "0.25", "best_ask": "0.35"}], "timestamp": "1769384787502", "event_type": "price_change"}}
{"_local_timestamp": "2026-01-25T23:46:27.576465+00:00", "data": {"market": "0x53e2d2393750ce215f97908878e2fcdc3ddb2fa507280d1448860b54be77c517", "price_changes": [{"asset_id": "102086309194829958113489139839716037799894437856228811556318771875066885648828", "price": "0.56", "size": "500", "side": "BUY", "hash": "dceac0b1de84dde51cad9049d8ffabc7d9a5d441", "best_bid": "0.56", "best_ask": "0.98"}, {"asset_id": "29791046156450423775961047954953037860638241505355550737925404099720218399306", "price": "0.44", "size": "500", "side": "SELL", "hash": "bff569d44f547254d89ec07dfa7c392e372e78a5", "best_bid": "0.02", "best_ask": "0.44"}], "timestamp": "1769384787502", "event_type": "price_change"}}
{"_local_timestamp": "2026-01-25T23:46:27.576931+00:00", "data": {"market": "0x137756995070dcbbfd7209f39dfc3634849e3a7a8cb54d657488154daf3e6ee3", "price_changes": [{"asset_id": "42681870278978892451875954507719612372170122796989759502383896466347156199497", "price": "0.24", "size": "500", "side": "BUY", "hash": "f8ca5201e5fb910a090c29ffdce08606a09a57bb", "best_bid": "0.25", "best_ask": "0.35"}, {"asset_id": "21398709410641435285632419901334057105989953460438825491305591535006041386484", "price": "0.76", "size": "500", "side": "SELL", "hash": "baaca3f6f5925d768826396f968e20dc9bc567ea", "best_bid": "0.65", "best_ask": "0.75"}], "timestamp": "1769384787503", "event_type": "price_change"}}
{"_local_timestamp": "2026-01-25T23:46:27.577385+00:00", "data": {"market": "0x02a5a3a8d5b24c22dc34909fb3be332c3821d56448d5bb0ac9fa51b0ecc80e86", "price_changes": [{"asset_id": "55632868139706351389122666075856398477134009427047164358685308011467980299168", "price": "0.72", "size": "1000", "side": "BUY", "hash": "bc0ae3cf698d4b6584eab5822b2ed452368dc945", "best_bid": "0.82", "best_ask": "0.83"}, {"asset_id": "102488364465413824478249314098603452215755783745863591135734859144151686617118", "price": "0.28", "size": "1000", "side": "SELL", "hash": "178c99b4ecc8759d3d1e4fb8f8fc0334ced40437", "best_bid": "0.17", "best_ask": "0.18"}], "timestamp": "1769384787504", "event_type": "price_change"}}
{"_local_timestamp": "2026-01-25T23:46:27.583901+00:00", "data": {"market": "0xcf9badef0bb315f46d2e7f3668c6bd43e5f3216904dcdcfc358cd870a222715e", "price_changes": [{"asset_id": "103437817026016492734151818730407518925692290016210709828173525453811654215717", "price": "0.24", "size": "500", "side": "BUY", "hash": "f0fa3c8bccaa0e246f2988d11eebdfc34af5bee3", "best_bid": "0.25", "best_ask": "0.98"}, {"asset_id": "43377525106057162749407823274399998203161813646276686521721267189850049066299", "price": "0.76", "size": "500", "side": "SELL", "hash": "97eeb68ca518744002370fee6e39690d194d84e9", "best_bid": "0.02", "best_ask": "0.75"}], "timestamp": "1769384787505", "event_type": "price_change"}}
{"_local_timestamp": "2026-01-25T23:46:27.592031+00:00", "data": {"market": "0x53e2d2393750ce215f97908878e2fcdc3ddb2fa507280d1448860b54be77c517", "price_changes": [{"asset_id": "29791046156450423775961047954953037860638241505355550737925404099720218399306", "price": "0.33", "size": "500", "side": "BUY", "hash": "3dbe1bd559ed28df687f6bcc5159dcf70a013f10", "best_bid": "0.33", "best_ask": "0.44"}, {"asset_id": "102086309194829958113489139839716037799894437856228811556318771875066885648828", "price": "0.67", "size": "500", "side": "SELL", "hash": "914c47ed38e079167a5bdf8243e7eb28163eef43", "best_bid": "0.56", "best_ask": "0.67"}], "timestamp": "1769384787513", "event_type": "price_change"}}
{"_local_timestamp": "2026-01-25T23:46:27.602828+00:00", "data": {"market": "0xcf9badef0bb315f46d2e7f3668c6bd43e5f3216904dcdcfc358cd870a222715e", "price_changes": [{"asset_id": "43377525106057162749407823274399998203161813646276686521721267189850049066299", "price": "0.65", "size": "500", "side": "BUY", "hash": "bbec4edae51c446fa833cfa801461729972afbc8", "best_bid": "0.65", "best_ask": "0.75"}, {"asset_id": "103437817026016492734151818730407518925692290016210709828173525453811654215717", "price": "0.35", "size": "500", "side": "SELL", "hash": "2903f57bdcd8ac582a271faf0652740772b4f2a5", "best_bid": "0.25", "best_ask": "0.35"}], "timestamp": "1769384787516", "event_type": "price_change"}}
{"_local_timestamp": "2026-01-25T23:46:28.497245+00:00", "data": {"market": "0x53e2d2393750ce215f97908878e2fcdc3ddb2fa507280d1448860b54be77c517", "price_changes": [{"asset_id": "29791046156450423775961047954953037860638241505355550737925404099720218399306", "price": "0.26", "size": "50", "side": "BUY", "hash": "e415eb76efeca0d2b0ee3fa03796838bc1cf98ef", "best_bid": "0.33", "best_ask": "0.44"}, {"asset_id": "102086309194829958113489139839716037799894437856228811556318771875066885648828", "price": "0.74", "size": "50", "side": "SELL", "hash": "4acb33d22cd3da99ebf59bac504da1881fad3fb2", "best_bid": "0.56", "best_ask": "0.67"}], "timestamp": "1769384788423", "event_type": "price_change"}}
{"_local_timestamp": "2026-01-25T23:47:09.840257+00:00", "data": {"market": "0xcf9badef0bb315f46d2e7f3668c6bd43e5f3216904dcdcfc358cd870a222715e", "price_changes": [{"asset_id": "43377525106057162749407823274399998203161813646276686521721267189850049066299", "price": "0.67", "size": "50", "side": "BUY", "hash": "19f22077ff21ed49450b2e4479b2621d580fb523", "best_bid": "0.67", "best_ask": "0.75"}, {"asset_id": "103437817026016492734151818730407518925692290016210709828173525453811654215717", "price": "0.33", "size": "50", "side": "SELL", "hash": "4afa6be8f7d136a245c9a46990fdf9de8368d9ee", "best_bid": "0.25", "best_ask": "0.33"}], "timestamp": "1769384829708", "event_type": "price_change"}}
{"_local_timestamp": "2026-01-25T23:47:12.151257+00:00", "data": {"market": "0x02a5a3a8d5b24c22dc34909fb3be332c3821d56448d5bb0ac9fa51b0ecc80e86", "price_changes": [{"asset_id": "55632868139706351389122666075856398477134009427047164358685308011467980299168", "price": "0.72", "size": "1023", "side": "BUY", "hash": "082657d4e2f6e56fd0b17e7bcb7326232dddbd29", "best_bid": "0.82", "best_ask": "0.83"}, {"asset_id": "102488364465413824478249314098603452215755783745863591135734859144151686617118", "price": "0.28", "size": "1023", "side": "SELL", "hash": "88a14ca3731719c0a15ccab9cfdf74d73ad1b767", "best_bid": "0.17", "best_ask": "0.18"}], "timestamp": "1769384832090", "event_type": "price_change"}}
{"_local_timestamp": "2026-01-25T23:47:12.155672+00:00", "data": {"market": "0x02a5a3a8d5b24c22dc34909fb3be332c3821d56448d5bb0ac9fa51b0ecc80e86", "price_changes": [{"asset_id": "55632868139706351389122666075856398477134009427047164358685308011467980299168", "price": "0.52", "size": "10", "side": "BUY", "hash": "d46c80cb9cf665f1df133a96c549fed1c5d1cbcd", "best_bid": "0.82", "best_ask": "0.83"}, {"asset_id": "102488364465413824478249314098603452215755783745863591135734859144151686617118", "price": "0.48", "size": "10", "side": "SELL", "hash": "4cf749631ff9284674dcd804af2eda2fd30bab68", "best_bid": "0.17", "best_ask": "0.18"}], "timestamp": "1769384832090", "event_type": "price_change"}}
{"_local_timestamp": "2026-01-25T23:47:12.475717+00:00", "data": {"market": "0x53e2d2393750ce215f97908878e2fcdc3ddb2fa507280d1448860b54be77c517", "price_changes": [{"asset_id": "102086309194829958113489139839716037799894437856228811556318771875066885648828", "price": "0.61", "size": "279.91", "side": "BUY", "hash": "911705b4471a918b3bf3af00625871bb2dc5e97e", "best_bid": "0.61", "best_ask": "0.67"}, {"asset_id": "29791046156450423775961047954953037860638241505355550737925404099720218399306", "price": "0.39", "size": "279.91", "side": "SELL", "hash": "1fabd10781b5c6d8f9257f6b1ccb4ac695643105", "best_bid": "0.33", "best_ask": "0.39"}], "timestamp": "1769384832405", "event_type": "price_change"}}
{"_local_timestamp": "2026-01-25T23:47:19.971664+00:00", "data": {"market": "0x53e2d2393750ce215f97908878e2fcdc3ddb2fa507280d1448860b54be77c517", "price_changes": [{"asset_id": "102086309194829958113489139839716037799894437856228811556318771875066885648828", "price": "0.61", "size": "0", "side": "BUY", "hash": "6254b7993d72387c75e525e85b3916b2e64b37a2", "best_bid": "0.56", "best_ask": "0.67"}, {"asset_id": "29791046156450423775961047954953037860638241505355550737925404099720218399306", "price": "0.39", "size": "0", "side": "SELL", "hash": "3df47485466b602e13379537b9f113b491ae7e6a", "best_bid": "0.33", "best_ask": "0.44"}], "timestamp": "1769384839777", "event_type": "price_change"}}
{"_local_timestamp": "2026-01-25T23:48:12.512396+00:00", "data": {"market": "0x53e2d2393750ce215f97908878e2fcdc3ddb2fa507280d1448860b54be77c517", "price_changes": [{"asset_id": "102086309194829958113489139839716037799894437856228811556318771875066885648828", "price": "0.61", "size": "279.91", "side": "BUY", "hash": "63032dce130b3d02829d768563afe8a55700f0bb", "best_bid": "0.61", "best_ask": "0.67"}, {"asset_id": "29791046156450423775961047954953037860638241505355550737925404099720218399306", "price": "0.39", "size": "279.91", "side": "SELL", "hash": "4ad672f154a2d34e45e6148363d3e6bc1a618350", "best_bid": "0.33", "best_ask": "0.39"}], "timestamp": "1769384892450", "event_type": "price_change"}}
{"_local_timestamp": "2026-01-25T23:48:20.207932+00:00", "data": {"market": "0x53e2d2393750ce215f97908878e2fcdc3ddb2fa507280d1448860b54be77c517", "price_changes": [{"asset_id": "102086309194829958113489139839716037799894437856228811556318771875066885648828", "price": "0.61", "size": "0", "side": "BUY", "hash": "169e6818447384c8f15bf3505022c514e330a936", "best_bid": "0.56", "best_ask": "0.67"}, {"asset_id": "29791046156450423775961047954953037860638241505355550737925404099720218399306", "price": "0.39", "size": "0", "side": "SELL", "hash": "ca65949149bc09c654bcddd1d121f3b4db326f58", "best_bid": "0.33", "best_ask": "0.44"}], "timestamp": "1769384900135", "event_type": "price_change"}}
{"_local_timestamp": "2026-01-25T23:48:28.077156+00:00", "data": {"market": "0xcf9badef0bb315f46d2e7f3668c6bd43e5f3216904dcdcfc358cd870a222715e", "price_changes": [{"asset_id": "103437817026016492734151818730407518925692290016210709828173525453811654215717", "price": "0.24", "size": "0", "side": "BUY", "hash": "97f81b224fe9bc16ff18d794da7148cb3f1eb6eb", "best_bid": "0.25", "best_ask": "0.33"}, {"asset_id": "43377525106057162749407823274399998203161813646276686521721267189850049066299", "price": "0.76", "size": "0", "side": "SELL", "hash": "7b11cecf1b9140ef96044978bb61cc68e4f00bc3", "best_bid": "0.67", "best_ask": "0.75"}], "timestamp": "1769384908000", "event_type": "price_change"}}
{"_local_timestamp": "2026-01-25T23:48:28.093154+00:00", "data": {"market": "0x137756995070dcbbfd7209f39dfc3634849e3a7a8cb54d657488154daf3e6ee3", "price_changes": [{"asset_id": "42681870278978892451875954507719612372170122796989759502383896466347156199497", "price": "0.24", "size": "0", "side": "BUY", "hash": "9e17e976474be34df6230693b6cc1d4efe1260b5", "best_bid": "0.25", "best_ask": "0.35"}, {"asset_id": "21398709410641435285632419901334057105989953460438825491305591535006041386484", "price": "0.76", "size": "0", "side": "SELL", "hash": "4ae5a83337f3a9d5411eb084c5204bd67aca2a64", "best_bid": "0.65", "best_ask": "0.75"}], "timestamp": "1769384908003", "event_type": "price_change"}}
{"_local_timestamp": "2026-01-25T23:48:28.093871+00:00", "data": {"market": "0x53e2d2393750ce215f97908878e2fcdc3ddb2fa507280d1448860b54be77c517", "price_changes": [{"asset_id": "29791046156450423775961047954953037860638241505355550737925404099720218399306", "price": "0.33", "size": "0", "side": "BUY", "hash": "bbcbee11131803e3ca303b29bea4db04a33d5061", "best_bid": "0.26", "best_ask": "0.44"}, {"asset_id": "102086309194829958113489139839716037799894437856228811556318771875066885648828", "price": "0.67", "size": "0", "side": "SELL", "hash": "5cfbb43320d2cc463590bf732bf8432d5a135f1c", "best_bid": "0.56", "best_ask": "0.74"}], "timestamp": "1769384908003", "event_type": "price_change"}}
{"_local_timestamp": "2026-01-25T23:48:28.094389+00:00", "data": {"market": "0x02a5a3a8d5b24c22dc34909fb3be332c3821d56448d5bb0ac9fa51b0ecc80e86", "price_changes": [{"asset_id": "55632868139706351389122666075856398477134009427047164358685308011467980299168", "price": "0.72", "size": "23", "side": "BUY", "hash": "9d01e2f98179d1ff8390d719e56062297b33bccf", "best_bid": "0.82", "best_ask": "0.83"}, {"asset_id": "102488364465413824478249314098603452215755783745863591135734859144151686617118", "price": "0.28", "size": "23", "side": "SELL", "hash": "e882acd30dbf6b36579f8bacadf171e0728a8caa", "best_bid": "0.17", "best_ask": "0.18"}], "timestamp": "1769384908004", "event_type": "price_change"}}
{"_local_timestamp": "2026-01-25T23:48:28.094902+00:00", "data": {"market": "0x137756995070dcbbfd7209f39dfc3634849e3a7a8cb54d657488154daf3e6ee3", "price_changes": [{"asset_id": "21398709410641435285632419901334057105989953460438825491305591535006041386484", "price": "0.65", "size": "0", "side": "BUY", "hash": "67a9ef6abce3a02376ab7c11c02a770cda43897c", "best_bid": "0.15", "best_ask": "0.75"}, {"asset_id": "42681870278978892451875954507719612372170122796989759502383896466347156199497", "price": "0.35", "size": "0", "side": "SELL", "hash": "7b9b3a79cc8390610011ebac8ef8cdbdc0fe8ef4", "best_bid": "0.25", "best_ask": "0.85"}], "timestamp": "1769384908004", "event_type": "price_change"}}
{"_local_timestamp": "2026-01-25T23:48:28.095502+00:00", "data": {"market": "0xcf9badef0bb315f46d2e7f3668c6bd43e5f3216904dcdcfc358cd870a222715e", "price_changes": [{"asset_id": "43377525106057162749407823274399998203161813646276686521721267189850049066299", "price": "0.65", "size": "0", "side": "BUY", "hash": "881fa23f5cb137c14828d84b1e8c6ac57911c38a", "best_bid": "0.67", "best_ask": "0.75"}, {"asset_id": "103437817026016492734151818730407518925692290016210709828173525453811654215717", "price": "0.35", "size": "0", "side": "SELL", "hash": "3a1ae79aceb9cd8475f5353dc2979a6afa28cd39", "best_bid": "0.25", "best_ask": "0.33"}], "timestamp": "1769384908005", "event_type": "price_change"}}
{"_local_timestamp": "2026-01-25T23:48:28.101351+00:00", "data": {"market": "0x53e2d2393750ce215f97908878e2fcdc3ddb2fa507280d1448860b54be77c517", "price_changes": [{"asset_id": "102086309194829958113489139839716037799894437856228811556318771875066885648828", "price": "0.56", "size": "0", "side": "BUY", "hash": "b12658d05f9d72064fa4515003b996a3865d707e", "best_bid": "0.02", "best_ask": "0.74"}, {"asset_id": "29791046156450423775961047954953037860638241505355550737925404099720218399306", "price": "0.44", "size": "0", "side": "SELL", "hash": "b45b09a5527d33d26a71e449a1f6f124ae75a1c3", "best_bid": "0.26", "best_ask": "0.98"}], "timestamp": "1769384908006", "event_type": "price_change"}}
{"_local_timestamp": "2026-01-25T23:48:28.131847+00:00", "data": {"market": "0x02a5a3a8d5b24c22dc34909fb3be332c3821d56448d5bb0ac9fa51b0ecc80e86", "price_changes": [{"asset_id": "55632868139706351389122666075856398477134009427047164358685308011467980299168", "price": "0.72", "size": "0", "side": "BUY", "hash": "f862d476d7ecd8603df579cae662804964886a18", "best_bid": "0.82", "best_ask": "0.83"}, {"asset_id": "102488364465413824478249314098603452215755783745863591135734859144151686617118", "price": "0.28", "size": "0", "side": "SELL", "hash": "b655519b9e8a2e7359a5d95c42200babfcbed6af", "best_bid": "0.17", "best_ask": "0.18"}], "timestamp": "1769384908061", "event_type": "price_change"}}
{"_local_timestamp": "2026-01-25T23:48:28.132667+00:00", "data": {"market": "0x02a5a3a8d5b24c22dc34909fb3be332c3821d56448d5bb0ac9fa51b0ecc80e86", "price_changes": [{"asset_id": "55632868139706351389122666075856398477134009427047164358685308011467980299168", "price": "0.52", "size": "33", "side": "BUY", "hash": "7ea8985045c0ef67de9e0cd1a7d50947ec879774", "best_bid": "0.82", "best_ask": "0.83"}, {"asset_id": "102488364465413824478249314098603452215755783745863591135734859144151686617118", "price": "0.48", "size": "33", "side": "SELL", "hash": "06b1a316aaf6ddc7c49e0e1eea31a01f9e60de86", "best_bid": "0.17", "best_ask": "0.18"}], "timestamp": "1769384908062", "event_type": "price_change"}}
{"_local_timestamp": "2026-01-25T23:48:28.393153+00:00", "data": {"market": "0x02a5a3a8d5b24c22dc34909fb3be332c3821d56448d5bb0ac9fa51b0ecc80e86", "price_changes": [{"asset_id": "55632868139706351389122666075856398477134009427047164358685308011467980299168", "price": "0.72", "size": "1000", "side": "BUY", "hash": "5ce020424b2d260baadf7b8ce5f5b64414224d27", "best_bid": "0.82", "best_ask": "0.83"}, {"asset_id": "102488364465413824478249314098603452215755783745863591135734859144151686617118", "price": "0.28", "size": "1000", "side": "SELL", "hash": "8e29cba1cdca308658ce568c4242c74ed044b187", "best_bid": "0.17", "best_ask": "0.18"}], "timestamp": "1769384908321", "event_type": "price_change"}}
{"_local_timestamp": "2026-01-25T23:48:28.393756+00:00", "data": {"market": "0x137756995070dcbbfd7209f39dfc3634849e3a7a8cb54d657488154daf3e6ee3", "price_changes": [{"asset_id": "21398709410641435285632419901334057105989953460438825491305591535006041386484", "price": "0.65", "size": "500", "side": "BUY", "hash": "4bdf1848cfc042d87a131f763fa9d6482bb115e5", "best_bid": "0.65", "best_ask": "0.75"}, {"asset_id": "42681870278978892451875954507719612372170122796989759502383896466347156199497", "price": "0.35", "size": "500", "side": "SELL", "hash": "24b45f115cdd6369e977d623b6d1297706dfe6df", "best_bid": "0.25", "best_ask": "0.35"}], "timestamp": "1769384908322", "event_type": "price_change"}}
{"_local_timestamp": "2026-01-25T23:48:28.394287+00:00", "data": {"market": "0xcf9badef0bb315f46d2e7f3668c6bd43e5f3216904dcdcfc358cd870a222715e", "price_changes": [{"asset_id": "103437817026016492734151818730407518925692290016210709828173525453811654215717", "price": "0.24", "size": "500", "side": "BUY", "hash": "6dd7ec5627241094c5c493282d08d99893fec5ed", "best_bid": "0.25", "best_ask": "0.33"}, {"asset_id": "43377525106057162749407823274399998203161813646276686521721267189850049066299", "price": "0.76", "size": "500", "side": "SELL", "hash": "f68cc966f9b5f8ad1dfac064c1ef6f3bcc89345c", "best_bid": "0.67", "best_ask": "0.75"}], "timestamp": "1769384908323", "event_type": "price_change"}}
{"_local_timestamp": "2026-01-25T23:48:28.394806+00:00", "data": {"market": "0x53e2d2393750ce215f97908878e2fcdc3ddb2fa507280d1448860b54be77c517", "price_changes": [{"asset_id": "29791046156450423775961047954953037860638241505355550737925404099720218399306", "price": "0.33", "size": "500", "side": "BUY", "hash": "aaa438c990c8edc7e85762f96ab437fe89942d62", "best_bid": "0.33", "best_ask": "0.98"}, {"asset_id": "102086309194829958113489139839716037799894437856228811556318771875066885648828", "price": "0.67", "size": "500", "side": "SELL", "hash": "12b676fc8c93ce1da1ab5cb8343ce8392ac71626", "best_bid": "0.02", "best_ask": "0.67"}], "timestamp": "1769384908323", "event_type": "price_change"}}
{"_local_timestamp": "2026-01-25T23:48:28.396338+00:00", "data": {"market": "0x137756995070dcbbfd7209f39dfc3634849e3a7a8cb54d657488154daf3e6ee3", "price_changes": [{"asset_id": "42681870278978892451875954507719612372170122796989759502383896466347156199497", "price": "0.24", "size": "500", "side": "BUY", "hash": "4e36830fab8acd6cb83fa79f374d6710152e8701", "best_bid": "0.25", "best_ask": "0.35"}, {"asset_id": "21398709410641435285632419901334057105989953460438825491305591535006041386484", "price": "0.76", "size": "500", "side": "SELL", "hash": "8435c02214eeda8332418d65692213447461559b", "best_bid": "0.65", "best_ask": "0.75"}], "timestamp": "1769384908324", "event_type": "price_change"}}
{"_local_timestamp": "2026-01-25T23:48:28.396887+00:00", "data": {"market": "0xcf9badef0bb315f46d2e7f3668c6bd43e5f3216904dcdcfc358cd870a222715e", "price_changes": [{"asset_id": "43377525106057162749407823274399998203161813646276686521721267189850049066299", "price": "0.65", "size": "500", "side": "BUY", "hash": "ec01ff3746c086715aaf86ff351ab09f3a93a375", "best_bid": "0.67", "best_ask": "0.75"}, {"asset_id": "103437817026016492734151818730407518925692290016210709828173525453811654215717", "price": "0.35", "size": "500", "side": "SELL", "hash": "707ec0de237fc062972cfed01cef989beb434f47", "best_bid": "0.25", "best_ask": "0.33"}], "timestamp": "1769384908325", "event_type": "price_change"}}
{"_local_timestamp": "2026-01-25T23:48:28.399077+00:00", "data": {"market": "0x53e2d2393750ce215f97908878e2fcdc3ddb2fa507280d1448860b54be77c517", "price_changes": [{"asset_id": "102086309194829958113489139839716037799894437856228811556318771875066885648828", "price": "0.56", "size": "500", "side": "BUY", "hash": "1dd1ece83a783d865557fdbd35af30bf4797fbed", "best_bid": "0.56", "best_ask": "0.67"}, {"asset_id": "29791046156450423775961047954953037860638241505355550737925404099720218399306", "price": "0.44", "size": "500", "side": "SELL", "hash": "31e971ead9e0a334bc19bc50432a5690892ca5fe", "best_bid": "0.33", "best_ask": "0.44"}], "timestamp": "1769384908328", "event_type": "price_change"}}
{"_local_timestamp": "2026-01-25T23:48:53.367877+00:00", "data": {"market": "0x02a5a3a8d5b24c22dc34909fb3be332c3821d56448d5bb0ac9fa51b0ecc80e86", "price_changes": [{"asset_id": "102488364465413824478249314098603452215755783745863591135734859144151686617118", "price": "0.17", "size": "2920.14", "side": "BUY", "hash": "e6422028108813eec4f087f031c00bcb49eeead9", "best_bid": "0.17", "best_ask": "0.18"}, {"asset_id": "55632868139706351389122666075856398477134009427047164358685308011467980299168", "price": "0.83", "size": "2920.14", "side": "SELL", "hash": "5d1c1ce74b9afdaf256c42a067f5f2631b330ea7", "best_bid": "0.82", "best_ask": "0.83"}], "timestamp": "1769384933298", "event_type": "price_change"}}
{"_local_timestamp": "2026-01-25T23:48:53.368852+00:00", "data": {"market": "0x02a5a3a8d5b24c22dc34909fb3be332c3821d56448d5bb0ac9fa51b0ecc80e86", "asset_id": "55632868139706351389122666075856398477134009427047164358685308011467980299168", "bids": [{"price": "0.01", "size": "2789.7"}, {"price": "0.02", "size": "2100"}, {"price": "0.03", "size": "9.08"}, {"price": "0.07", "size": "1700"}, {"price": "0.08", "size": "800"}, {"price": "0.09", "size": "18"}, {"price": "0.1", "size": "6.3"}, {"price": "0.2", "size": "400"}, {"price": "0.27", "size": "200"}, {"price": "0.34", "size": "100"}, {"price": "0.5", "size": "10"}, {"price": "0.52", "size": "33"}, {"price": "0.72", "size": "1000"}, {"price": "0.75", "size": "146"}, {"price": "0.78", "size": "33"}, {"price": "0.79", "size": "103"}, {"price": "0.8", "size": "105.61"}, {"price": "0.81", "size": "32"}, {"price": "0.82", "size": "29977.83"}], "asks": [{"price": "0.99", "size": "615.92"}, {"price": "0.98", "size": "9.45"}, {"price": "0.95", "size": "128.21"}, {"price": "0.89", "size": "10"}, {"price": "0.87", "size": "666"}, {"price": "0.86", "size": "64"}, {"price": "0.85", "size": "15650"}, {"price": "0.84", "size": "32062.15"}, {"price": "0.83", "size": "2920.14"}], "hash": "5d1c1ce74b9afdaf256c42a067f5f2631b330ea7", "timestamp": "1769384933298", "event_type": "book"}}
{"_local_timestamp": "2026-01-25T23:48:53.369494+00:00", "data": {"market": "0x02a5a3a8d5b24c22dc34909fb3be332c3821d56448d5bb0ac9fa51b0ecc80e86", "asset_id": "102488364465413824478249314098603452215755783745863591135734859144151686617118", "bids": [{"price": "0.01", "size": "615.92"}, {"price": "0.02", "size": "9.45"}, {"price": "0.05", "size": "128.21"}, {"price": "0.11", "size": "10"}, {"price": "0.13", "size": "666"}, {"price": "0.14", "size": "64"}, {"price": "0.15", "size": "15650"}, {"price": "0.16", "size": "32062.15"}, {"price": "0.17", "size": "2920.14"}], "asks": [{"price": "0.99", "size": "2789.7"}, {"price": "0.98", "size": "2100"}, {"price": "0.97", "size": "9.08"}, {"price": "0.93", "size": "1700"}, {"price": "0.92", "size": "800"}, {"price": "0.91", "size": "18"}, {"price": "0.9", "size": "6.3"}, {"price": "0.8", "size": "400"}, {"price": "0.73", "size": "200"}, {"price": "0.66", "size": "100"}, {"price": "0.5", "size": "10"}, {"price": "0.48", "size": "33"}, {"price": "0.28", "size": "1000"}, {"price": "0.25", "size": "146"}, {"price": "0.22", "size": "33"}, {"price": "0.21", "size": "103"}, {"price": "0.2", "size": "105.61"}, {"price": "0.19", "size": "32"}, {"price": "0.18", "size": "29977.83"}], "hash": "e6422028108813eec4f087f031c00bcb49eeead9", "timestamp": "1769384933298", "event_type": "book"}}
{"_local_timestamp": "2026-01-25T23:48:53.408944+00:00", "data": {"market": "0x02a5a3a8d5b24c22dc34909fb3be332c3821d56448d5bb0ac9fa51b0ecc80e86", "asset_id": "55632868139706351389122666075856398477134009427047164358685308011467980299168", "price": "0.83", "size": "6.024094", "fee_rate_bps": "0", "side": "BUY", "timestamp": "1769384933324", "event_type": "last_trade_price", "transaction_hash": "0x678ba7f1cd6aec21a6786b5f2051410bb1306286d978c9ed5de9f671bd548256"}}
{"_local_timestamp": "2026-01-25T23:48:53.417519+00:00", "data": {"market": "0x02a5a3a8d5b24c22dc34909fb3be332c3821d56448d5bb0ac9fa51b0ecc80e86", "price_changes": [{"asset_id": "55632868139706351389122666075856398477134009427047164358685308011467980299168", "price": "0.52", "size": "10", "side": "BUY", "hash": "eb56564d0fdc5811fa944fa893b9cd354117222f", "best_bid": "0.82", "best_ask": "0.83"}, {"asset_id": "102488364465413824478249314098603452215755783745863591135734859144151686617118", "price": "0.48", "size": "10", "side": "SELL", "hash": "dc6d192e8ac88002e7b58618a60350ddc599aac8", "best_bid": "0.17", "best_ask": "0.18"}], "timestamp": "1769384933343", "event_type": "price_change"}}
{"_local_timestamp": "2026-01-25T23:48:53.419260+00:00", "data": {"market": "0x02a5a3a8d5b24c22dc34909fb3be332c3821d56448d5bb0ac9fa51b0ecc80e86", "price_changes": [{"asset_id": "55632868139706351389122666075856398477134009427047164358685308011467980299168", "price": "0.72", "size": "1023", "side": "BUY", "hash": "69e5f5b8703b0fc13be47d9e71a47ddf1659cc23", "best_bid": "0.82", "best_ask": "0.83"}, {"asset_id": "102488364465413824478249314098603452215755783745863591135734859144151686617118", "price": "0.28", "size": "1023", "side": "SELL", "hash": "550bd513cbce476784afdbc1f410e648fae8877d", "best_bid": "0.17", "best_ask": "0.18"}], "timestamp": "1769384933347", "event_type": "price_change"}}
{"_local_timestamp": "2026-01-25T23:49:13.009479+00:00", "data": {"market": "0x53e2d2393750ce215f97908878e2fcdc3ddb2fa507280d1448860b54be77c517", "price_changes": [{"asset_id": "102086309194829958113489139839716037799894437856228811556318771875066885648828", "price": "0.61", "size": "279.91", "side": "BUY", "hash": "a8e77398692db38cdca8c1b0fa3822a460019e6f", "best_bid": "0.61", "best_ask": "0.67"}, {"asset_id": "29791046156450423775961047954953037860638241505355550737925404099720218399306", "price": "0.39", "size": "279.91", "side": "SELL", "hash": "72d1bccac0a5e2466f66017fd048a8e484edcea9", "best_bid": "0.33", "best_ask": "0.39"}], "timestamp": "1769384952928", "event_type": "price_change"}}
{"_local_timestamp": "2026-01-25T23:49:20.432104+00:00", "data": {"market": "0x53e2d2393750ce215f97908878e2fcdc3ddb2fa507280d1448860b54be77c517", "price_changes": [{"asset_id": "102086309194829958113489139839716037799894437856228811556318771875066885648828", "price": "0.61", "size": "0", "side": "BUY", "hash": "5ba76eeeef8a17de1bfb9a86118f3596d30dfe02", "best_bid": "0.56", "best_ask": "0.67"}, {"asset_id": "29791046156450423775961047954953037860638241505355550737925404099720218399306", "price": "0.39", "size": "0", "side": "SELL", "hash": "9438ac519625b2166b41af80895fdab8ac5eacbe", "best_bid": "0.33", "best_ask": "0.44"}], "timestamp": "1769384960367", "event_type": "price_change"}}
{"_local_timestamp": "2026-01-25T23:49:39.534489+00:00", "data": {"market": "0xcf9badef0bb315f46d2e7f3668c6bd43e5f3216904dcdcfc358cd870a222715e", "price_changes": [{"asset_id": "103437817026016492734151818730407518925692290016210709828173525453811654215717", "price": "0.02", "size": "0", "side": "BUY", "hash": "c2257ad141899cdf0fd1664df1b71013e03d9efb", "best_bid": "0.25", "best_ask": "0.33"}, {"asset_id": "43377525106057162749407823274399998203161813646276686521721267189850049066299", "price": "0.98", "size": "0", "side": "SELL", "hash": "033c09aa99cade12ab8667a7435be55ace88e877", "best_bid": "0.67", "best_ask": "0.75"}], "timestamp": "1769384979454", "event_type": "price_change"}}
{"_local_timestamp": "2026-01-25T23:49:39.958593+00:00", "data": {"market": "0x137756995070dcbbfd7209f39dfc3634849e3a7a8cb54d657488154daf3e6ee3", "price_changes": [{"asset_id": "42681870278978892451875954507719612372170122796989759502383896466347156199497", "price": "0.02", "size": "15.21", "side": "BUY", "hash": "f5cf9db432fe6ed15799e1dcb1c975120c016359", "best_bid": "0.25", "best_ask": "0.35"}, {"asset_id": "21398709410641435285632419901334057105989953460438825491305591535006041386484", "price": "0.98", "size": "15.21", "side": "SELL", "hash": "d6c5ceb4d36db0e2ca757794f4967046fc1def52", "best_bid": "0.65", "best_ask": "0.75"}], "timestamp": "1769384979888", "event_type": "price_change"}}
{"_local_timestamp": "2026-01-25T23:49:39.959238+00:00", "data": {"market": "0x02a5a3a8d5b24c22dc34909fb3be332c3821d56448d5bb0ac9fa51b0ecc80e86", "price_changes": [{"asset_id": "102488364465413824478249314098603452215755783745863591135734859144151686617118", "price": "0.05", "size": "112", "side": "BUY", "hash": "818047bc0d94ef6b05b4af7e347303dfb4f709a8", "best_bid": "0.17", "best_ask": "0.18"}, {"asset_id": "55632868139706351389122666075856398477134009427047164358685308011467980299168", "price": "0.95", "size": "112", "side": "SELL", "hash": "23de9952d97d1d2f1de1fb838634bc99d371e765", "best_bid": "0.82", "best_ask": "0.83"}], "timestamp": "1769384979888", "event_type": "price_change"}}
{"_local_timestamp": "2026-01-25T23:49:39.996981+00:00", "data": {"market": "0x02a5a3a8d5b24c22dc34909fb3be332c3821d56448d5bb0ac9fa51b0ecc80e86", "price_changes": [{"asset_id": "102488364465413824478249314098603452215755783745863591135734859144151686617118", "price": "0.02", "size": "121.45", "side": "BUY", "hash": "bf4dc8e383b4c1c9a4694b79ade64a22f33af7d0", "best_bid": "0.17", "best_ask": "0.18"}, {"asset_id": "55632868139706351389122666075856398477134009427047164358685308011467980299168", "price": "0.98", "size": "121.45", "side": "SELL", "hash": "7770f6b40771d91b66d616270add677600a6b7d3", "best_bid": "0.82", "best_ask": "0.83"}], "timestamp": "1769384979934", "event_type": "price_change"}}
{"_local_timestamp": "2026-01-25T23:49:40.004816+00:00", "data": {"market": "0x02a5a3a8d5b24c22dc34909fb3be332c3821d56448d5bb0ac9fa51b0ecc80e86", "price_changes": [{"asset_id": "102488364465413824478249314098603452215755783745863591135734859144151686617118", "price": "0.05", "size": "0", "side": "BUY", "hash": "90b18eb89a63f83ab8d8bc04002c369b20ecfb73", "best_bid": "0.17", "best_ask": "0.18"}, {"asset_id": "55632868139706351389122666075856398477134009427047164358685308011467980299168", "price": "0.95", "size": "0", "side": "SELL", "hash": "90372b078c44044f7be354078678931b05234ea2", "best_bid": "0.82", "best_ask": "0.83"}], "timestamp": "1769384979942", "event_type": "price_change"}}
{"_local_timestamp": "2026-01-25T23:49:40.268450+00:00", "data": {"market": "0xcf9badef0bb315f46d2e7f3668c6bd43e5f3216904dcdcfc358cd870a222715e", "price_changes": [{"asset_id": "103437817026016492734151818730407518925692290016210709828173525453811654215717", "price": "0.02", "size": "50", "side": "BUY", "hash": "630f5a672811b5d56ebeacfc32c668e8561a1455", "best_bid": "0.25", "best_ask": "0.33"}, {"asset_id": "43377525106057162749407823274399998203161813646276686521721267189850049066299", "price": "0.98", "size": "50", "side": "SELL", "hash": "79f98319d2973420457be430a1b77e2bcf5e2f23", "best_bid": "0.67", "best_ask": "0.75"}], "timestamp": "1769384980205", "event_type": "price_change"}}
{"_local_timestamp": "2026-01-25T23:49:40.624671+00:00", "data": {"market": "0x137756995070dcbbfd7209f39dfc3634849e3a7a8cb54d657488154daf3e6ee3", "price_changes": [{"asset_id": "42681870278978892451875954507719612372170122796989759502383896466347156199497", "price": "0.02", "size": "50", "side": "BUY", "hash": "f29a4653774a80448e1d8f0382cab267a5a1a647", "best_bid": "0.25", "best_ask": "0.35"}, {"asset_id": "21398709410641435285632419901334057105989953460438825491305591535006041386484", "price": "0.98", "size": "50", "side": "SELL", "hash": "ca916d4f3c20e7a9a00d85a73cebed93410a4845", "best_bid": "0.65", "best_ask": "0.75"}], "timestamp": "1769384980560", "event_type": "price_change"}}
{"_local_timestamp": "2026-01-25T23:49:40.625388+00:00", "data": {"market": "0x02a5a3a8d5b24c22dc34909fb3be332c3821d56448d5bb0ac9fa51b0ecc80e86", "price_changes": [{"asset_id": "102488364465413824478249314098603452215755783745863591135734859144151686617118", "price": "0.02", "size": "129.22", "side": "BUY", "hash": "96b2b484a5c6ea2bc19bca5b46988c632555ccd8", "best_bid": "0.17", "best_ask": "0.18"}, {"asset_id": "55632868139706351389122666075856398477134009427047164358685308011467980299168", "price": "0.98", "size": "129.22", "side": "SELL", "hash": "b1b0a07f89fc249b5a3070288b0a184043c6c6e4", "best_bid": "0.82", "best_ask": "0.83"}], "timestamp": "1769384980560", "event_type": "price_change"}}
{"_local_timestamp": "2026-01-25T23:49:40.625975+00:00", "data": {"market": "0x02a5a3a8d5b24c22dc34909fb3be332c3821d56448d5bb0ac9fa51b0ecc80e86", "price_changes": [{"asset_id": "102488364465413824478249314098603452215755783745863591135734859144151686617118", "price": "0.06", "size": "10.92", "side": "BUY", "hash": "f614071219c5fc3d595a5158c601d804602f6aa0", "best_bid": "0.17", "best_ask": "0.18"}, {"asset_id": "55632868139706351389122666075856398477134009427047164358685308011467980299168", "price": "0.94", "size": "10.92", "side": "SELL", "hash": "d22b033cee0bcefc366985ea196be3b10c3f1151", "best_bid": "0.82", "best_ask": "0.83"}], "timestamp": "1769384980561", "event_type": "price_change"}}
{"_local_timestamp": "2026-01-25T23:49:42.052571+00:00", "data": {"market": "0x02a5a3a8d5b24c22dc34909fb3be332c3821d56448d5bb0ac9fa51b0ecc80e86", "price_changes": [{"asset_id": "102488364465413824478249314098603452215755783745863591135734859144151686617118", "price": "0.06", "size": "122.92", "side": "BUY", "hash": "a47e85c3f392a2be76ebe3bf92625309790acf8d", "best_bid": "0.17", "best_ask": "0.18"}, {"asset_id": "55632868139706351389122666075856398477134009427047164358685308011467980299168", "price": "0.94", "size": "122.92", "side": "SELL", "hash": "c34376fd0ae4326a2c2a1762fd05ad0499756bbf", "best_bid": "0.82", "best_ask": "0.83"}], "timestamp": "1769384981924", "event_type": "price_change"}}
{"_local_timestamp": "2026-01-25T23:49:42.069181+00:00", "data": {"market": "0x02a5a3a8d5b24c22dc34909fb3be332c3821d56448d5bb0ac9fa51b0ecc80e86", "price_changes": [{"asset_id": "102488364465413824478249314098603452215755783745863591135734859144151686617118", "price": "0.02", "size": "17.22", "side": "BUY", "hash": "0e4ca0ea5d0ba565ec487976ea2ddd873a447f53", "best_bid": "0.17", "best_ask": "0.18"}, {"asset_id": "55632868139706351389122666075856398477134009427047164358685308011467980299168", "price": "0.98", "size": "17.22", "side": "SELL", "hash": "49a38eb3ff7f42c723e0487d52f2fe21f60385bf", "best_bid": "0.82", "best_ask": "0.83"}], "timestamp": "1769384981927", "event_type": "price_change"}}
