{"_local_timestamp": "2026-01-25T23:34:23.571238+00:00", "data": [{"market": "0x87b305b207d4f9a7a3c89e9fefae23b24746369be8cdff510560157d047ff610", "asset_id": "51236445488026517020561907319437785050105613240236249285369117070513537940151", "timestamp": "1769383986046", "hash": "4c451a2c81ef401e77e0016191fa570aa88351a4", "bids": [{"price": "0.01", "size": "6997.14"}, {"price": "0.02", "size": "4457.32"}, {"price": "0.03", "size": "27.32"}, {"price": "0.12", "size": "1140.11"}, {"price": "0.13", "size": "967.11"}], "asks": [{"price": "0.99", "size": "6593.9"}, {"price": "0.98", "size": "4564.01"}, {"price": "0.97", "size": "23.94"}, {"price": "0.94", "size": "1140.11"}, {"price": "0.93", "size": "1038.58"}], "event_type": "book", "last_trade_price": ""}, {"market": "0x87b305b207d4f9a7a3c89e9fefae23b24746369be8cdff510560157d047ff610", "asset_id": "41333901774958225885562635172264876633370803617414525801383690048155702825885", "timestamp": "1769383986046", "hash": "52cfa4b2ca722a23a29a525daa8fb1379ae6dc06", "bids": [{"price": "0.01", "size": "6593.9"}, {"price": "0.02", "size": "4564.01"}, {"price": "0.03", "size": "23.94"}, {"price": "0.06", "size": "1140.11"}, {"price": "0.07", "size": "1038.58"}], "asks": [{"price": "0.99", "size": "6997.14"}, {"price": "0.98", "size": "4457.32"}, {"price": "0.97", "size": "27.32"}, {"price": "0.88", "size": "1140.11"}, {"price": "0.87", "size": "967.11"}], "event_type": "book", "last_trade_price": ""}, {"market": "0xcbdec0a1b1f6bb14b2dcee2b52c43d01821391be88989cc628d824e793c9e42e", "asset_id": "53865404218463177361721524950148447631739561080643793463732556776683984434265", "timestamp": "1769383974647", "hash": "5d23d412c1be9d26da85c48685837551f54b99a4", "bids": [{"price": "0.01", "size": "11345.35"}, {"price": "0.02", "size": "25.56"}, {"price": "0.04", "size": "250"}, {"price": "0.05", "size": "6.01"}], "asks": [{"price": "0.99", "size": "11341.33"}, {"price": "0.98", "size": "42.6"}, {"price": "0.94", "size": "250"}, {"price": "0.93", "size": "5.47"}], "event_type": "book", "last_trade_price": ""}, {"market": "0x19a0f08b7a18caf291a5b0b232ead39be4467585729a799417b80bc3dcc611fc", "asset_id": "67949989830852440296960750325401086155617913757515735445971588392990711688192", "timestamp": "1769383983025", "hash": "495052f22473effc05e1e8c29a3362313c0da6eb", "bids": [{"price": "0.01", "size": "202.04"}, {"price": "0.02", "size": "117.48"}, {"price": "0.03", "size": "18.99"}, {"price": "0.04", "size": "29.99"}], "asks": [{"price": "0.99", "size": "195.21"}, {"price": "0.98", "size": "97.03"}, {"price": "0.97", "size": "23.57"}, {"price": "0.95", "size": "23.99"}, {"price": "0.94", "size": "5.47"}], "event_type": "book", "last_trade_price": ""}, {"market": "0xca859ab5380299dd835ba3f2c48afd441e25fcd7e0259fbeba2dd614c4f870a2", "asset_id": "15840259062449160025450139636110812711708994381423187385086324170940002043843", "timestamp": "1769383974557", "hash": "f0b7939bf30e744bdb6d858467e31e5cb7c7fbdd", "bids": [{"price": "0.01", "size": "11298.35"}, {"price": "0.02", "size": "25.56"}, {"price": "0.04", "size": "250"}, {"price": "0.05", "size": "6.01"}], "asks": [{"price": "0.99", "size": "11289.74"}, {"price": "0.98", "size": "50.36"}, {"price": "0.89", "size": "250"}], "event_type": "book", "last_trade_price": ""}, {"market": "0xcbdec0a1b1f6bb14b2dcee2b52c43d01821391be88989cc628d824e793c9e42e", "asset_id": "37849951533204294925890602861649888151196903756723161552716580461942163813007", "timestamp": "1769383974647", "hash": "0ba8681e4b6de1a3189b6d882de13d4b6409018f", "bids": [{"price": "0.01", "size": "11341.33"}, {"price": "0.02", "size": "42.6"}, {"price": "0.06", "size": "250"}, {"price": "0.07", "size": "5.47"}], "asks": [{"price": "0.99", "size": "11345.35"}, {"price": "0.98", "size": "25.56"}, {"price": "0.96", "size": "250"}, {"price": "0.95", "size": "6.01"}], "event_type": "book", "last_trade_price": ""}, {"market": "0xca859ab5380299dd835ba3f2c48afd441e25fcd7e0259fbeba2dd614c4f870a2", "asset_id": "2366548889329278541459612710138089612527881198602751105417741495638135716774", "timestamp": "1769383974557", "hash": "1d78797f193f0ad16c970faa4fb06c6f9b311671", "bids": [{"price": "0.01", "size": "11289.74"}, {"price": "0.02", "size": "50.36"}, {"price": "0.11", "size": "250"}], "asks": [{"price": "0.99", "size": "11298.35"}, {"price": "0.98", "size": "25.56"}, {"price": "0.96", "size": "250"}, {"price": "0.95", "size": "6.01"}], "event_type": "book", "last_trade_price": ""}, {"market": "0x19a0f08b7a18caf291a5b0b232ead39be4467585729a799417b80bc3dcc611fc", "asset_id": "106051610562876265402470707121919839785725730273516489131474350783401307573962", "timestamp": "1769383983025", "hash": "bad23e12317d58aec2a019047a547abf2aa38e9d", "bids": [{"price": "0.01", "size": "195.21"}, {"price": "0.02", "size": "97.03"}, {"price": "0.03", "size": "23.57"}, {"price": "0.05", "size": "23.99"}, {"price": "0.06", "size": "5.47"}], "asks": [{"price": "0.99", "size": "202.04"}, {"price": "0.98", "size": "117.48"}, {"price": "0.97", "size": "18.99"}, {"price": "0.96", "size": "29.99"}], "event_type": "book", "last_trade_price": ""}, {"market": "0xeb9e3c8adef33cc5ed98ef091791b4031a32d8a72399fede3d69fa5fe60e97e0", "asset_id": "2467346048472678701486634748038634163214363415199182829194606652781756370012", "timestamp": "1769383974608", "hash": "5c5dea97c29220bd93661ac8ce6a8c01b172a2f2", "bids": [{"price": "0.01", "size": "11341.33"}, {"price": "0.02", "size": "26.15"}, {"price": "0.05", "size": "250"}, {"price": "0.06", "size": "5.48"}], "asks": [{"price": "0.99", "size": "11338.93"}, {"price": "0.98", "size": "49.27"}, {"price": "0.92", "size": "250"}], "event_type": "book", "last_trade_price": ""}, {"market": "0xeb9e3c8adef33cc5ed98ef091791b4031a32d8a72399fede3d69fa5fe60e97e0", "asset_id": "70043949213608563139437729392553992522252153787752917036553698592122595063068", "timestamp": "1769383974608", "hash": "31e05277ec5a4314d03f45432de634cfaa9c085f", "bids": [{"price": "0.01", "size": "11338.93"}, {"price": "0.02", "size": "49.27"}, {"price": "0.08", "size": "250"}], "asks": [{"price": "0.99", "size": "11341.33"}, {"price": "0.98", "size": "26.15"}, {"price": "0.95", "size": "250"}, {"price": "0.94", "size": "5.48"}], "event_type": "book", "last_trade_price": ""}]}
{"_local_timestamp": "2026-01-25T23:34:33.681680+00:00", "data": {"market": "0x19a0f08b7a18caf291a5b0b232ead39be4467585729a799417b80bc3dcc611fc", "price_changes": [{"asset_id": "106051610562876265402470707121919839785725730273516489131474350783401307573962", "price": "0.05", "size": "0", "side": "BUY", "hash": "6e2890bb03b373ce53a3c43d4085283f187d22d7", "best_bid": "0.06", "best_ask": "0.96"}, {"asset_id": "67949989830852440296960750325401086155617913757515735445971588392990711688192", "price": "0.95", "size": "0", "side": "SELL", "hash": "241b1c3fc366ca210fbf24dd336a13ee0bb34307", "best_bid": "0.04", "best_ask": "0.94"}], "timestamp": "1769384073594", "event_type": "price_change"}}
{"_local_timestamp": "2026-01-25T23:34:35.141404+00:00", "data": {"market": "0x19a0f08b7a18caf291a5b0b232ead39be4467585729a799417b80bc3dcc611fc", "price_changes": [{"asset_id": "106051610562876265402470707121919839785725730273516489131474350783401307573962", "price": "0.06", "size": "0", "side": "BUY", "hash": "3a018591ddd7f8209b1503740609a9e36bc37b08", "best_bid": "0.03", "best_ask": "0.96"}, {"asset_id": "67949989830852440296960750325401086155617913757515735445971588392990711688192", "price": "0.94", "size": "0", "side": "SELL", "hash": "e95e7337a9275a9ac4c86ad6b764f6a49fd02a3d", "best_bid": "0.04", "best_ask": "0.97"}], "timestamp": "1769384075057", "event_type": "price_change"}}
{"_local_timestamp": "2026-01-25T23:34:35.473044+00:00", "data": {"market": "0x19a0f08b7a18caf291a5b0b232ead39be4467585729a799417b80bc3dcc611fc", "price_changes": [{"asset_id": "106051610562876265402470707121919839785725730273516489131474350783401307573962", "price": "0.04", "size": "5.47", "side": "BUY", "hash": "2745cdf5f1e313927f6473c7e201552f0661557d", "best_bid": "0.04", "best_ask": "0.96"}, {"asset_id": "67949989830852440296960750325401086155617913757515735445971588392990711688192", "price": "0.96", "size": "5.47", "side": "SELL", "hash": "66efc377324a1833a78a4376d3d3c01f5a45c88c", "best_bid": "0.04", "best_ask": "0.96"}], "timestamp": "1769384075390", "event_type": "price_change"}}
{"_local_timestamp": "2026-01-25T23:35:47.022814+00:00", "data": {"market": "0x19a0f08b7a18caf291a5b0b232ead39be4467585729a799417b80bc3dcc611fc", "price_changes": [{"asset_id": "106051610562876265402470707121919839785725730273516489131474350783401307573962", "price": "0.03", "size": "12.56", "side": "BUY", "hash": "fe88f3bd45ff7f192c94d22bad696bd804ed4761", "best_bid": "0.04", "best_ask": "0.96"}, {"asset_id": "67949989830852440296960750325401086155617913757515735445971588392990711688192", "price": "0.97", "size": "12.56", "side": "SELL", "hash": "2bf9cc37b1633532645be29352ba485275450bbb", "best_bid": "0.04", "best_ask": "0.96"}], "timestamp": "1769384146951", "event_type": "price_change"}}
{"_local_timestamp": "2026-01-25T23:35:47.323879+00:00", "data": {"market": "0x19a0f08b7a18caf291a5b0b232ead39be4467585729a799417b80bc3dcc611fc", "price_changes": [{"asset_id": "106051610562876265402470707121919839785725730273516489131474350783401307573962", "price": "0.03", "size": "20.69", "side": "BUY", "hash": "8b45fe85d9131079ef1714f909666636a3123185", "best_bid": "0.04", "best_ask": "0.96"}, {"asset_id": "67949989830852440296960750325401086155617913757515735445971588392990711688192", "price": "0.97", "size": "20.69", "side": "SELL", "hash": "62e78089f38dba188fcbfa366724cf0e539f5512", "best_bid": "0.04", "best_ask": "0.96"}], "timestamp": "1769384147255", "event_type": "price_change"}}
{"_local_timestamp": "2026-01-25T23:35:47.324855+00:00", "data": {"market": "0x19a0f08b7a18caf291a5b0b232ead39be4467585729a799417b80bc3dcc611fc", "price_changes": [{"asset_id": "106051610562876265402470707121919839785725730273516489131474350783401307573962", "price": "0.01", "size": "203.85", "side": "BUY", "hash": "4a7d7b4d509187def7f8d2d530872f65df31d1dc", "best_bid": "0.04", "best_ask": "0.96"}, {"asset_id": "67949989830852440296960750325401086155617913757515735445971588392990711688192", "price": "0.99", "size": "203.85", "side": "SELL", "hash": "aeb25ce8ba18b957108882aeb681be38775420ab", "best_bid": "0.04", "best_ask": "0.96"}], "timestamp": "1769384147255", "event_type": "price_change"}}
{"_local_timestamp": "2026-01-25T23:36:05.856897+00:00", "data": {"market": "0x19a0f08b7a18caf291a5b0b232ead39be4467585729a799417b80bc3dcc611fc", "price_changes": [{"asset_id": "106051610562876265402470707121919839785725730273516489131474350783401307573962", "price": "0.05", "size": "23.99", "side": "BUY", "hash": "af3c33ab0bfa46e215d64cef47e1c7b245caacff", "best_bid": "0.05", "best_ask": "0.96"}, {"asset_id": "67949989830852440296960750325401086155617913757515735445971588392990711688192", "price": "0.95", "size": "23.99", "side": "SELL", "hash": "478e1139193037cc8f61938595b73b75712a4a43", "best_bid": "0.04", "best_ask": "0.95"}], "timestamp": "1769384165775", "event_type": "price_change"}}
