{"_local_timestamp": "2026-01-25T23:41:19.449346+00:00", "data": [{"market": "0x21478a9eda4795b21ef6b36dfe588d7b28b4b516c9c9a25005d80d1f1990e07a", "asset_id": "56547025957645419046099124619483344064997524271778931224912952948032844902449", "timestamp": "1769384473939", "hash": "e82440845c493abfbdb822ea6f15c44e347aeaa8", "bids": [{"price": "0.01", "size": "7234.13"}, {"price": "0.02", "size": "4157.32"}, {"price": "0.03", "size": "31.66"}, {"price": "0.2", "size": "200"}, {"price": "0.27", "size": "200"}, {"price": "0.34", "size": "100"}, {"price": "0.66", "size": "1390.11"}, {"price": "0.67", "size": "890.11"}, {"price": "0.68", "size": "100"}], "asks": [{"price": "0.99", "size": "10386.43"}, {"price": "0.98", "size": "49.99"}, {"price": "0.78", "size": "100"}, {"price": "0.77", "size": "1390.11"}, {"price": "0.76", "size": "890.11"}], "event_type": "book", "last_trade_price": ""}, {"market": "0xd336d08c566160ba048982cd3bcb6e7ec713ea9336a92446bc34f493f77842df", "asset_id": "93400981758791869645785192203990808057568260315269629518036730084578020466243", "timestamp": "1769384425864", "hash": "e2536c648cfd9f7e024fc39cc1223bf7f1003104", "bids": [{"price": "0.01", "size": "8129.56"}, {"price": "0.02", "size": "5047.43"}, {"price": "0.03", "size": "5.09"}, {"price": "0.06", "size": "12.39"}, {"price": "0.35", "size": "100"}, {"price": "0.36", "size": "500"}], "asks": [{"price": "0.99", "size": "7234.28"}, {"price": "0.98", "size": "4157.32"}, {"price": "0.97", "size": "31.6"}, {"price": "0.8", "size": "1090.11"}, {"price": "0.79", "size": "890.11"}, {"price": "0.46", "size": "1390.11"}, {"price": "0.45", "size": "990.11"}], "event_type": "book", "last_trade_price": ""}, {"market": "0xd336d08c566160ba048982cd3bcb6e7ec713ea9336a92446bc34f493f77842df", "asset_id": "89728433461109893353350426686433550158491124286474351310639172869545460692870", "timestamp": "1769384425864", "hash": "3a0fdcce81dadf1ed974eb4590d54ca6567d275c", "bids": [{"price": "0.01", "size": "7234.28"}, {"price": "0.02", "size": "4157.32"}, {"price": "0.03", "size": "31.6"}, {"price": "0.2", "size": "1090.11"}, {"price": "0.21", "size": "890.11"}, {"price": "0.54", "size": "1390.11"}, {"price": "0.55", "size": "990.11"}], "asks": [{"price": "0.99", "size": "8129.56"}, {"price": "0.98", "size": "5047.43"}, {"price": "0.97", "size": "5.09"}, {"price": "0.94", "size": "12.39"}, {"price": "0.65", "size": "100"}, {"price": "0.64", "size": "500"}], "event_type": "book", "last_trade_price": ""}, {"market": "0x833c705c303d5c6ba5920134325b2bc9b6739355d8c919ae9daf38819f70a23b", "asset_id": "86960458565907402887724563283813185279962333708418383141332052857132193514334", "timestamp": "1769380874187", "hash": "93c85bd096dcbe7fff3915ddf8443043117b8dcf", "bids": [{"price": "0.01", "size": "344.79"}, {"price": "0.02", "size": "26.15"}, {"price": "0.05", "size": "100"}, {"price": "0.06", "size": "38.48"}], "asks": [{"price": "0.99", "size": "1335.73"}, {"price": "0.98", "size": "12.37"}, {"price": "0.95", "size": "100"}, {"price": "0.94", "size": "33"}, {"price": "0.93", "size": "15.4"}, {"price": "0.63", "size": "120"}], "event_type": "book", "last_trade_price": ""}, {"market": "0xdc0683471c87329bf99644036e55e4193a581937a01acc7216fd69c3bce3cb14", "asset_id": "80782693109112814243189957470495269425314786352910229320825614451564145986780", "timestamp": "1769381484339", "hash": "9a9a5d68e0885ba5ffca5d76dfd697b3f3d6701b", "bids": [{"price": "0.01", "size": "344.79"}, {"price": "0.02", "size": "26.15"}, {"price": "0.05", "size": "100"}, {"price": "0.06", "size": "38.48"}, {"price": "0.07", "size": "5.47"}], "asks": [{"price": "0.99", "size": "344.79"}, {"price": "0.98", "size": "26.15"}, {"price": "0.95", "size": "100"}, {"price": "0.94", "size": "38.48"}], "event_type": "book", "last_trade_price": ""}, {"market": "0xdc0683471c87329bf99644036e55e4193a581937a01acc7216fd69c3bce3cb14", "asset_id": "110087287035707512808128312760767653520937638571107790145381271928645285996630", "timestamp": "1769381484339", "hash": "bca6ce301c1b8e8e7ea8b050ea7b258d3c5f8329", "bids": [{"price": "0.01", "size": "344.79"}, {"price": "0.02", "size": "26.15"}, {"price": "0.05", "size": "100"}, {"price": "0.06", "size": "38.48"}], "asks": [{"price": "0.99", "size": "344.79"}, {"price": "0.98", "size": "26.15"}, {"price": "0.95", "size": "100"}, {"price": "0.94", "size": "38.48"}, {"price": "0.93", "size": "5.47"}], "event_type": "book", "last_trade_price": ""}, {"market": "0x308d63caa82cbea1724ef5f553cc58746b4961a249f532bcd348bf1dcd7d1481", "asset_id": "55525688743544646903925873519970646229929512568670787069179430303507716488588", "timestamp": "1769384471944", "hash": "a8fb7d9594d6e43627c90e2748358670b9745718", "bids": [{"price": "0.01", "size": "9038.85"}, {"price": "0.02", "size": "2100"}, {"price": "0.03", "size": "9.12"}, {"price": "0.05", "size": "50"}, {"price": "0.06", "size": "33"}, {"price": "0.07", "size": "1700"}, {"price": "0.08", "size": "4872.32"}, {"price": "0.09", "size": "4157.32"}, {"price": "0.1", "size": "100"}, {"price": "0.11", "size": "5.71"}, {"price": "0.2", "size": "400"}, {"price": "0.27", "size": "200"}, {"price": "0.34", "size": "100"}, {"price": "0.5", "size": "20"}, {"price": "0.62", "size": "182"}, {"price": "0.73", "size": "1890.11"}, {"price": "0.74", "size": "890.11"}, {"price": "0.75", "size": "15"}, {"price": "0.76", "size": "113.76"}, {"price": "0.77", "size": "33"}, {"price": "0.78", "size": "44.77"}, {"price": "0.8", "size": "5"}], "asks": [{"price": "0.99", "size": "287.38"}, {"price": "0.98", "size": "4463.88"}, {"price": "0.97", "size": "5.56"}, {"price": "0.96", "size": "147.7"}, {"price": "0.87", "size": "15"}, {"price": "0.86", "size": "100"}, {"price": "0.84", "size": "1890.11"}, {"price": "0.83", "size": "890.11"}, {"price": "0.81", "size": "115.07"}], "event_type": "book", "last_trade_price": "0.190"}, {"market": "0x4596995ba5c1143eb024cd19b648a13a560d619469ee2801a0731eac1496f71c", "asset_id": "64060812829424665171585620366786220342059168747392044980810273902188468128252", "timestamp": "1769384425871", "hash": "cddb30fb99da4ba7b4e015a6e7bafac6606fb99e", "bids": [{"price": "0.01", "size": "7439.05"}, {"price": "0.02", "size": "4157.32"}, {"price": "0.03", "size": "5.71"}, {"price": "0.05", "size": "100"}, {"price": "0.06", "size": "33"}, {"price": "0.07", "size": "10.41"}, {"price": "0.2", "size": "200"}, {"price": "0.27", "size": "1090.11"}, {"price": "0.28", "size": "890.11"}, {"price": "0.62", "size": "1390.11"}, {"price": "0.63", "size": "890.11"}, {"price": "0.64", "size": "100"}], "asks": [{"price": "0.99", "size": "11426.54"}, {"price": "0.98", "size": "904.48"}, {"price": "0.95", "size": "100"}, {"price": "0.94", "size": "33"}, {"price": "0.93", "size": "10.18"}, {"price": "0.74", "size": "100"}, {"price": "0.73", "size": "1390.11"}, {"price": "0.72", "size": "890.11"}], "event_type": "book", "last_trade_price": "0.280"}, {"market": "0x37a2a8f43108504d768012984de442ad727183c192ea4282bf22c28f467d1ae9", "asset_id": "20433031826617634564864446320072745267511700140444160083894490218868960052047", "timestamp": "1769384425864", "hash": "951065c4cffbb6018fc7275466c8fe11679f2319", "bids": [{"price": "0.01", "size": "10594.21"}, {"price": "0.03", "size": "6.21"}, {"price": "0.05", "size": "100"}, {"price": "0.06", "size": "33"}, {"price": "0.07", "size": "10.51"}, {"price": "0.26", "size": "100"}, {"price": "0.27", "size": "1390.11"}, {"price": "0.28", "size": "890.11"}], "asks": [{"price": "0.99", "size": "7439.05"}, {"price": "0.98", "size": "4157.32"}, {"price": "0.97", "size": "5.71"}, {"price": "0.95", "size": "100"}, {"price": "0.94", "size": "33"}, {"price": "0.93", "size": "10.41"}, {"price": "0.8", "size": "200"}, {"price": "0.73", "size": "1090.11"}, {"price": "0.72", "size": "890.11"}, {"price": "0.38", "size": "1390.11"}, {"price": "0.37", "size": "890.11"}, {"price": "0.36", "size": "100"}], "event_type": "book", "last_trade_price": ""}, {"market": "0x37a2a8f43108504d768012984de442ad727183c192ea4282bf22c28f467d1ae9", "asset_id": "89570350404509332697294156260294498845013165173832862565969838165211473744715", "timestamp": "1769384425864", "hash": "25125b8ce827e7e283ea1bf5327c3e5223de7e6c", "bids": [{"price": "0.01", "size": "7439.05"}, {"price": "0.02", "size": "4157.32"}, {"price": "0.03", "size": "5.71"}, {"price": "0.05", "size": "100"}, {"price": "0.06", "size": "33"}, {"price": "0.07", "size": "10.41"}, {"price": "0.2", "size": "200"}, {"price": "0.27", "size": "1090.11"}, {"price": "0.28", "size": "890.11"}, {"price": "0.62", "size": "1390.11"}, {"price": "0.63", "size": "890.11"}, {"price": "0.64", "size": "100"}], "asks": [{"price": "0.99", "size": "10594.21"}, {"price": "0.97", "size": "6.21"}, {"price": "0.95", "size": "100"}, {"price": "0.94", "size": "33"}, {"price": "0.93", "size": "10.51"}, {"price": "0.74", "size": "100"}, {"price": "0.73", "size": "1390.11"}, {"price": "0.72", "size": "890.11"}], "event_type": "book", "last_trade_price": ""}, {"market": "0x833c705c303d5c6ba5920134325b2bc9b6739355d8c919ae9daf38819f70a23b", "asset_id": "56966343151823154939583923699817542630550497876451227939542707236631190126974", "timestamp": "1769380874187", "hash": "e0e25edf3d14a3d06c470eb0b80769cf9882ed86", "bids": [{"price": "0.01", "size": "1335.73"}, {"price": "0.02", "size": "12.37"}, {"price": "0.05", "size": "100"}, {"price": "0.06", "size": "33"}, {"price": "0.07", "size": "15.4"}, {"price": "0.37", "size": "120"}], "asks": [{"price": "0.99", "size": "344.79"}, {"price": "0.98", "size": "26.15"}, {"price": "0.95", "size": "100"}, {"price": "0.94", "size": "38.48"}], "event_type": "book", "last_trade_price": ""}, {"market": "0x308d63caa82cbea1724ef5f553cc58746b4961a249f532bcd348bf1dcd7d1481", "asset_id": "62431806276539591033590335100897678655126372979579504591646273319200453103179", "timestamp": "1769384471944", "hash": "4b43e0e022e67efcc73e6844ceec0f6e60b0a346", "bids": [{"price": "0.01", "size": "287.38"}, {"price": "0.02", "size": "4463.88"}, {"price": "0.03", "size": "5.56"}, {"price": "0.04", "size": "147.7"}, {"price": "0.13", "size": "15"}, {"price": "0.14", "size": "100"}, {"price": "0.16", "size": "1890.11"}, {"price": "0.17", "size": "890.11"}, {"price": "0.19", "size": "115.07"}], "asks": [{"price": "0.99", "size": "9038.85"}, {"price": "0.98", "size": "2100"}, {"price": "0.97", "size": "9.12"}, {"price": "0.95", "size": "50"}, {"price": "0.94", "size": "33"}, {"price": "0.93", "size": "1700"}, {"price": "0.92", "size": "4872.32"}, {"price": "0.91", "size": "4157.32"}, {"price": "0.9", "size": "100"}, {"price": "0.89", "size": "5.71"}, {"price": "0.8", "size": "400"}, {"price": "0.73", "size": "200"}, {"price": "0.66", "size": "100"}, {"price": "0.5", "size": "20"}, {"price": "0.38", "size": "182"}, {"price": "0.27", "size": "1890.11"}, {"price": "0.26", "size": "890.11"}, {"price": "0.25", "size": "15"}, {"price": "0.24", "size": "113.76"}, {"price": "0.23", "size": "33"}, {"price": "0.22", "size": "44.77"}, {"price": "0.2", "size": "5"}], "event_type": "book", "last_trade_price": "0.190"}, {"market": "0x21478a9eda4795b21ef6b36dfe588d7b28b4b516c9c9a25005d80d1f1990e07a", "asset_id": "7116510953894574046149959763012809728780191305039938095921645635539451683015", "timestamp": "1769384473939", "hash": "5641eb46f9250c5ac50ada26507f274e562ea965", "bids": [{"price": "0.01", "size": "10386.43"}, {"price": "0.02", "size": "49.99"}, {"price": "0.22", "size": "100"}, {"price": "0.23", "size": "1390.11"}, {"price": "0.24", "size": "890.11"}], "asks": [{"price": "0.99", "size": "7234.13"}, {"price": "0.98", "size": "4157.32"}, {"price": "0.97", "size": "31.66"}, {"price": "0.8", "size": "200"}, {"price": "0.73", "size": "200"}, {"price": "0.66", "size": "100"}, {"price": "0.34", "size": "1390.11"}, {"price": "0.33", "size": "890.11"}, {"price": "0.32", "size": "100"}], "event_type": "book", "last_trade_price": ""}, {"market": "0xb18705bc12b4b247251cfbdc70ef5ea35459d1eeeeb0b2db75c121b5b787384e", "asset_id": "18157258742493335082590519979659273580182840843918396564069057423878518658064", "timestamp": "1769384425871", "hash": "3b6b1230d5adf880dfb4343a6c45f75cfaba6b78", "bids": [{"price": "0.01", "size": "7339.05"}, {"price": "0.02", "size": "4157.32"}, {"price": "0.03", "size": "5.71"}, {"price": "0.05", "size": "100"}, {"price": "0.06", "size": "33"}, {"price": "0.07", "size": "10.41"}, {"price": "0.2", "size": "200"}, {"price": "0.27", "size": "1090.11"}, {"price": "0.28", "size": "890.11"}, {"price": "0.62", "size": "1390.11"}, {"price": "0.63", "size": "890.11"}, {"price": "0.64", "size": "100"}], "asks": [{"price": "0.99", "size": "10494.87"}, {"price": "0.97", "size": "6.74"}, {"price": "0.96", "size": "890.11"}, {"price": "0.95", "size": "5147.43"}, {"price": "0.94", "size": "33"}, {"price": "0.93", "size": "10.19"}, {"price": "0.74", "size": "100"}, {"price": "0.73", "size": "1390.11"}, {"price": "0.72", "size": "890.11"}], "event_type": "book", "last_trade_price": ""}, {"market": "0xb18705bc12b4b247251cfbdc70ef5ea35459d1eeeeb0b2db75c121b5b787384e", "asset_id": "64706969525609814186270748812897873216756103384689804342678233310436054755856", "timestamp": "1769384425871", "hash": "529616944b78de3f60bc985609ace1f3ff887613", "bids": [{"price": "0.01", "size": "10494.87"}, {"price": "0.03", "size": "6.74"}, {"price": "0.04", "size": "890.11"}, {"price": "0.05", "size": "5147.43"}, {"price": "0.06", "size": "33"}, {"price": "0.07", "size": "10.19"}, {"price": "0.26", "size": "100"}, {"price": "0.27", "size": "1390.11"}, {"price": "0.28", "size": "890.11"}], "asks": [{"price": "0.99", "size": "7339.05"}, {"price": "0.98", "size": "4157.32"}, {"price": "0.97", "size": "5.71"}, {"price": "0.95", "size": "100"}, {"price": "0.94", "size": "33"}, {"price": "0.93", "size": "10.41"}, {"price": "0.8", "size": "200"}, {"price": "0.73", "size": "1090.11"}, {"price": "0.72", "size": "890.11"}, {"price": "0.38", "size": "1390.11"}, {"price": "0.37", "size": "890.11"}, {"price": "0.36", "size": "100"}], "event_type": "book", "last_trade_price": ""}, {"market": "0x4596995ba5c1143eb024cd19b648a13a560d619469ee2801a0731eac1496f71c", "asset_id": "72924982117647498116945443519660964053965655312404924908951453050812570473090", "timestamp": "1769384425871", "hash": "c6f77727c9635845c795dfead0b93e457bef1fe0", "bids": [{"price": "0.01", "size": "11426.54"}, {"price": "0.02", "size": "904.48"}, {"price": "0.05", "size": "100"}, {"price": "0.06", "size": "33"}, {"price": "0.07", "size": "10.18"}, {"price": "0.26", "size": "100"}, {"price": "0.27", "size": "1390.11"}, {"price": "0.28", "size": "890.11"}], "asks": [{"price": "0.99", "size": "7439.05"}, {"price": "0.98", "size": "4157.32"}, {"price": "0.97", "size": "5.71"}, {"price": "0.95", "size": "100"}, {"price": "0.94", "size": "33"}, {"price": "0.93", "size": "10.41"}, {"price": "0.8", "size": "200"}, {"price": "0.73", "size": "1090.11"}, {"price": "0.72", "size": "890.11"}, {"price": "0.38", "size": "1390.11"}, {"price": "0.37", "size": "890.11"}, {"price": "0.36", "size": "100"}], "event_type": "book", "last_trade_price": "0.280"}]}
{"_local_timestamp": "2026-01-25T23:41:21.218046+00:00", "data": {"market": "0x308d63caa82cbea1724ef5f553cc58746b4961a249f532bcd348bf1dcd7d1481", "price_changes": [{"asset_id": "55525688743544646903925873519970646229929512568670787069179430303507716488588", "price": "0.1", "size": "0", "side": "BUY", "hash": "bbe6db74e585c7594b4af5a4b2702e05e2851ba8", "best_bid": "0.8", "best_ask": "0.81"}, {"asset_id": "62431806276539591033590335100897678655126372979579504591646273319200453103179", "price": "0.9", "size": "0", "side": "SELL", "hash": "6627eed40177cbe2f1bd180439d12e38af58bed2", "best_bid": "0.19", "best_ask": "0.2"}], "timestamp": "1769384481136", "event_type": "price_change"}}
{"_local_timestamp": "2026-01-25T23:41:21.269730+00:00", "data": {"market": "0x308d63caa82cbea1724ef5f553cc58746b4961a249f532bcd348bf1dcd7d1481", "price_changes": [{"asset_id": "55525688743544646903925873519970646229929512568670787069179430303507716488588", "price": "0.08", "size": "715", "side": "BUY", "hash": "3a0371b8c3b786069c15351c76f9e98ef935ba58", "best_bid": "0.8", "best_ask": "0.81"}, {"asset_id": "62431806276539591033590335100897678655126372979579504591646273319200453103179", "price": "0.92", "size": "715", "side": "SELL", "hash": "4bd8a866a5f77cac88ffe2439a82813e630631b6", "best_bid": "0.19", "best_ask": "0.2"}], "timestamp": "1769384481196", "event_type": "price_change"}}
{"_local_timestamp": "2026-01-25T23:41:21.281219+00:00", "data": {"market": "0x308d63caa82cbea1724ef5f553cc58746b4961a249f532bcd348bf1dcd7d1481", "price_changes": [{"asset_id": "62431806276539591033590335100897678655126372979579504591646273319200453103179", "price": "0.02", "size": "306.56", "side": "BUY", "hash": "e52c3f66e49c99aca5a2cef8c7912bd881b6e95d", "best_bid": "0.19", "best_ask": "0.2"}, {"asset_id": "55525688743544646903925873519970646229929512568670787069179430303507716488588", "price": "0.98", "size": "306.56", "side": "SELL", "hash": "d2e2d1415c467a0f7d05faeb23dc5b2d601cbacc", "best_bid": "0.8", "best_ask": "0.81"}], "timestamp": "1769384481197", "event_type": "price_change"}}
{"_local_timestamp": "2026-01-25T23:41:21.285700+00:00", "data": {"market": "0x308d63caa82cbea1724ef5f553cc58746b4961a249f532bcd348bf1dcd7d1481", "price_changes": [{"asset_id": "62431806276539591033590335100897678655126372979579504591646273319200453103179", "price": "0.01", "size": "2284.49", "side": "BUY", "hash": "41a377c8fe9c4005b66546c1ca2ea0aac1b3cbc8", "best_bid": "0.19", "best_ask": "0.2"}, {"asset_id": "55525688743544646903925873519970646229929512568670787069179430303507716488588", "price": "0.99", "size": "2284.49", "side": "SELL", "hash": "e05792925c29a32850dc6ab43c7532f56b0dacdb", "best_bid": "0.8", "best_ask": "0.81"}], "timestamp": "1769384481202", "event_type": "price_change"}}
{"_local_timestamp": "2026-01-25T23:41:21.289905+00:00", "data": {"market": "0x308d63caa82cbea1724ef5f553cc58746b4961a249f532bcd348bf1dcd7d1481", "price_changes": [{"asset_id": "62431806276539591033590335100897678655126372979579504591646273319200453103179", "price": "0.01", "size": "3174.6", "side": "BUY", "hash": "1520f2666823db70b699c49d568ea86348d50f3c", "best_bid": "0.19", "best_ask": "0.2"}, {"asset_id": "55525688743544646903925873519970646229929512568670787069179430303507716488588", "price": "0.99", "size": "3174.6", "side": "SELL", "hash": "2cd682a643900e4f88e44b0ca64766d19d6d26ac", "best_bid": "0.8", "best_ask": "0.81"}], "timestamp": "1769384481203", "event_type": "price_change"}}
{"_local_timestamp": "2026-01-25T23:41:21.291969+00:00", "data": {"market": "0x308d63caa82cbea1724ef5f553cc58746b4961a249f532bcd348bf1dcd7d1481", "price_changes": [{"asset_id": "62431806276539591033590335100897678655126372979579504591646273319200453103179", "price": "0.01", "size": "4444.7", "side": "BUY", "hash": "cfe9caa4a088384d314dd43127329f6ae087dba3", "best_bid": "0.19", "best_ask": "0.2"}, {"asset_id": "55525688743544646903925873519970646229929512568670787069179430303507716488588", "price": "0.99", "size": "4444.7", "side": "SELL", "hash": "f250d25e2a21f9d4256b2fed9808652d083170ef", "best_bid": "0.8", "best_ask": "0.81"}], "timestamp": "1769384481204", "event_type": "price_change"}}
{"_local_timestamp": "2026-01-25T23:41:21.454849+00:00", "data": {"market": "0x308d63caa82cbea1724ef5f553cc58746b4961a249f532bcd348bf1dcd7d1481", "price_changes": [{"asset_id": "55525688743544646903925873519970646229929512568670787069179430303507716488588", "price": "0.09", "size": "4257.32", "side": "BUY", "hash": "bd1f63aa219ebe9020be2a40c0c578a59207abca", "best_bid": "0.8", "best_ask": "0.81"}, {"asset_id": "62431806276539591033590335100897678655126372979579504591646273319200453103179", "price": "0.91", "size": "4257.32", "side": "SELL", "hash": "c0d5041ebff6eee5b2b65432f3ab3b51f83e6eb8", "best_bid": "0.19", "best_ask": "0.2"}], "timestamp": "1769384481356", "event_type": "price_change"}}
