{"_local_timestamp": "2026-01-25T23:41:24.221888+00:00", "data": [{"market": "0xcbea6c3471ea8b215444d67f846b854e3521052ca81c5da54e28c67b75e2b4af", "asset_id": "33099871202932815813672406852650911685480454775588544697727678676727391722745", "timestamp": "1769383981552", "hash": "6928c6f9e66e82e2071f4334826dabf91652af23", "bids": [{"price": "0.01", "size": "10451.22"}, {"price": "0.02", "size": "42.6"}, {"price": "0.06", "size": "1140.11"}, {"price": "0.07", "size": "895.58"}], "asks": [{"price": "0.99", "size": "10457.81"}, {"price": "0.98", "size": "1150.28"}, {"price": "0.97", "size": "942.68"}], "event_type": "book", "last_trade_price": ""}, {"market": "0xc1977bee61f67d9d6cea3f7b16d094896bdb1faefa0f9df9ea0a067daab48981", "asset_id": "78110974122162464943361433845382554746323675076814300820011415551303694081660", "timestamp": "1769383981299", "hash": "a83e895882be1f79abe76ae168c18c8aa03b7e3e", "bids": [{"price": "0.01", "size": "10402.72"}, {"price": "0.02", "size": "157.03"}, {"price": "0.03", "size": "23.71"}, {"price": "0.06", "size": "1140.11"}, {"price": "0.07", "size": "895.58"}], "asks": [{"price": "0.99", "size": "11300.08"}, {"price": "0.98", "size": "1050.59"}, {"price": "0.97", "size": "81.65"}, {"price": "0.96", "size": "39.24"}], "event_type": "book", "last_trade_price": ""}, {"market": "0x1d6d4f714e1be97bfd2a112c13ced647780bd0829b3e545910c1091757b18c81", "asset_id": "94751106162810758469635598299477140880810029265761105387257884537048035917975", "timestamp": "1769383972889", "hash": "392810b7efd9ae333548a52b958b06ea6c7e4692", "bids": [{"price": "0.01", "size": "11347.92"}, {"price": "0.02", "size": "260.17"}, {"price": "0.03", "size": "52.57"}], "asks": [{"price": "0.99", "size": "11341.33"}, {"price": "0.98", "size": "42.6"}, {"price": "0.94", "size": "250"}, {"price": "0.93", "size": "5.47"}], "event_type": "book", "last_trade_price": ""}, {"market": "0x14a59fd43a48ef0bb90a5f63a6940fb6a62acf00f14710407cb340a6e555e427", "asset_id": "32309374624748192362666880759096858495442910952630564264751928146985382753863", "timestamp": "1769384272330", "hash": "f6621ddda37f9e40f6a5af5eacd10cfea3152558", "bids": [{"price": "0.01", "size": "202.09"}, {"price": "0.02", "size": "160.48"}, {"price": "0.03", "size": "94.65"}, {"price": "0.04", "size": "9.25"}, {"price": "0.05", "size": "5.47"}], "asks": [{"price": "0.99", "size": "202.04"}, {"price": "0.98", "size": "217.48"}, {"price": "0.97", "size": "18.99"}, {"price": "0.96", "size": "29.99"}], "event_type": "book", "last_trade_price": ""}, {"market": "0xcbea6c3471ea8b215444d67f846b854e3521052ca81c5da54e28c67b75e2b4af", "asset_id": "107998120458739374164579880988037485263306867024048287454086251494415567001697", "timestamp": "1769383981552", "hash": "f55265fedc6992d6908fc679f5ec93e4bbd7306e", "bids": [{"price": "0.01", "size": "10457.81"}, {"price": "0.02", "size": "1150.28"}, {"price": "0.03", "size": "942.68"}], "asks": [{"price": "0.99", "size": "10451.22"}, {"price": "0.98", "size": "42.6"}, {"price": "0.94", "size": "1140.11"}, {"price": "0.93", "size": "895.58"}], "event_type": "book", "last_trade_price": ""}, {"market": "0x14a59fd43a48ef0bb90a5f63a6940fb6a62acf00f14710407cb340a6e555e427", "asset_id": "33860025332294261066339194986447657969774333993404072754488955408971762620870", "timestamp": "1769384272330", "hash": "68db6c33f506b31ac5dbad461a16478aec9dcf8a", "bids": [{"price": "0.01", "size": "202.04"}, {"price": "0.02", "size": "217.48"}, {"price": "0.03", "size": "18.99"}, {"price": "0.04", "size": "29.99"}], "asks": [{"price": "0.99", "size": "202.09"}, {"price": "0.98", "size": "160.48"}, {"price": "0.97", "size": "94.65"}, {"price": "0.96", "size": "9.25"}, {"price": "0.95", "size": "5.47"}], "event_type": "book", "last_trade_price": ""}, {"market": "0xfaba55442a17a201a46f7ac19fd9394364f04959cdebfa420bc0c5ab2da00f59", "asset_id": "76829378806632943504106553503686063944439990588195206882350689917773385019771", "timestamp": "1769384442851", "hash": "ea7edf8861335d6eb1097b84d1a3ae15b45a5a6c", "bids": [{"price": "0.01", "size": "8888.99"}, {"price": "0.02", "size": "2100"}, {"price": "0.03", "size": "9.24"}, {"price": "0.07", "size": "1700"}, {"price": "0.09", "size": "6.93"}, {"price": "0.1", "size": "700"}, {"price": "0.15", "size": "250"}, {"price": "0.2", "size": "400"}, {"price": "0.32", "size": "300"}, {"price": "0.36", "size": "200"}, {"price": "0.39", "size": "125"}, {"price": "0.42", "size": "75"}, {"price": "0.5", "size": "10"}, {"price": "0.51", "size": "1090.11"}, {"price": "0.52", "size": "890.11"}, {"price": "0.58", "size": "100"}, {"price": "0.64", "size": "10"}, {"price": "0.65", "size": "147"}], "asks": [{"price": "0.99", "size": "4442.84"}, {"price": "0.98", "size": "19.96"}, {"price": "0.94", "size": "500"}, {"price": "0.93", "size": "200"}, {"price": "0.91", "size": "1196.17"}, {"price": "0.9", "size": "890.11"}, {"price": "0.87", "size": "10"}, {"price": "0.82", "size": "150"}, {"price": "0.81", "size": "10"}], "event_type": "book", "last_trade_price": "0.610"}, {"market": "0xc1977bee61f67d9d6cea3f7b16d094896bdb1faefa0f9df9ea0a067daab48981", "asset_id": "9107106424097962766712091054809455692614685520938052843170925105261136451803", "timestamp": "1769383981299", "hash": "8a020cb7d39a7e15611bc2ca71bca612a5f8e4c3", "bids": [{"price": "0.01", "size": "11300.08"}, {"price": "0.02", "size": "1050.59"}, {"price": "0.03", "size": "81.65"}, {"price": "0.04", "size": "39.24"}], "asks": [{"price": "0.99", "size": "10402.72"}, {"price": "0.98", "size": "157.03"}, {"price": "0.97", "size": "23.71"}, {"price": "0.94", "size": "1140.11"}, {"price": "0.93", "size": "895.58"}], "event_type": "book", "last_trade_price": ""}, {"market": "0x1d6d4f714e1be97bfd2a112c13ced647780bd0829b3e545910c1091757b18c81", "asset_id": "33666667036043018404210254603112951549362289355609395556964374214631339766666", "timestamp": "1769383972889", "hash": "7db0dff9bbc5f18acb42c73c3ac0ff645565ac26", "bids": [{"price": "0.01", "size": "11341.33"}, {"price": "0.02", "size": "42.6"}, {"price": "0.06", "size": "250"}, {"price": "0.07", "size": "5.47"}], "asks": [{"price": "0.99", "size": "11347.92"}, {"price": "0.98", "size": "260.17"}, {"price": "0.97", "size": "52.57"}], "event_type": "book", "last_trade_price": ""}, {"market": "0xfaba55442a17a201a46f7ac19fd9394364f04959cdebfa420bc0c5ab2da00f59", "asset_id": "103206131584345534219777803662235735845312981950233075829729747631018349006817", "timestamp": "1769384442851", "hash": "219fd33fbd58b93849b047a2252abbc00ac8fced", "bids": [{"price": "0.01", "size": "4442.84"}, {"price": "0.02", "size": "19.96"}, {"price": "0.06", "size": "500"}, {"price": "0.07", "size": "200"}, {"price": "0.09", "size": "1196.17"}, {"price": "0.1", "size": "890.11"}, {"price": "0.13", "size": "10"}, {"price": "0.18", "size": "150"}, {"price": "0.19", "size": "10"}], "asks": [{"price": "0.99", "size": "8888.99"}, {"price": "0.98", "size": "2100"}, {"price": "0.97", "size": "9.24"}, {"price": "0.93", "size": "1700"}, {"price": "0.91", "size": "6.93"}, {"price": "0.9", "size": "700"}, {"price": "0.85", "size": "250"}, {"price": "0.8", "size": "400"}, {"price": "0.68", "size": "300"}, {"price": "0.64", "size": "200"}, {"price": "0.61", "size": "125"}, {"price": "0.58", "size": "75"}, {"price": "0.5", "size": "10"}, {"price": "0.49", "size": "1090.11"}, {"price": "0.48", "size": "890.11"}, {"price": "0.42", "size": "100"}, {"price": "0.36", "size": "10"}, {"price": "0.35", "size": "147"}], "event_type": "book", "last_trade_price": "0.610"}]}
{"_local_timestamp": "2026-01-25T23:41:27.147742+00:00", "data": {"market": "0xc1977bee61f67d9d6cea3f7b16d094896bdb1faefa0f9df9ea0a067daab48981", "price_changes": [{"asset_id": "9107106424097962766712091054809455692614685520938052843170925105261136451803", "price": "0.02", "size": "900.59", "side": "BUY", "hash": "e6a1d98f8973d3d915f8e1e21d6286c4bc96cdfd", "best_bid": "0.04", "best_ask": "0.93"}, {"asset_id": "78110974122162464943361433845382554746323675076814300820011415551303694081660", "price": "0.98", "size": "900.59", "side": "SELL", "hash": "d68cf7753b1f52bc5975c2e64237ebe36e37c24e", "best_bid": "0.07", "best_ask": "0.96"}], "timestamp": "1769384487000", "event_type": "price_change"}}
{"_local_timestamp": "2026-01-25T23:41:27.151123+00:00", "data": {"market": "0xc1977bee61f67d9d6cea3f7b16d094896bdb1faefa0f9df9ea0a067daab48981", "price_changes": [{"asset_id": "78110974122162464943361433845382554746323675076814300820011415551303694081660", "price": "0.02", "size": "7.03", "side": "BUY", "hash": "7a4d535993039f732c3a439b017f41c5444b48be", "best_bid": "0.07", "best_ask": "0.96"}, {"asset_id": "9107106424097962766712091054809455692614685520938052843170925105261136451803", "price": "0.98", "size": "7.03", "side": "SELL", "hash": "8eb107dfe1e34176886c2332928c277cccc8a807", "best_bid": "0.04", "best_ask": "0.93"}], "timestamp": "1769384487001", "event_type": "price_change"}}
{"_local_timestamp": "2026-01-25T23:41:33.931371+00:00", "data": {"market": "0xc1977bee61f67d9d6cea3f7b16d094896bdb1faefa0f9df9ea0a067daab48981", "price_changes": [{"asset_id": "9107106424097962766712091054809455692614685520938052843170925105261136451803", "price": "0.02", "size": "1050.59", "side": "BUY", "hash": "5a9b99b895246ad7d0518e61a81021fecc3e689a", "best_bid": "0.04", "best_ask": "0.93"}, {"asset_id": "78110974122162464943361433845382554746323675076814300820011415551303694081660", "price": "0.98", "size": "1050.59", "side": "SELL", "hash": "4a57496f9fa967f151b77d761aaf2157350d8015", "best_bid": "0.07", "best_ask": "0.96"}], "timestamp": "1769384493776", "event_type": "price_change"}}
{"_local_timestamp": "2026-01-25T23:41:33.934384+00:00", "data": {"market": "0xc1977bee61f67d9d6cea3f7b16d094896bdb1faefa0f9df9ea0a067daab48981", "price_changes": [{"asset_id": "78110974122162464943361433845382554746323675076814300820011415551303694081660", "price": "0.02", "size": "157.03", "side": "BUY", "hash": "1b75034e7fedd4f555de8c4c315b757957a5f460", "best_bid": "0.07", "best_ask": "0.96"}, {"asset_id": "9107106424097962766712091054809455692614685520938052843170925105261136451803", "price": "0.98", "size": "157.03", "side": "SELL", "hash": "fd68b0f0cdad86f42afba0fdde6328329ea8b061", "best_bid": "0.04", "best_ask": "0.93"}], "timestamp": "1769384493778", "event_type": "price_change"}}
{"_local_timestamp": "2026-01-25T23:43:01.095491+00:00", "data": {"market": "0xfaba55442a17a201a46f7ac19fd9394364f04959cdebfa420bc0c5ab2da00f59", "price_changes": [{"asset_id": "76829378806632943504106553503686063944439990588195206882350689917773385019771", "price": "0.09", "size": "0", "side": "BUY", "hash": "991a261d496cc35a2d8cf3d08d41a98c2db5b026", "best_bid": "0.65", "best_ask": "0.81"}, {"asset_id": "103206131584345534219777803662235735845312981950233075829729747631018349006817", "price": "0.91", "size": "0", "side": "SELL", "hash": "fefd09817f2b2ed9ee730bf759b1f9f075ce23a0", "best_bid": "0.19", "best_ask": "0.35"}], "timestamp": "1769384580867", "event_type": "price_change"}}
{"_local_timestamp": "2026-01-25T23:43:01.298404+00:00", "data": {"market": "0xfaba55442a17a201a46f7ac19fd9394364f04959cdebfa420bc0c5ab2da00f59", "price_changes": [{"asset_id": "76829378806632943504106553503686063944439990588195206882350689917773385019771", "price": "0.11", "size": "1997.11", "side": "BUY", "hash": "de5cb83c26eb9239e60a06cd541786761da7db0c", "best_bid": "0.65", "best_ask": "0.81"}, {"asset_id": "103206131584345534219777803662235735845312981950233075829729747631018349006817", "price": "0.89", "size": "1997.11", "side": "SELL", "hash": "fc51c2a9a48ea94433a6a5b8eaf4aac43d3d5c22", "best_bid": "0.19", "best_ask": "0.35"}], "timestamp": "1769384581030", "event_type": "price_change"}}
{"_local_timestamp": "2026-01-25T23:43:01.299302+00:00", "data": {"market": "0xfaba55442a17a201a46f7ac19fd9394364f04959cdebfa420bc0c5ab2da00f59", "price_changes": [{"asset_id": "76829378806632943504106553503686063944439990588195206882350689917773385019771", "price": "0.11", "size": "2887.22", "side": "BUY", "hash": "6bd784a72456a9b8a6a0a3bc20b065f27b727083", "best_bid": "0.65", "best_ask": "0.81"}, {"asset_id": "103206131584345534219777803662235735845312981950233075829729747631018349006817", "price": "0.89", "size": "2887.22", "side": "SELL", "hash": "163662f03d474e8a91965b263bded07272e5a39f", "best_bid": "0.19", "best_ask": "0.35"}], "timestamp": "1769384581031", "event_type": "price_change"}}
{"_local_timestamp": "2026-01-25T23:43:01.300040+00:00", "data": {"market": "0xfaba55442a17a201a46f7ac19fd9394364f04959cdebfa420bc0c5ab2da00f59", "price_changes": [{"asset_id": "76829378806632943504106553503686063944439990588195206882350689917773385019771", "price": "0.11", "size": "4157.32", "side": "BUY", "hash": "092f9d8bf7fbd19450954d76ef6d84d6ff90aed8", "best_bid": "0.65", "best_ask": "0.81"}, {"asset_id": "103206131584345534219777803662235735845312981950233075829729747631018349006817", "price": "0.89", "size": "4157.32", "side": "SELL", "hash": "16c1f1fc3d83d00367a32113d7412b8f67a57c2c", "best_bid": "0.19", "best_ask": "0.35"}], "timestamp": "1769384581031", "event_type": "price_change"}}
{"_local_timestamp": "2026-01-25T23:43:01.312513+00:00", "data": {"market": "0xfaba55442a17a201a46f7ac19fd9394364f04959cdebfa420bc0c5ab2da00f59", "price_changes": [{"asset_id": "76829378806632943504106553503686063944439990588195206882350689917773385019771", "price": "0.11", "size": "4162.99", "side": "BUY", "hash": "9f45febcc46e0efab736824b3441fd59bf6172f8", "best_bid": "0.65", "best_ask": "0.81"}, {"asset_id": "103206131584345534219777803662235735845312981950233075829729747631018349006817", "price": "0.89", "size": "4162.99", "side": "SELL", "hash": "6fec45f1784c8aa68ebcbf54f925af44390715cd", "best_bid": "0.19", "best_ask": "0.35"}], "timestamp": "1769384581075", "event_type": "price_change"}}
