{"_local_timestamp": "2026-01-25T23:41:29.012179+00:00", "data": [{"market": "0xd6482b74ce29e18581017f8364b840a8d5723d7cbb5c6c2363b36f0c556fd25d", "asset_id": "22425614994185906400113524375786294760407587220953520804264545528199207946312", "timestamp": "1769384488555", "hash": "98ef57394134634a1fd4fa07e7ce072807775c3c", "bids": [{"price": "0.01", "size": "10651.94"}, {"price": "0.02", "size": "400"}, {"price": "0.03", "size": "33.63"}, {"price": "0.11", "size": "1190.11"}, {"price": "0.12", "size": "890.11"}, {"price": "0.17", "size": "10"}, {"price": "0.18", "size": "1096.11"}, {"price": "0.19", "size": "5047.43"}], "asks": [{"price": "0.99", "size": "10742.81"}, {"price": "0.98", "size": "306.24"}, {"price": "0.97", "size": "400"}, {"price": "0.96", "size": "20.28"}, {"price": "0.87", "size": "1190.11"}, {"price": "0.86", "size": "890.11"}, {"price": "0.83", "size": "10"}, {"price": "0.75", "size": "190"}], "event_type": "book", "last_trade_price": ""}, {"market": "0xd6482b74ce29e18581017f8364b840a8d5723d7cbb5c6c2363b36f0c556fd25d", "asset_id": "28269408801821950904468284224553563376473043812295945624058951837085632306775", "timestamp": "1769384488555", "hash": "7dca77bc29e36a92b1dc013a3390d1185e986b4b", "bids": [{"price": "0.01", "size": "10742.81"}, {"price": "0.02", "size": "306.24"}, {"price": "0.03", "size": "400"}, {"price": "0.04", "size": "20.28"}, {"price": "0.13", "size": "1190.11"}, {"price": "0.14", "size": "890.11"}, {"price": "0.17", "size": "10"}, {"price": "0.25", "size": "190"}], "asks": [{"price": "0.99", "size": "10651.94"}, {"price": "0.98", "size": "400"}, {"price": "0.97", "size": "33.63"}, {"price": "0.89", "size": "1190.11"}, {"price": "0.88", "size": "890.11"}, {"price": "0.83", "size": "10"}, {"price": "0.82", "size": "1096.11"}, {"price": "0.81", "size": "5047.43"}], "event_type": "book", "last_trade_price": ""}]}
{"_local_timestamp": "2026-01-25T23:41:32.478323+00:00", "data": {"market": "0xd6482b74ce29e18581017f8364b840a8d5723d7cbb5c6c2363b36f0c556fd25d", "price_changes": [{"asset_id": "22425614994185906400113524375786294760407587220953520804264545528199207946312", "price": "0.18", "size": "946.11", "side": "BUY", "hash": "80acf8cccc4aca9939e14c20400eb2c1b61fe5df", "best_bid": "0.19", "best_ask": "0.75"}, {"asset_id": "28269408801821950904468284224553563376473043812295945624058951837085632306775", "price": "0.82", "size": "946.11", "side": "SELL", "hash": "02981fd378c4dfa9f379a9a3418d7c1cb5be3df4", "best_bid": "0.25", "best_ask": "0.81"}], "timestamp": "1769384492413", "event_type": "price_change"}}
{"_local_timestamp": "2026-01-25T23:41:32.602441+00:00", "data": {"market": "0xd6482b74ce29e18581017f8364b840a8d5723d7cbb5c6c2363b36f0c556fd25d", "price_changes": [{"asset_id": "22425614994185906400113524375786294760407587220953520804264545528199207946312", "price": "0.19", "size": "890.11", "side": "BUY", "hash": "0c9c5d913fa1469784dc7a372ca51ab62d1bb049", "best_bid": "0.19", "best_ask": "0.75"}, {"asset_id": "28269408801821950904468284224553563376473043812295945624058951837085632306775", "price": "0.81", "size": "890.11", "side": "SELL", "hash": "088233402ffb05839396cd03807ed18c85e14363", "best_bid": "0.25", "best_ask": "0.81"}], "timestamp": "1769384492505", "event_type": "price_change"}}
{"_local_timestamp": "2026-01-25T23:41:36.161398+00:00", "data": {"market": "0xd6482b74ce29e18581017f8364b840a8d5723d7cbb5c6c2363b36f0c556fd25d", "price_changes": [{"asset_id": "22425614994185906400113524375786294760407587220953520804264545528199207946312", "price": "0.2", "size": "150", "side": "BUY", "hash": "9ecd50dc6e157d71679e0580c90b94c037f9cc49", "best_bid": "0.2", "best_ask": "0.75"}, {"asset_id": "28269408801821950904468284224553563376473043812295945624058951837085632306775", "price": "0.8", "size": "150", "side": "SELL", "hash": "cf2b98fd53c4ac70c0f24a2318e8d3fe0a5daf55", "best_bid": "0.25", "best_ask": "0.8"}], "timestamp": "1769384496071", "event_type": "price_change"}}
{"_local_timestamp": "2026-01-25T23:41:36.220760+00:00", "data": {"market": "0xd6482b74ce29e18581017f8364b840a8d5723d7cbb5c6c2363b36f0c556fd25d", "price_changes": [{"asset_id": "22425614994185906400113524375786294760407587220953520804264545528199207946312", "price": "0.19", "size": "0", "side": "BUY", "hash": "20c1f337e825c210ad8da075530a391c9a83fd2f", "best_bid": "0.2", "best_ask": "0.75"}, {"asset_id": "28269408801821950904468284224553563376473043812295945624058951837085632306775", "price": "0.81", "size": "0", "side": "SELL", "hash": "b5eea13479aabcd44e5e3cb3675b98b4ee356203", "best_bid": "0.25", "best_ask": "0.8"}], "timestamp": "1769384496144", "event_type": "price_change"}}
{"_local_timestamp": "2026-01-25T23:41:36.222093+00:00", "data": {"market": "0xd6482b74ce29e18581017f8364b840a8d5723d7cbb5c6c2363b36f0c556fd25d", "price_changes": [{"asset_id": "22425614994185906400113524375786294760407587220953520804264545528199207946312", "price": "0.18", "size": "56", "side": "BUY", "hash": "20c1f337e825c210ad8da075530a391c9a83fd2f", "best_bid": "0.2", "best_ask": "0.75"}, {"asset_id": "28269408801821950904468284224553563376473043812295945624058951837085632306775", "price": "0.82", "size": "56", "side": "SELL", "hash": "b5eea13479aabcd44e5e3cb3675b98b4ee356203", "best_bid": "0.25", "best_ask": "0.8"}], "timestamp": "1769384496144", "event_type": "price_change"}}
{"_local_timestamp": "2026-01-25T23:41:36.249429+00:00", "data": {"market": "0xd6482b74ce29e18581017f8364b840a8d5723d7cbb5c6c2363b36f0c556fd25d", "price_changes": [{"asset_id": "22425614994185906400113524375786294760407587220953520804264545528199207946312", "price": "0.18", "size": "0", "side": "BUY", "hash": "9abe4e1ca47f18208b7795e30f81c23217f0dd05", "best_bid": "0.2", "best_ask": "0.75"}, {"asset_id": "28269408801821950904468284224553563376473043812295945624058951837085632306775", "price": "0.82", "size": "0", "side": "SELL", "hash": "21972c93341879a8332bcec29838eca34bc23ac0", "best_bid": "0.25", "best_ask": "0.8"}], "timestamp": "1769384496174", "event_type": "price_change"}}
{"_local_timestamp": "2026-01-25T23:41:36.313963+00:00", "data": {"market": "0xd6482b74ce29e18581017f8364b840a8d5723d7cbb5c6c2363b36f0c556fd25d", "price_changes": [{"asset_id": "22425614994185906400113524375786294760407587220953520804264545528199207946312", "price": "0.2", "size": "200", "side": "BUY", "hash": "472c718a5611bc8812cd616fcea2f7862a204c6d", "best_bid": "0.2", "best_ask": "0.75"}, {"asset_id": "28269408801821950904468284224553563376473043812295945624058951837085632306775", "price": "0.8", "size": "200", "side": "SELL", "hash": "6218b998d1715def9fd2dd02f9bc3ced6170e282", "best_bid": "0.25", "best_ask": "0.8"}], "timestamp": "1769384496232", "event_type": "price_change"}}
