{"_local_timestamp": "2026-01-25T23:34:18.025791+00:00", "data": [{"market": "0xfbe6fb7c4fd16d7482ea90b7d0d1d7b19bb5e4a712509793e8c2df6bc3693870", "asset_id": "67378810577527070972744767795365201302059102892754756806873586464189616032168", "timestamp": "1769383926621", "hash": "96705209a49cea8e7156835604dde49d4895dd5e", "bids": [{"price": "0.01", "size": "2889.88"}, {"price": "0.02", "size": "2100"}, {"price": "0.03", "size": "8.11"}, {"price": "0.07", "size": "1700"}, {"price": "0.08", "size": "400"}, {"price": "0.09", "size": "7.3"}, {"price": "0.15", "size": "500"}, {"price": "0.16", "size": "250"}, {"price": "0.34", "size": "300"}, {"price": "0.38", "size": "200"}, {"price": "0.41", "size": "125"}, {"price": "0.44", "size": "75"}, {"price": "0.5", "size": "20"}, {"price": "0.59", "size": "50"}, {"price": "0.63", "size": "150"}, {"price": "0.64", "size": "120.83"}, {"price": "0.65", "size": "6"}], "asks": [{"price": "0.99", "size": "685.41"}, {"price": "0.98", "size": "6.8"}, {"price": "0.97", "size": "250"}, {"price": "0.96", "size": "20.24"}, {"price": "0.88", "size": "300"}, {"price": "0.87", "size": "200"}, {"price": "0.86", "size": "125"}, {"price": "0.84", "size": "75"}, {"price": "0.82", "size": "10"}, {"price": "0.78", "size": "50"}, {"price": "0.77", "size": "143"}], "event_type": "book", "last_trade_price": "0.670"}, {"market": "0x4f2318966d1d911047658a77c4719eefb2e3cd5ec6a7eb6d83451769b4bfdc4a", "asset_id": "55322150396378295991235003633576671989946519475450886795154531651989281028545", "timestamp": "1769379667333", "hash": "d3a531aebefd779e52cd69f1506fb28f02937a9a", "bids": [{"price": "0.01", "size": "201.38"}, {"price": "0.02", "size": "260.17"}, {"price": "0.03", "size": "52.57"}], "asks": [{"price": "0.99", "size": "201.38"}, {"price": "0.98", "size": "100.17"}, {"price": "0.97", "size": "58.04"}], "event_type": "book", "last_trade_price": ""}, {"market": "0x4f2318966d1d911047658a77c4719eefb2e3cd5ec6a7eb6d83451769b4bfdc4a", "asset_id": "51269927822845915397874154556601405090417191419575563290671322824166293500401", "timestamp": "1769379667333", "hash": "a283fb08474aca1d324ee3308e7145d6a9ade097", "bids": [{"price": "0.01", "size": "201.38"}, {"price": "0.02", "size": "100.17"}, {"price": "0.03", "size": "58.04"}], "asks": [{"price": "0.99", "size": "201.38"}, {"price": "0.98", "size": "260.17"}, {"price": "0.97", "size": "52.57"}], "event_type": "book", "last_trade_price": ""}, {"market": "0x0d06e30e9f153b914ffb633ab5421ee642a71bfe69425ba75752aeff67b12bdb", "asset_id": "29617751314026374328654225436370472560110271693807818896669859460474300824051", "timestamp": "1769383824398", "hash": "4c2de5ac61f07d2dea8ad1ccd42915143552eb2b", "bids": [{"price": "0.01", "size": "253.59"}, {"price": "0.02", "size": "160.48"}, {"price": "0.03", "size": "84.65"}, {"price": "0.04", "size": "9.25"}, {"price": "0.05", "size": "5.47"}], "asks": [{"price": "0.99", "size": "253.54"}, {"price": "0.98", "size": "160.48"}, {"price": "0.97", "size": "85.65"}, {"price": "0.96", "size": "39.24"}], "event_type": "book", "last_trade_price": ""}, {"market": "0xab7cf16e7512fdfa7c82bf20948d23abcdc9df8b3e989428f05d613cfcf54354", "asset_id": "89960116666128494323588624450031313599543895729843144320701171327110792182724", "timestamp": "1769383946637", "hash": "8c925a46a8699e0054af14a49529db7afa3417ae", "bids": [{"price": "0.01", "size": "186.37"}, {"price": "0.02", "size": "5.91"}, {"price": "0.03", "size": "250"}, {"price": "0.04", "size": "20.45"}, {"price": "0.25", "size": "800"}, {"price": "0.26", "size": "200"}, {"price": "0.27", "size": "349"}], "asks": [{"price": "0.99", "size": "202.08"}, {"price": "0.98", "size": "20.46"}, {"price": "0.97", "size": "15"}, {"price": "0.96", "size": "9.25"}, {"price": "0.95", "size": "5.47"}], "event_type": "book", "last_trade_price": ""}, {"market": "0x1ce7cb7e1f55b21bcd0535a2e4645ee3d50b3456fdcc8e412c34b4419d2aa7cd", "asset_id": "999093452326295699764484983280573656083160274972318267036779745606355351908", "timestamp": "1769383824050", "hash": "e41ace5e3f17bee8454dfe284e721e97896c3338", "bids": [{"price": "0.01", "size": "202.04"}, {"price": "0.02", "size": "160.48"}, {"price": "0.03", "size": "86.65"}, {"price": "0.04", "size": "39.24"}], "asks": [{"price": "0.99", "size": "193.28"}, {"price": "0.98", "size": "248.94"}, {"price": "0.97", "size": "22.94"}, {"price": "0.96", "size": "5.47"}], "event_type": "book", "last_trade_price": ""}, {"market": "0xab7cf16e7512fdfa7c82bf20948d23abcdc9df8b3e989428f05d613cfcf54354", "asset_id": "26694422228704253445992829245152017984860059805878639008116428764060631185077", "timestamp": "1769383946637", "hash": "332b8d15299f6ea50d18b70c9471b193d6b05ea0", "bids": [{"price": "0.01", "size": "202.08"}, {"price": "0.02", "size": "20.46"}, {"price": "0.03", "size": "15"}, {"price": "0.04", "size": "9.25"}, {"price": "0.05", "size": "5.47"}], "asks": [{"price": "0.99", "size": "186.37"}, {"price": "0.98", "size": "5.91"}, {"price": "0.97", "size": "250"}, {"price": "0.96", "size": "20.45"}, {"price": "0.75", "size": "800"}, {"price": "0.74", "size": "200"}, {"price": "0.73", "size": "349"}], "event_type": "book", "last_trade_price": ""}, {"market": "0xfbe6fb7c4fd16d7482ea90b7d0d1d7b19bb5e4a712509793e8c2df6bc3693870", "asset_id": "5074774964436566924334319836271529519849765235322159309891651323138989091656", "timestamp": "1769383926621", "hash": "b650dabfbc93ff1adca4c2da7bf4dc55e99954bd", "bids": [{"price": "0.01", "size": "685.41"}, {"price": "0.02", "size": "6.8"}, {"price": "0.03", "size": "250"}, {"price": "0.04", "size": "20.24"}, {"price": "0.12", "size": "300"}, {"price": "0.13", "size": "200"}, {"price": "0.14", "size": "125"}, {"price": "0.16", "size": "75"}, {"price": "0.18", "size": "10"}, {"price": "0.22", "size": "50"}, {"price": "0.23", "size": "143"}], "asks": [{"price": "0.99", "size": "2889.88"}, {"price": "0.98", "size": "2100"}, {"price": "0.97", "size": "8.11"}, {"price": "0.93", "size": "1700"}, {"price": "0.92", "size": "400"}, {"price": "0.91", "size": "7.3"}, {"price": "0.85", "size": "500"}, {"price": "0.84", "size": "250"}, {"price": "0.66", "size": "300"}, {"price": "0.62", "size": "200"}, {"price": "0.59", "size": "125"}, {"price": "0.56", "size": "75"}, {"price": "0.5", "size": "20"}, {"price": "0.41", "size": "50"}, {"price": "0.37", "size": "150"}, {"price": "0.36", "size": "120.83"}, {"price": "0.35", "size": "6"}], "event_type": "book", "last_trade_price": "0.670"}, {"market": "0x0d06e30e9f153b914ffb633ab5421ee642a71bfe69425ba75752aeff67b12bdb", "asset_id": "43227565815878319195568051758851398658578588239517374952722059811781298835522", "timestamp": "1769383824398", "hash": "76bfc4528271ae9b0a21879defb1c0811e455f59", "bids": [{"price": "0.01", "size": "253.54"}, {"price": "0.02", "size": "160.48"}, {"price": "0.03", "size": "85.65"}, {"price": "0.04", "size": "39.24"}], "asks": [{"price": "0.99", "size": "253.59"}, {"price": "0.98", "size": "160.48"}, {"price": "0.97", "size": "84.65"}, {"price": "0.96", "size": "9.25"}, {"price": "0.95", "size": "5.47"}], "event_type": "book", "last_trade_price": ""}, {"market": "0x1ce7cb7e1f55b21bcd0535a2e4645ee3d50b3456fdcc8e412c34b4419d2aa7cd", "asset_id": "27902107709066487738161141460944976085267944595034678592701932004733312636395", "timestamp": "1769383824050", "hash": "72b8e1bf607f87099d7ec69c87fbd2859dfda9d9", "bids": [{"price": "0.01", "size": "193.28"}, {"price": "0.02", "size": "248.94"}, {"price": "0.03", "size": "22.94"}, {"price": "0.04", "size": "5.47"}], "asks": [{"price": "0.99", "size": "202.04"}, {"price": "0.98", "size": "160.48"}, {"price": "0.97", "size": "86.65"}, {"price": "0.96", "size": "39.24"}], "event_type": "book", "last_trade_price": ""}]}
{"_local_timestamp": "2026-01-25T23:34:35.906287+00:00", "data": {"market": "0x1ce7cb7e1f55b21bcd0535a2e4645ee3d50b3456fdcc8e412c34b4419d2aa7cd", "price_changes": [{"asset_id": "27902107709066487738161141460944976085267944595034678592701932004733312636395", "price": "0.05", "size": "23.99", "side": "BUY", "hash": "abf8a234231b0a6a6b8a9bac566eb465d2e8e589", "best_bid": "0.05", "best_ask": "0.96"}, {"asset_id": "999093452326295699764484983280573656083160274972318267036779745606355351908", "price": "0.95", "size": "23.99", "side": "SELL", "hash": "aade9721f0cb9ff3f9148ac0214fd24b9564d066", "best_bid": "0.04", "best_ask": "0.95"}], "timestamp": "1769384075688", "event_type": "price_change"}}
{"_local_timestamp": "2026-01-25T23:34:39.007567+00:00", "data": {"market": "0x1ce7cb7e1f55b21bcd0535a2e4645ee3d50b3456fdcc8e412c34b4419d2aa7cd", "price_changes": [{"asset_id": "27902107709066487738161141460944976085267944595034678592701932004733312636395", "price": "0.04", "size": "0", "side": "BUY", "hash": "59affe54e2455ce464af3883f0c005e851141300", "best_bid": "0.05", "best_ask": "0.96"}, {"asset_id": "999093452326295699764484983280573656083160274972318267036779745606355351908", "price": "0.96", "size": "0", "side": "SELL", "hash": "90f8f58e7f6aec0dca22adfd610090ee6611208a", "best_bid": "0.04", "best_ask": "0.95"}], "timestamp": "1769384078926", "event_type": "price_change"}}
{"_local_timestamp": "2026-01-25T23:34:39.379344+00:00", "data": {"market": "0x1ce7cb7e1f55b21bcd0535a2e4645ee3d50b3456fdcc8e412c34b4419d2aa7cd", "price_changes": [{"asset_id": "27902107709066487738161141460944976085267944595034678592701932004733312636395", "price": "0.06", "size": "5.47", "side": "BUY", "hash": "394eb94e3ababed15a704381e1efb8136611744e", "best_bid": "0.06", "best_ask": "0.96"}, {"asset_id": "999093452326295699764484983280573656083160274972318267036779745606355351908", "price": "0.94", "size": "5.47", "side": "SELL", "hash": "445187edcfeeacf1b3e1038bd0dd66f78610e851", "best_bid": "0.04", "best_ask": "0.94"}], "timestamp": "1769384079248", "event_type": "price_change"}}
{"_local_timestamp": "2026-01-25T23:35:53.088874+00:00", "data": {"market": "0xfbe6fb7c4fd16d7482ea90b7d0d1d7b19bb5e4a712509793e8c2df6bc3693870", "price_changes": [{"asset_id": "5074774964436566924334319836271529519849765235322159309891651323138989091656", "price": "0.22", "size": "0", "side": "BUY", "hash": "3ebd87ffa16da16df280f76bc7f0f88cfeca1688", "best_bid": "0.23", "best_ask": "0.35"}, {"asset_id": "67378810577527070972744767795365201302059102892754756806873586464189616032168", "price": "0.78", "size": "0", "side": "SELL", "hash": "8f534cc7e2768f6d4a4ba8f3396a94c3e17e4bfa", "best_bid": "0.65", "best_ask": "0.77"}], "timestamp": "1769384153000", "event_type": "price_change"}}
{"_local_timestamp": "2026-01-25T23:35:58.543168+00:00", "data": {"market": "0xfbe6fb7c4fd16d7482ea90b7d0d1d7b19bb5e4a712509793e8c2df6bc3693870", "price_changes": [{"asset_id": "5074774964436566924334319836271529519849765235322159309891651323138989091656", "price": "0.23", "size": "0", "side": "BUY", "hash": "4b48125670088260146895dd09e4c439eb482ddc", "best_bid": "0.18", "best_ask": "0.35"}, {"asset_id": "67378810577527070972744767795365201302059102892754756806873586464189616032168", "price": "0.77", "size": "0", "side": "SELL", "hash": "d14e5710877fbf07ce6e6ce71799709a1975fa3e", "best_bid": "0.65", "best_ask": "0.82"}], "timestamp": "1769384158473", "event_type": "price_change"}}
{"_local_timestamp": "2026-01-25T23:35:58.889770+00:00", "data": {"market": "0xfbe6fb7c4fd16d7482ea90b7d0d1d7b19bb5e4a712509793e8c2df6bc3693870", "price_changes": [{"asset_id": "5074774964436566924334319836271529519849765235322159309891651323138989091656", "price": "0.19", "size": "143", "side": "BUY", "hash": "5c0c58a7fbf5c355c15f3b5bef46fe45246abe1c", "best_bid": "0.19", "best_ask": "0.35"}, {"asset_id": "67378810577527070972744767795365201302059102892754756806873586464189616032168", "price": "0.81", "size": "143", "side": "SELL", "hash": "9c95e84f30984dfcdf405c86334bd72321845cb0", "best_bid": "0.65", "best_ask": "0.81"}], "timestamp": "1769384158815", "event_type": "price_change"}}
{"_local_timestamp": "2026-01-25T23:35:59.038962+00:00", "data": {"market": "0xfbe6fb7c4fd16d7482ea90b7d0d1d7b19bb5e4a712509793e8c2df6bc3693870", "price_changes": [{"asset_id": "5074774964436566924334319836271529519849765235322159309891651323138989091656", "price": "0.19", "size": "173", "side": "BUY", "hash": "8909837a2537a801f3223d14ce0306e077486a5f", "best_bid": "0.19", "best_ask": "0.35"}, {"asset_id": "67378810577527070972744767795365201302059102892754756806873586464189616032168", "price": "0.81", "size": "173", "side": "SELL", "hash": "066d3fa866b3d834e09a7cb4d6eb77a8bafeebc3", "best_bid": "0.65", "best_ask": "0.81"}], "timestamp": "1769384158971", "event_type": "price_change"}}
{"_local_timestamp": "2026-01-25T23:36:04.047153+00:00", "data": {"market": "0xfbe6fb7c4fd16d7482ea90b7d0d1d7b19bb5e4a712509793e8c2df6bc3693870", "price_changes": [{"asset_id": "5074774964436566924334319836271529519849765235322159309891651323138989091656", "price": "0.19", "size": "30", "side": "BUY", "hash": "ee11e461e8f5e4f679c51756815a99afb49103dc", "best_bid": "0.19", "best_ask": "0.35"}, {"asset_id": "67378810577527070972744767795365201302059102892754756806873586464189616032168", "price": "0.81", "size": "30", "side": "SELL", "hash": "34aa08db302dde29fc4b1a9c6cc73b2547f6ae8d", "best_bid": "0.65", "best_ask": "0.81"}], "timestamp": "1769384163975", "event_type": "price_change"}}
{"_local_timestamp": "2026-01-25T23:36:04.281128+00:00", "data": {"market": "0xfbe6fb7c4fd16d7482ea90b7d0d1d7b19bb5e4a712509793e8c2df6bc3693870", "price_changes": [{"asset_id": "5074774964436566924334319836271529519849765235322159309891651323138989091656", "price": "0.2", "size": "143", "side": "BUY", "hash": "24ad5ac9bf72792d68c295deb1df2e10ab3cf3dd", "best_bid": "0.2", "best_ask": "0.35"}, {"asset_id": "67378810577527070972744767795365201302059102892754756806873586464189616032168", "price": "0.8", "size": "143", "side": "SELL", "hash": "675ab0a633ffbbef513997e720fbeb2a0745a613", "best_bid": "0.65", "best_ask": "0.8"}], "timestamp": "1769384164212", "event_type": "price_change"}}
{"_local_timestamp": "2026-01-25T23:36:04.630435+00:00", "data": {"market": "0x1ce7cb7e1f55b21bcd0535a2e4645ee3d50b3456fdcc8e412c34b4419d2aa7cd", "price_changes": [{"asset_id": "27902107709066487738161141460944976085267944595034678592701932004733312636395", "price": "0.05", "size": "0", "side": "BUY", "hash": "f1a493226c0608c1f83bf6d1a509504e837e6e61", "best_bid": "0.06", "best_ask": "0.96"}, {"asset_id": "999093452326295699764484983280573656083160274972318267036779745606355351908", "price": "0.95", "size": "0", "side": "SELL", "hash": "500559a67b2691b8e96093d5afaa9eb870735f0d", "best_bid": "0.04", "best_ask": "0.94"}], "timestamp": "1769384164564", "event_type": "price_change"}}
{"_local_timestamp": "2026-01-25T23:36:05.234025+00:00", "data": {"market": "0xfbe6fb7c4fd16d7482ea90b7d0d1d7b19bb5e4a712509793e8c2df6bc3693870", "price_changes": [{"asset_id": "5074774964436566924334319836271529519849765235322159309891651323138989091656", "price": "0.19", "size": "0", "side": "BUY", "hash": "a6b7b9be611dab5345683a39da0074019f9586bc", "best_bid": "0.2", "best_ask": "0.35"}, {"asset_id": "67378810577527070972744767795365201302059102892754756806873586464189616032168", "price": "0.81", "size": "0", "side": "SELL", "hash": "02b0a803d4627ae32e9ebc945a116ffb0ca263e7", "best_bid": "0.65", "best_ask": "0.8"}], "timestamp": "1769384165154", "event_type": "price_change"}}
{"_local_timestamp": "2026-01-25T23:36:05.281133+00:00", "data": {"market": "0xfbe6fb7c4fd16d7482ea90b7d0d1d7b19bb5e4a712509793e8c2df6bc3693870", "price_changes": [{"asset_id": "5074774964436566924334319836271529519849765235322159309891651323138989091656", "price": "0.2", "size": "173", "side": "BUY", "hash": "c845946a424d1a30ea909b0043624d111868e5fb", "best_bid": "0.2", "best_ask": "0.35"}, {"asset_id": "67378810577527070972744767795365201302059102892754756806873586464189616032168", "price": "0.8", "size": "173", "side": "SELL", "hash": "fd4aadba3b62a4995bf4db5744641bea4ce9ed5a", "best_bid": "0.65", "best_ask": "0.8"}], "timestamp": "1769384165217", "event_type": "price_change"}}
{"_local_timestamp": "2026-01-25T23:36:05.906604+00:00", "data": {"market": "0x1ce7cb7e1f55b21bcd0535a2e4645ee3d50b3456fdcc8e412c34b4419d2aa7cd", "price_changes": [{"asset_id": "27902107709066487738161141460944976085267944595034678592701932004733312636395", "price": "0.06", "size": "0", "side": "BUY", "hash": "f5cf40398fd778f6772bd322378d3c4f9cd40e99", "best_bid": "0.03", "best_ask": "0.96"}, {"asset_id": "999093452326295699764484983280573656083160274972318267036779745606355351908", "price": "0.94", "size": "0", "side": "SELL", "hash": "5568e6db236f8109cee4db227e5e34d78aab0c28", "best_bid": "0.04", "best_ask": "0.97"}], "timestamp": "1769384165832", "event_type": "price_change"}}
{"_local_timestamp": "2026-01-25T23:36:05.955089+00:00", "data": {"market": "0x1ce7cb7e1f55b21bcd0535a2e4645ee3d50b3456fdcc8e412c34b4419d2aa7cd", "price_changes": [{"asset_id": "27902107709066487738161141460944976085267944595034678592701932004733312636395", "price": "0.04", "size": "5.47", "side": "BUY", "hash": "0e251dff12efe5c576ef481368fd448412e03482", "best_bid": "0.04", "best_ask": "0.96"}, {"asset_id": "999093452326295699764484983280573656083160274972318267036779745606355351908", "price": "0.96", "size": "5.47", "side": "SELL", "hash": "01b751e3085ac961fa567d0f062646f65aacd63a", "best_bid": "0.04", "best_ask": "0.96"}], "timestamp": "1769384165880", "event_type": "price_change"}}
{"_local_timestamp": "2026-01-25T23:36:09.438978+00:00", "data": {"market": "0xfbe6fb7c4fd16d7482ea90b7d0d1d7b19bb5e4a712509793e8c2df6bc3693870", "price_changes": [{"asset_id": "5074774964436566924334319836271529519849765235322159309891651323138989091656", "price": "0.2", "size": "30", "side": "BUY", "hash": "6bd35322e787802d49fa0baab8927000caf7677e", "best_bid": "0.2", "best_ask": "0.35"}, {"asset_id": "67378810577527070972744767795365201302059102892754756806873586464189616032168", "price": "0.8", "size": "30", "side": "SELL", "hash": "038ca1718bb0eef54d50b820346a64efb086658c", "best_bid": "0.65", "best_ask": "0.8"}], "timestamp": "1769384169364", "event_type": "price_change"}}
{"_local_timestamp": "2026-01-25T23:36:09.831259+00:00", "data": {"market": "0xfbe6fb7c4fd16d7482ea90b7d0d1d7b19bb5e4a712509793e8c2df6bc3693870", "price_changes": [{"asset_id": "5074774964436566924334319836271529519849765235322159309891651323138989091656", "price": "0.21", "size": "143", "side": "BUY", "hash": "9e3816843d820c4d7ca7aff511b516ff39cab706", "best_bid": "0.21", "best_ask": "0.35"}, {"asset_id": "67378810577527070972744767795365201302059102892754756806873586464189616032168", "price": "0.79", "size": "143", "side": "SELL", "hash": "be3100b7b7bded0e44328c92ca981b5e8e07ded1", "best_bid": "0.65", "best_ask": "0.79"}], "timestamp": "1769384169753", "event_type": "price_change"}}
{"_local_timestamp": "2026-01-25T23:36:10.118561+00:00", "data": {"market": "0xfbe6fb7c4fd16d7482ea90b7d0d1d7b19bb5e4a712509793e8c2df6bc3693870", "price_changes": [{"asset_id": "5074774964436566924334319836271529519849765235322159309891651323138989091656", "price": "0.2", "size": "0", "side": "BUY", "hash": "c42df407415635e936e6ffe917eab94d42d45277", "best_bid": "0.21", "best_ask": "0.35"}, {"asset_id": "67378810577527070972744767795365201302059102892754756806873586464189616032168", "price": "0.8", "size": "0", "side": "SELL", "hash": "a9c4bde5c4323246b40a1d10f019c31321fac6ce", "best_bid": "0.65", "best_ask": "0.79"}], "timestamp": "1769384170046", "event_type": "price_change"}}
{"_local_timestamp": "2026-01-25T23:36:10.157156+00:00", "data": {"market": "0xfbe6fb7c4fd16d7482ea90b7d0d1d7b19bb5e4a712509793e8c2df6bc3693870", "price_changes": [{"asset_id": "5074774964436566924334319836271529519849765235322159309891651323138989091656", "price": "0.16", "size": "105", "side": "BUY", "hash": "cbf7fedd657f172d8317e88601a5952bf7fffb09", "best_bid": "0.21", "best_ask": "0.35"}, {"asset_id": "67378810577527070972744767795365201302059102892754756806873586464189616032168", "price": "0.84", "size": "105", "side": "SELL", "hash": "353955667f03461bdd3fcbd3520df3d24986b579", "best_bid": "0.65", "best_ask": "0.79"}], "timestamp": "1769384170091", "event_type": "price_change"}}
{"_local_timestamp": "2026-01-25T23:36:11.122521+00:00", "data": {"market": "0xfbe6fb7c4fd16d7482ea90b7d0d1d7b19bb5e4a712509793e8c2df6bc3693870", "price_changes": [{"asset_id": "5074774964436566924334319836271529519849765235322159309891651323138989091656", "price": "0.16", "size": "75", "side": "BUY", "hash": "1de034f90c0a55752a52df910facb69894748ca0", "best_bid": "0.21", "best_ask": "0.35"}, {"asset_id": "67378810577527070972744767795365201302059102892754756806873586464189616032168", "price": "0.84", "size": "75", "side": "SELL", "hash": "a30c0b9cd25724a32c7ce1b96a35334c16a91a4c", "best_bid": "0.65", "best_ask": "0.79"}], "timestamp": "1769384171011", "event_type": "price_change"}}
{"_local_timestamp": "2026-01-25T23:36:14.984097+00:00", "data": {"market": "0xfbe6fb7c4fd16d7482ea90b7d0d1d7b19bb5e4a712509793e8c2df6bc3693870", "price_changes": [{"asset_id": "5074774964436566924334319836271529519849765235322159309891651323138989091656", "price": "0.21", "size": "0", "side": "BUY", "hash": "2c3bd1eb310a6a6345ad68b68700cc1896e7266f", "best_bid": "0.18", "best_ask": "0.35"}, {"asset_id": "67378810577527070972744767795365201302059102892754756806873586464189616032168", "price": "0.79", "size": "0", "side": "SELL", "hash": "b2629fca4b97c5d0b70bdd59b89f6ceb071fec71", "best_bid": "0.65", "best_ask": "0.82"}], "timestamp": "1769384174911", "event_type": "price_change"}}
{"_local_timestamp": "2026-01-25T23:36:15.176997+00:00", "data": {"market": "0xfbe6fb7c4fd16d7482ea90b7d0d1d7b19bb5e4a712509793e8c2df6bc3693870", "price_changes": [{"asset_id": "5074774964436566924334319836271529519849765235322159309891651323138989091656", "price": "0.19", "size": "143", "side": "BUY", "hash": "6f86a80365bdfce85b6e86b5c35400efce3250a2", "best_bid": "0.19", "best_ask": "0.35"}, {"asset_id": "67378810577527070972744767795365201302059102892754756806873586464189616032168", "price": "0.81", "size": "143", "side": "SELL", "hash": "55e03a79558660ede6dba4fb015b2e0e17154433", "best_bid": "0.65", "best_ask": "0.81"}], "timestamp": "1769384175101", "event_type": "price_change"}}
{"_local_timestamp": "2026-01-25T23:36:15.342725+00:00", "data": {"market": "0xfbe6fb7c4fd16d7482ea90b7d0d1d7b19bb5e4a712509793e8c2df6bc3693870", "price_changes": [{"asset_id": "5074774964436566924334319836271529519849765235322159309891651323138989091656", "price": "0.19", "size": "173", "side": "BUY", "hash": "5d6c2dec90a862ecfaa7f4d78b23d39acbd9f4cc", "best_bid": "0.19", "best_ask": "0.35"}, {"asset_id": "67378810577527070972744767795365201302059102892754756806873586464189616032168", "price": "0.81", "size": "173", "side": "SELL", "hash": "986536459a4152d89fce3986c58fbf98bfffa8c8", "best_bid": "0.65", "best_ask": "0.81"}], "timestamp": "1769384175274", "event_type": "price_change"}}
{"_local_timestamp": "2026-01-25T23:36:20.326681+00:00", "data": {"market": "0xfbe6fb7c4fd16d7482ea90b7d0d1d7b19bb5e4a712509793e8c2df6bc3693870", "price_changes": [{"asset_id": "5074774964436566924334319836271529519849765235322159309891651323138989091656", "price": "0.19", "size": "30", "side": "BUY", "hash": "0e8ca079229c4821a8dffbc99aaf16d29373fc02", "best_bid": "0.19", "best_ask": "0.35"}, {"asset_id": "67378810577527070972744767795365201302059102892754756806873586464189616032168", "price": "0.81", "size": "30", "side": "SELL", "hash": "fe46368488377cd36b836b0216622319cf638f2a", "best_bid": "0.65", "best_ask": "0.81"}], "timestamp": "1769384180251", "event_type": "price_change"}}
{"_local_timestamp": "2026-01-25T23:36:20.627739+00:00", "data": {"market": "0xfbe6fb7c4fd16d7482ea90b7d0d1d7b19bb5e4a712509793e8c2df6bc3693870", "price_changes": [{"asset_id": "5074774964436566924334319836271529519849765235322159309891651323138989091656", "price": "0.2", "size": "143", "side": "BUY", "hash": "ea88f7c55922263ee62adfafed92bcde2ceff3a9", "best_bid": "0.2", "best_ask": "0.35"}, {"asset_id": "67378810577527070972744767795365201302059102892754756806873586464189616032168", "price": "0.8", "size": "143", "side": "SELL", "hash": "ca20976b660e0c7534558d579136f2c8850bdea3", "best_bid": "0.65", "best_ask": "0.8"}], "timestamp": "1769384180555", "event_type": "price_change"}}
{"_local_timestamp": "2026-01-25T23:36:20.834490+00:00", "data": {"market": "0xfbe6fb7c4fd16d7482ea90b7d0d1d7b19bb5e4a712509793e8c2df6bc3693870", "price_changes": [{"asset_id": "5074774964436566924334319836271529519849765235322159309891651323138989091656", "price": "0.19", "size": "0", "side": "BUY", "hash": "7c2cafcf7963fb91919582f23cb7d3be025fbe23", "best_bid": "0.2", "best_ask": "0.35"}, {"asset_id": "67378810577527070972744767795365201302059102892754756806873586464189616032168", "price": "0.81", "size": "0", "side": "SELL", "hash": "93f38b8e6313949a15d42e30ecd4c447d6222cd0", "best_bid": "0.65", "best_ask": "0.8"}], "timestamp": "1769384180765", "event_type": "price_change"}}
{"_local_timestamp": "2026-01-25T23:36:20.895559+00:00", "data": {"market": "0xfbe6fb7c4fd16d7482ea90b7d0d1d7b19bb5e4a712509793e8c2df6bc3693870", "price_changes": [{"asset_id": "5074774964436566924334319836271529519849765235322159309891651323138989091656", "price": "0.16", "size": "105", "side": "BUY", "hash": "fc0130759c268320220eed6c655dc4251162d09c", "best_bid": "0.2", "best_ask": "0.35"}, {"asset_id": "67378810577527070972744767795365201302059102892754756806873586464189616032168", "price": "0.84", "size": "105", "side": "SELL", "hash": "685b15a11388e819e8425cd96385b1172ecb5335", "best_bid": "0.65", "best_ask": "0.8"}], "timestamp": "1769384180827", "event_type": "price_change"}}
{"_local_timestamp": "2026-01-25T23:36:22.514523+00:00", "data": {"market": "0xfbe6fb7c4fd16d7482ea90b7d0d1d7b19bb5e4a712509793e8c2df6bc3693870", "price_changes": [{"asset_id": "5074774964436566924334319836271529519849765235322159309891651323138989091656", "price": "0.16", "size": "75", "side": "BUY", "hash": "8db291834fdc19d5219872918c3c18a2ece6766e", "best_bid": "0.2", "best_ask": "0.35"}, {"asset_id": "67378810577527070972744767795365201302059102892754756806873586464189616032168", "price": "0.84", "size": "75", "side": "SELL", "hash": "d67e20ca5e1c0d95eab0471c2e21fb6845efe8c5", "best_bid": "0.65", "best_ask": "0.8"}], "timestamp": "1769384182438", "event_type": "price_change"}}
{"_local_timestamp": "2026-01-25T23:36:22.568028+00:00", "data": {"market": "0xfbe6fb7c4fd16d7482ea90b7d0d1d7b19bb5e4a712509793e8c2df6bc3693870", "price_changes": [{"asset_id": "5074774964436566924334319836271529519849765235322159309891651323138989091656", "price": "0.2", "size": "173", "side": "BUY", "hash": "6da77834140f88ab550952facbb55be785f973c7", "best_bid": "0.2", "best_ask": "0.35"}, {"asset_id": "67378810577527070972744767795365201302059102892754756806873586464189616032168", "price": "0.8", "size": "173", "side": "SELL", "hash": "e60435cc6a6c8710946d1620380a9c67e300dddb", "best_bid": "0.65", "best_ask": "0.8"}], "timestamp": "1769384182500", "event_type": "price_change"}}
{"_local_timestamp": "2026-01-25T23:36:23.077981+00:00", "data": {"market": "0xab7cf16e7512fdfa7c82bf20948d23abcdc9df8b3e989428f05d613cfcf54354", "price_changes": [{"asset_id": "89960116666128494323588624450031313599543895729843144320701171327110792182724", "price": "0.27", "size": "299", "side": "BUY", "hash": "38ffa19797d71063838522cd20c8095ea69700ef", "best_bid": "0.27", "best_ask": "0.95"}, {"asset_id": "26694422228704253445992829245152017984860059805878639008116428764060631185077", "price": "0.73", "size": "299", "side": "SELL", "hash": "2e5b1d9c480004c4e77dd22900aac164eef6d7fb", "best_bid": "0.05", "best_ask": "0.73"}], "timestamp": "1769384183001", "event_type": "price_change"}}
