{"_local_timestamp": "2026-01-25T23:41:00.858729+00:00", "data": [{"market": "0x1ff63e738ed8ab47bba1e7246cd097bf41202c522487fc7d4199f034a916712c", "asset_id": "97401919948378504841777449049847191098326780409697253002173747722737694982404", "timestamp": "1769350324008", "hash": "083fcf4e2deb966cfe2edbaea55eac9bb38df34a", "bids": [], "asks": [], "event_type": "book", "last_trade_price": ""}, {"market": "0xd50f8612a2ba723efb0987807f3d4a3f882511c20d94fa6397e83cf64a37b8de", "asset_id": "40032923974211165988515641257051541409460007136734834378974879253280232040649", "timestamp": "1769350324008", "hash": "6114f88bbd679010cfdfdd54996306fc20c1a746", "bids": [], "asks": [], "event_type": "book", "last_trade_price": ""}, {"market": "0xc89814ccc1f7d5dd3a3549089a9dd5cd85cc1169c1fabdc052b7830f4e6514ed", "asset_id": "104629352444058461692308751981866595766521727325114582549469746341679465322355", "timestamp": "1769358437350", "hash": "573e4e7a6ec7e2412ff94ad689256f538b01136e", "bids": [{"price": "0.001", "size": "804"}], "asks": [{"price": "0.999", "size": "560"}], "event_type": "book", "last_trade_price": ""}, {"market": "0xfee468af3d83c5b202e8a1db65cd604d06795d767f3fbb9de16e3606ee8b0e89", "asset_id": "19769962162238164257613271541309964365472879317171848365221402496812528123231", "timestamp": "1769375508320", "hash": "abb588a57d294efd7f061c9f7a68c0bac5e311de", "bids": [{"price": "0.001", "size": "560"}], "asks": [{"price": "0.999", "size": "804"}, {"price": "0.998", "size": "25"}, {"price": "0.997", "size": "5.47"}], "event_type": "book", "last_trade_price": "0.010"}, {"market": "0xfee468af3d83c5b202e8a1db65cd604d06795d767f3fbb9de16e3606ee8b0e89", "asset_id": "15478135991697202455140222568328956056661883962413943923037700405231425116798", "timestamp": "1769375508320", "hash": "1c6848722f67ae948d28acef6559ad1707e7030c", "bids": [{"price": "0.001", "size": "804"}, {"price": "0.002", "size": "25"}, {"price": "0.003", "size": "5.47"}], "asks": [{"price": "0.999", "size": "560"}], "event_type": "book", "last_trade_price": "0.010"}, {"market": "0xc89814ccc1f7d5dd3a3549089a9dd5cd85cc1169c1fabdc052b7830f4e6514ed", "asset_id": "109852751450781782626810845109088922995165626280305432970269848934436456261312", "timestamp": "1769358437350", "hash": "9b24524e277c58c3465b82f5d91a1d43a5d81237", "bids": [{"price": "0.001", "size": "560"}], "asks": [{"price": "0.999", "size": "804"}], "event_type": "book", "last_trade_price": ""}, {"market": "0xd50f8612a2ba723efb0987807f3d4a3f882511c20d94fa6397e83cf64a37b8de", "asset_id": "54603296976894831691331658001859538034813390399687640878945845113782728072533", "timestamp": "1769350324008", "hash": "07c561b5ab23ef63b2dd25b710aa99caf18b1a6f", "bids": [], "asks": [], "event_type": "book", "last_trade_price": ""}, {"market": "0x1ff63e738ed8ab47bba1e7246cd097bf41202c522487fc7d4199f034a916712c", "asset_id": "72722915739427071968678931986848197595475936530767544222914991942090986752021", "timestamp": "1769350324008", "hash": "65429b24ccdceb35028d263e1aba4b213270b6f1", "bids": [], "asks": [], "event_type": "book", "last_trade_price": ""}]}
