{"_local_timestamp": "2026-01-25T23:34:18.025753+00:00", "data": [{"market": "0xe06383aa4b30ab8f25982ad9f3433a882ab7158c025aea74b9261b707c4b5786", "asset_id": "108236937702475621202419363921233686166678058831778636441270800964493525582012", "timestamp": "1769383982896", "hash": "a8e6b319beafa54305856b865fbe2231a59a5244", "bids": [{"price": "0.01", "size": "10448.82"}, {"price": "0.02", "size": "43.8"}, {"price": "0.03", "size": "5.47"}, {"price": "0.08", "size": "1140.11"}, {"price": "0.09", "size": "890.11"}], "asks": [{"price": "0.99", "size": "10455.24"}, {"price": "0.98", "size": "25.56"}, {"price": "0.96", "size": "1190.11"}, {"price": "0.95", "size": "896.12"}], "event_type": "book", "last_trade_price": ""}, {"market": "0xe06383aa4b30ab8f25982ad9f3433a882ab7158c025aea74b9261b707c4b5786", "asset_id": "6651394759920472978042923553916796215656198795275816239192660390954348434999", "timestamp": "1769383982896", "hash": "e30b242eb679d767bea220b895235973d7e0f85e", "bids": [{"price": "0.01", "size": "10455.24"}, {"price": "0.02", "size": "25.56"}, {"price": "0.04", "size": "1190.11"}, {"price": "0.05", "size": "896.12"}], "asks": [{"price": "0.99", "size": "10448.82"}, {"price": "0.98", "size": "43.8"}, {"price": "0.97", "size": "5.47"}, {"price": "0.92", "size": "1140.11"}, {"price": "0.91", "size": "890.11"}], "event_type": "book", "last_trade_price": ""}, {"market": "0xccdee999cde1ba2ac5038389d881c03ad57ded838f861a3df7b4ea98b166c1d8", "asset_id": "10917475682662859065334261029778185556243024964290946722549229945952002574051", "timestamp": "1769383860812", "hash": "fd2d36f773158d7a373e5e7909e8024da2103b8d", "bids": [{"price": "0.01", "size": "202.04"}, {"price": "0.02", "size": "160.48"}, {"price": "0.03", "size": "86.65"}, {"price": "0.04", "size": "39.24"}], "asks": [{"price": "0.99", "size": "199.79"}, {"price": "0.98", "size": "245.48"}, {"price": "0.97", "size": "23.08"}, {"price": "0.96", "size": "5.47"}], "event_type": "book", "last_trade_price": ""}, {"market": "0xb6747d8b3095e31dec4b58b98d301e5692d7103896ce38ea0272f2a88c4708d3", "asset_id": "8019510655598323215900967452983991119770590814173110403683203209229541090958", "timestamp": "1769384002023", "hash": "6bf8259401e0fa4f8491478f226a1453127a4265", "bids": [{"price": "0.01", "size": "10443"}, {"price": "0.02", "size": "52.18"}, {"price": "0.03", "size": "5.47"}, {"price": "0.1", "size": "1140.11"}, {"price": "0.11", "size": "890.11"}, {"price": "0.24", "size": "50"}], "asks": [{"price": "0.99", "size": "10455.24"}, {"price": "0.98", "size": "25.56"}, {"price": "0.96", "size": "1190.11"}, {"price": "0.95", "size": "896.12"}], "event_type": "book", "last_trade_price": ""}, {"market": "0xccdee999cde1ba2ac5038389d881c03ad57ded838f861a3df7b4ea98b166c1d8", "asset_id": "7967907818731138629061462267292330477129848883182489939450968879136379599531", "timestamp": "1769383860812", "hash": "0c0c08e5a7c756169fe653d6df561a3ba74034e4", "bids": [{"price": "0.01", "size": "199.79"}, {"price": "0.02", "size": "245.48"}, {"price": "0.03", "size": "23.08"}, {"price": "0.04", "size": "5.47"}], "asks": [{"price": "0.99", "size": "202.04"}, {"price": "0.98", "size": "160.48"}, {"price": "0.97", "size": "86.65"}, {"price": "0.96", "size": "39.24"}], "event_type": "book", "last_trade_price": ""}, {"market": "0xdc0b3c25f037169a3a8d0d0d1d1cdf4561bb77ddadf91c0914ddef0022f95bfc", "asset_id": "85210783990340557442317928402652310155868877945900446573382704012451652278281", "timestamp": "1769383982798", "hash": "05edabaeb0afd5089226db1de54923b98188adef", "bids": [{"price": "0.01", "size": "10402.72"}, {"price": "0.02", "size": "157.03"}, {"price": "0.03", "size": "12.74"}, {"price": "0.05", "size": "1140.11"}, {"price": "0.06", "size": "901.06"}], "asks": [{"price": "0.99", "size": "11300.08"}, {"price": "0.98", "size": "1050.59"}, {"price": "0.97", "size": "85.65"}, {"price": "0.96", "size": "39.24"}], "event_type": "book", "last_trade_price": ""}, {"market": "0xb6747d8b3095e31dec4b58b98d301e5692d7103896ce38ea0272f2a88c4708d3", "asset_id": "26166693904103420898602071065270910191102279765981891545031815895805246100066", "timestamp": "1769384002023", "hash": "ca8458a9eccb96ba2c5028aeddefb12e57667adb", "bids": [{"price": "0.01", "size": "10455.24"}, {"price": "0.02", "size": "25.56"}, {"price": "0.04", "size": "1190.11"}, {"price": "0.05", "size": "896.12"}], "asks": [{"price": "0.99", "size": "10443"}, {"price": "0.98", "size": "52.18"}, {"price": "0.97", "size": "5.47"}, {"price": "0.9", "size": "1140.11"}, {"price": "0.89", "size": "890.11"}, {"price": "0.76", "size": "50"}], "event_type": "book", "last_trade_price": ""}, {"market": "0xdc0b3c25f037169a3a8d0d0d1d1cdf4561bb77ddadf91c0914ddef0022f95bfc", "asset_id": "7426730175386248221238016457323882526004613046376000203509992706708474923830", "timestamp": "1769383982798", "hash": "216196bdc9e2c36502eea3c97da821cbf5785a22", "bids": [{"price": "0.01", "size": "11300.08"}, {"price": "0.02", "size": "1050.59"}, {"price": "0.03", "size": "85.65"}, {"price": "0.04", "size": "39.24"}], "asks": [{"price": "0.99", "size": "10402.72"}, {"price": "0.98", "size": "157.03"}, {"price": "0.97", "size": "12.74"}, {"price": "0.95", "size": "1140.11"}, {"price": "0.94", "size": "901.06"}], "event_type": "book", "last_trade_price": ""}, {"market": "0x225a00e0c8cc3f73199f7e585538c64b815c9dfd805d23373bafd082a1d9fa54", "asset_id": "105919126905456035631790138409628915215467087512172742232081828569139084182660", "timestamp": "1769384056520", "hash": "c66514d7b94a6e23217d790f20d37667f5dc1040", "bids": [{"price": "0.01", "size": "8888.83"}, {"price": "0.02", "size": "2100"}, {"price": "0.03", "size": "10.15"}, {"price": "0.07", "size": "1700"}, {"price": "0.08", "size": "700"}, {"price": "0.09", "size": "4163.96"}, {"price": "0.15", "size": "350"}, {"price": "0.34", "size": "300"}, {"price": "0.39", "size": "1090.11"}, {"price": "0.4", "size": "890.11"}, {"price": "0.42", "size": "125"}, {"price": "0.45", "size": "75"}, {"price": "0.5", "size": "20"}, {"price": "0.51", "size": "196"}, {"price": "0.73", "size": "50"}], "asks": [{"price": "0.99", "size": "10449.46"}, {"price": "0.98", "size": "300"}, {"price": "0.97", "size": "12.02"}, {"price": "0.94", "size": "300"}, {"price": "0.93", "size": "1095.58"}, {"price": "0.92", "size": "1021.47"}, {"price": "0.91", "size": "75"}, {"price": "0.86", "size": "10"}, {"price": "0.85", "size": "103"}], "event_type": "book", "last_trade_price": "0.750"}, {"market": "0x225a00e0c8cc3f73199f7e585538c64b815c9dfd805d23373bafd082a1d9fa54", "asset_id": "71254793938267071874322029456081093440198605707051100215978037853007629883318", "timestamp": "1769384056520", "hash": "1d8e5cd7cad30b59dd2d1a141e71f16bed2d1a03", "bids": [{"price": "0.01", "size": "10449.46"}, {"price": "0.02", "size": "300"}, {"price": "0.03", "size": "12.02"}, {"price": "0.06", "size": "300"}, {"price": "0.07", "size": "1095.58"}, {"price": "0.08", "size": "1021.47"}, {"price": "0.09", "size": "75"}, {"price": "0.14", "size": "10"}, {"price": "0.15", "size": "103"}], "asks": [{"price": "0.99", "size": "8888.83"}, {"price": "0.98", "size": "2100"}, {"price": "0.97", "size": "10.15"}, {"price": "0.93", "size": "1700"}, {"price": "0.92", "size": "700"}, {"price": "0.91", "size": "4163.96"}, {"price": "0.85", "size": "350"}, {"price": "0.66", "size": "300"}, {"price": "0.61", "size": "1090.11"}, {"price": "0.6", "size": "890.11"}, {"price": "0.58", "size": "125"}, {"price": "0.55", "size": "75"}, {"price": "0.5", "size": "20"}, {"price": "0.49", "size": "196"}, {"price": "0.27", "size": "50"}], "event_type": "book", "last_trade_price": "0.750"}]}
{"_local_timestamp": "2026-01-25T23:34:18.756554+00:00", "data": {"market": "0x225a00e0c8cc3f73199f7e585538c64b815c9dfd805d23373bafd082a1d9fa54", "price_changes": [{"asset_id": "105919126905456035631790138409628915215467087512172742232081828569139084182660", "price": "0.51", "size": "0", "side": "BUY", "hash": "8f4cfc62e59259d8a607149b3237ee3fdc073b8b", "best_bid": "0.73", "best_ask": "0.85"}, {"asset_id": "71254793938267071874322029456081093440198605707051100215978037853007629883318", "price": "0.49", "size": "0", "side": "SELL", "hash": "9733c5cd73a5da0bc46227737e0a114d53690066", "best_bid": "0.15", "best_ask": "0.27"}], "timestamp": "1769384058510", "event_type": "price_change"}}
{"_local_timestamp": "2026-01-25T23:34:18.985554+00:00", "data": {"market": "0x225a00e0c8cc3f73199f7e585538c64b815c9dfd805d23373bafd082a1d9fa54", "price_changes": [{"asset_id": "105919126905456035631790138409628915215467087512172742232081828569139084182660", "price": "0.74", "size": "46", "side": "BUY", "hash": "3f8ba569fce3dd39050c01605b25d15f520db696", "best_bid": "0.74", "best_ask": "0.85"}, {"asset_id": "71254793938267071874322029456081093440198605707051100215978037853007629883318", "price": "0.26", "size": "46", "side": "SELL", "hash": "1daeda64b545c504f3ff6ac9929bcd484649699c", "best_bid": "0.15", "best_ask": "0.26"}], "timestamp": "1769384058732", "event_type": "price_change"}}
{"_local_timestamp": "2026-01-25T23:34:18.990363+00:00", "data": {"market": "0x225a00e0c8cc3f73199f7e585538c64b815c9dfd805d23373bafd082a1d9fa54", "price_changes": [{"asset_id": "105919126905456035631790138409628915215467087512172742232081828569139084182660", "price": "0.7", "size": "150", "side": "BUY", "hash": "0d7125b53e175742ba3f2047d80ff70230b73926", "best_bid": "0.74", "best_ask": "0.85"}, {"asset_id": "71254793938267071874322029456081093440198605707051100215978037853007629883318", "price": "0.3", "size": "150", "side": "SELL", "hash": "fc35c6ace7f38174edd1ff5efb30bf30d0341a2f", "best_bid": "0.15", "best_ask": "0.26"}], "timestamp": "1769384058733", "event_type": "price_change"}}
{"_local_timestamp": "2026-01-25T23:34:19.254314+00:00", "data": {"market": "0x225a00e0c8cc3f73199f7e585538c64b815c9dfd805d23373bafd082a1d9fa54", "price_changes": [{"asset_id": "71254793938267071874322029456081093440198605707051100215978037853007629883318", "price": "0.07", "size": "1090.11", "side": "BUY", "hash": "1a09579c050e803a8e642027795e9b3a0d687ee2", "best_bid": "0.15", "best_ask": "0.26"}, {"asset_id": "105919126905456035631790138409628915215467087512172742232081828569139084182660", "price": "0.93", "size": "1090.11", "side": "SELL", "hash": "20d418ef1c4a0c3f6fa9aba5cc52410fb1a6f8d3", "best_bid": "0.74", "best_ask": "0.85"}], "timestamp": "1769384059003", "event_type": "price_change"}}
{"_local_timestamp": "2026-01-25T23:34:19.600183+00:00", "data": {"market": "0x225a00e0c8cc3f73199f7e585538c64b815c9dfd805d23373bafd082a1d9fa54", "price_changes": [{"asset_id": "105919126905456035631790138409628915215467087512172742232081828569139084182660", "price": "0.15", "size": "450", "side": "BUY", "hash": "51b75bcabb36896b8d50a275885c9c620a895e27", "best_bid": "0.74", "best_ask": "0.85"}, {"asset_id": "71254793938267071874322029456081093440198605707051100215978037853007629883318", "price": "0.85", "size": "450", "side": "SELL", "hash": "4850bbb206b7509b5c2d1f0d7faa6aee4a8d3a2c", "best_bid": "0.15", "best_ask": "0.26"}], "timestamp": "1769384059365", "event_type": "price_change"}}
{"_local_timestamp": "2026-01-25T23:34:29.475248+00:00", "data": {"market": "0x225a00e0c8cc3f73199f7e585538c64b815c9dfd805d23373bafd082a1d9fa54", "price_changes": [{"asset_id": "105919126905456035631790138409628915215467087512172742232081828569139084182660", "price": "0.08", "size": "600", "side": "BUY", "hash": "a2bcdd82b58ab6facd7563e88d574f00b7e4cb84", "best_bid": "0.74", "best_ask": "0.85"}, {"asset_id": "71254793938267071874322029456081093440198605707051100215978037853007629883318", "price": "0.92", "size": "600", "side": "SELL", "hash": "28cad9ff2e4b9a2fd2ca73c5617eb8476adae7c8", "best_bid": "0.15", "best_ask": "0.26"}], "timestamp": "1769384069218", "event_type": "price_change"}}
{"_local_timestamp": "2026-01-25T23:34:29.703962+00:00", "data": {"market": "0x225a00e0c8cc3f73199f7e585538c64b815c9dfd805d23373bafd082a1d9fa54", "price_changes": [{"asset_id": "105919126905456035631790138409628915215467087512172742232081828569139084182660", "price": "0.09", "size": "4263.96", "side": "BUY", "hash": "401abf0bc927ec85b1e20ca891e7563607cfa9db", "best_bid": "0.74", "best_ask": "0.85"}, {"asset_id": "71254793938267071874322029456081093440198605707051100215978037853007629883318", "price": "0.91", "size": "4263.96", "side": "SELL", "hash": "59d2717c4314184294858aa18f1ce28888a6d985", "best_bid": "0.15", "best_ask": "0.26"}], "timestamp": "1769384069487", "event_type": "price_change"}}
{"_local_timestamp": "2026-01-25T23:34:30.173540+00:00", "data": {"market": "0x225a00e0c8cc3f73199f7e585538c64b815c9dfd805d23373bafd082a1d9fa54", "price_changes": [{"asset_id": "105919126905456035631790138409628915215467087512172742232081828569139084182660", "price": "0.08", "size": "200", "side": "BUY", "hash": "547504777bbb5add88e55c3a850026d77a8718c9", "best_bid": "0.74", "best_ask": "0.85"}, {"asset_id": "71254793938267071874322029456081093440198605707051100215978037853007629883318", "price": "0.92", "size": "200", "side": "SELL", "hash": "7a3dc0d4ed873008bc4b493be66e09c55da5b0cc", "best_bid": "0.15", "best_ask": "0.26"}], "timestamp": "1769384069833", "event_type": "price_change"}}
{"_local_timestamp": "2026-01-25T23:34:30.375821+00:00", "data": {"market": "0x225a00e0c8cc3f73199f7e585538c64b815c9dfd805d23373bafd082a1d9fa54", "price_changes": [{"asset_id": "105919126905456035631790138409628915215467087512172742232081828569139084182660", "price": "0.08", "size": "1470.1", "side": "BUY", "hash": "c95547e4c922f5056c07606b69bd94c5174b7814", "best_bid": "0.74", "best_ask": "0.85"}, {"asset_id": "71254793938267071874322029456081093440198605707051100215978037853007629883318", "price": "0.92", "size": "1470.1", "side": "SELL", "hash": "01537b7a2dd8d40fae90940011be24bc0fdf806b", "best_bid": "0.15", "best_ask": "0.26"}], "timestamp": "1769384070051", "event_type": "price_change"}}
{"_local_timestamp": "2026-01-25T23:34:30.768665+00:00", "data": {"market": "0x225a00e0c8cc3f73199f7e585538c64b815c9dfd805d23373bafd082a1d9fa54", "price_changes": [{"asset_id": "105919126905456035631790138409628915215467087512172742232081828569139084182660", "price": "0.08", "size": "3467.21", "side": "BUY", "hash": "628f21d9acc5778a2ae518827574229ecfb8facf", "best_bid": "0.74", "best_ask": "0.85"}, {"asset_id": "71254793938267071874322029456081093440198605707051100215978037853007629883318", "price": "0.92", "size": "3467.21", "side": "SELL", "hash": "92ccf57444adb350671c576a1b3bd0177074f607", "best_bid": "0.15", "best_ask": "0.26"}], "timestamp": "1769384070082", "event_type": "price_change"}}
{"_local_timestamp": "2026-01-25T23:34:30.770096+00:00", "data": {"market": "0x225a00e0c8cc3f73199f7e585538c64b815c9dfd805d23373bafd082a1d9fa54", "price_changes": [{"asset_id": "105919126905456035631790138409628915215467087512172742232081828569139084182660", "price": "0.08", "size": "4357.32", "side": "BUY", "hash": "5ba6b56c9ceb20d221c0c8dd26248885478aaf69", "best_bid": "0.74", "best_ask": "0.85"}, {"asset_id": "71254793938267071874322029456081093440198605707051100215978037853007629883318", "price": "0.92", "size": "4357.32", "side": "SELL", "hash": "176f34540ca37b004943803607009cc40198f708", "best_bid": "0.15", "best_ask": "0.26"}], "timestamp": "1769384070083", "event_type": "price_change"}}
{"_local_timestamp": "2026-01-25T23:34:30.771088+00:00", "data": {"market": "0x225a00e0c8cc3f73199f7e585538c64b815c9dfd805d23373bafd082a1d9fa54", "price_changes": [{"asset_id": "105919126905456035631790138409628915215467087512172742232081828569139084182660", "price": "0.09", "size": "4663.96", "side": "BUY", "hash": "d52ba2424d305d6a2d1f5deb8d5157130c53f095", "best_bid": "0.74", "best_ask": "0.85"}, {"asset_id": "71254793938267071874322029456081093440198605707051100215978037853007629883318", "price": "0.91", "size": "4663.96", "side": "SELL", "hash": "c0e4138a069a92f9bb41e521f94fafbb8c579d75", "best_bid": "0.15", "best_ask": "0.26"}], "timestamp": "1769384070110", "event_type": "price_change"}}
{"_local_timestamp": "2026-01-25T23:34:31.961453+00:00", "data": {"market": "0x225a00e0c8cc3f73199f7e585538c64b815c9dfd805d23373bafd082a1d9fa54", "price_changes": [{"asset_id": "105919126905456035631790138409628915215467087512172742232081828569139084182660", "price": "0.08", "size": "4257.32", "side": "BUY", "hash": "0074f4d2beb5fe9d1ae9ef7ef1ba91afcb29a3f3", "best_bid": "0.74", "best_ask": "0.85"}, {"asset_id": "71254793938267071874322029456081093440198605707051100215978037853007629883318", "price": "0.92", "size": "4257.32", "side": "SELL", "hash": "048962be37987586483a22890273299d1daefbe1", "best_bid": "0.15", "best_ask": "0.26"}], "timestamp": "1769384071736", "event_type": "price_change"}}
{"_local_timestamp": "2026-01-25T23:34:32.348095+00:00", "data": {"market": "0x225a00e0c8cc3f73199f7e585538c64b815c9dfd805d23373bafd082a1d9fa54", "price_changes": [{"asset_id": "105919126905456035631790138409628915215467087512172742232081828569139084182660", "price": "0.09", "size": "4763.96", "side": "BUY", "hash": "6ae5fb0d795034ccb0542a88b45cb495e407d601", "best_bid": "0.74", "best_ask": "0.85"}, {"asset_id": "71254793938267071874322029456081093440198605707051100215978037853007629883318", "price": "0.91", "size": "4763.96", "side": "SELL", "hash": "f6c8787b36b0157c5822143daa7dcc2f058083c0", "best_bid": "0.15", "best_ask": "0.26"}], "timestamp": "1769384072089", "event_type": "price_change"}}
{"_local_timestamp": "2026-01-25T23:34:35.905885+00:00", "data": {"market": "0xccdee999cde1ba2ac5038389d881c03ad57ded838f861a3df7b4ea98b166c1d8", "price_changes": [{"asset_id": "7967907818731138629061462267292330477129848883182489939450968879136379599531", "price": "0.05", "size": "23.99", "side": "BUY", "hash": "81648039c9713aea88daf185b18d6f2d5f2a0a18", "best_bid": "0.05", "best_ask": "0.96"}, {"asset_id": "10917475682662859065334261029778185556243024964290946722549229945952002574051", "price": "0.95", "size": "23.99", "side": "SELL", "hash": "f6f478ca2cb63d6713502dfe18f5d57aec30b612", "best_bid": "0.04", "best_ask": "0.95"}], "timestamp": "1769384075688", "event_type": "price_change"}}
{"_local_timestamp": "2026-01-25T23:34:38.995387+00:00", "data": {"market": "0xccdee999cde1ba2ac5038389d881c03ad57ded838f861a3df7b4ea98b166c1d8", "price_changes": [{"asset_id": "7967907818731138629061462267292330477129848883182489939450968879136379599531", "price": "0.04", "size": "0", "side": "BUY", "hash": "aac22394566d5f2c390ff6835cadb511c2007570", "best_bid": "0.05", "best_ask": "0.96"}, {"asset_id": "10917475682662859065334261029778185556243024964290946722549229945952002574051", "price": "0.96", "size": "0", "side": "SELL", "hash": "febca86c038ee55dd308c5764e82a102a99333ef", "best_bid": "0.04", "best_ask": "0.95"}], "timestamp": "1769384078926", "event_type": "price_change"}}
{"_local_timestamp": "2026-01-25T23:34:39.380129+00:00", "data": {"market": "0xccdee999cde1ba2ac5038389d881c03ad57ded838f861a3df7b4ea98b166c1d8", "price_changes": [{"asset_id": "7967907818731138629061462267292330477129848883182489939450968879136379599531", "price": "0.06", "size": "5.47", "side": "BUY", "hash": "c99705ada51da55a6de599154ab525e11a83b1ac", "best_bid": "0.06", "best_ask": "0.96"}, {"asset_id": "10917475682662859065334261029778185556243024964290946722549229945952002574051", "price": "0.94", "size": "5.47", "side": "SELL", "hash": "56e772ffeab47b4d92b71ca6f869035bb9c1814f", "best_bid": "0.04", "best_ask": "0.94"}], "timestamp": "1769384079248", "event_type": "price_change"}}
{"_local_timestamp": "2026-01-25T23:34:50.397944+00:00", "data": {"market": "0x225a00e0c8cc3f73199f7e585538c64b815c9dfd805d23373bafd082a1d9fa54", "price_changes": [{"asset_id": "105919126905456035631790138409628915215467087512172742232081828569139084182660", "price": "0.08", "size": "4157.32", "side": "BUY", "hash": "059e5cfaa0302d22c5206ced02bb81a81c2aee81", "best_bid": "0.74", "best_ask": "0.85"}, {"asset_id": "71254793938267071874322029456081093440198605707051100215978037853007629883318", "price": "0.92", "size": "4157.32", "side": "SELL", "hash": "9bfd0ddaff1e9eb661db66d399ff0a90589f20a4", "best_bid": "0.15", "best_ask": "0.26"}], "timestamp": "1769384090193", "event_type": "price_change"}}
{"_local_timestamp": "2026-01-25T23:34:50.433670+00:00", "data": {"market": "0x225a00e0c8cc3f73199f7e585538c64b815c9dfd805d23373bafd082a1d9fa54", "price_changes": [{"asset_id": "105919126905456035631790138409628915215467087512172742232081828569139084182660", "price": "0.1", "size": "890.11", "side": "BUY", "hash": "ff8c465b3c8953259a5a81ad718b1ed5215a9636", "best_bid": "0.74", "best_ask": "0.85"}, {"asset_id": "71254793938267071874322029456081093440198605707051100215978037853007629883318", "price": "0.9", "size": "890.11", "side": "SELL", "hash": "5c3137f0f3a5aeab2b61dbe87fe12ff37f768961", "best_bid": "0.15", "best_ask": "0.26"}], "timestamp": "1769384090301", "event_type": "price_change"}}
{"_local_timestamp": "2026-01-25T23:34:50.448959+00:00", "data": {"market": "0x225a00e0c8cc3f73199f7e585538c64b815c9dfd805d23373bafd082a1d9fa54", "price_changes": [{"asset_id": "105919126905456035631790138409628915215467087512172742232081828569139084182660", "price": "0.1", "size": "2160.21", "side": "BUY", "hash": "0f2b171ed7ef4ff554c73ba28a55d3207c1e58e1", "best_bid": "0.74", "best_ask": "0.85"}, {"asset_id": "71254793938267071874322029456081093440198605707051100215978037853007629883318", "price": "0.9", "size": "2160.21", "side": "SELL", "hash": "4689ecd8a2ef53b835119dae7a880da54830f3d6", "best_bid": "0.15", "best_ask": "0.26"}], "timestamp": "1769384090302", "event_type": "price_change"}}
{"_local_timestamp": "2026-01-25T23:34:50.456396+00:00", "data": {"market": "0x225a00e0c8cc3f73199f7e585538c64b815c9dfd805d23373bafd082a1d9fa54", "price_changes": [{"asset_id": "105919126905456035631790138409628915215467087512172742232081828569139084182660", "price": "0.1", "size": "4157.32", "side": "BUY", "hash": "cf2d563e7cd32620471b5a3812e0cdff307d2272", "best_bid": "0.74", "best_ask": "0.85"}, {"asset_id": "71254793938267071874322029456081093440198605707051100215978037853007629883318", "price": "0.9", "size": "4157.32", "side": "SELL", "hash": "948c05a88217d7efebef65dcebb6925a6a48b430", "best_bid": "0.15", "best_ask": "0.26"}], "timestamp": "1769384090303", "event_type": "price_change"}}
{"_local_timestamp": "2026-01-25T23:34:50.462182+00:00", "data": {"market": "0x225a00e0c8cc3f73199f7e585538c64b815c9dfd805d23373bafd082a1d9fa54", "price_changes": [{"asset_id": "105919126905456035631790138409628915215467087512172742232081828569139084182660", "price": "0.09", "size": "606.64", "side": "BUY", "hash": "123e3bd5d61ced7fe1d640ffd1de961d22550353", "best_bid": "0.74", "best_ask": "0.85"}, {"asset_id": "71254793938267071874322029456081093440198605707051100215978037853007629883318", "price": "0.91", "size": "606.64", "side": "SELL", "hash": "a9a31f85f30d9d490e7d254371141814fbd4f763", "best_bid": "0.15", "best_ask": "0.26"}], "timestamp": "1769384090332", "event_type": "price_change"}}
{"_local_timestamp": "2026-01-25T23:34:50.463453+00:00", "data": {"market": "0x225a00e0c8cc3f73199f7e585538c64b815c9dfd805d23373bafd082a1d9fa54", "price_changes": [{"asset_id": "105919126905456035631790138409628915215467087512172742232081828569139084182660", "price": "0.08", "size": "0", "side": "BUY", "hash": "123e3bd5d61ced7fe1d640ffd1de961d22550353", "best_bid": "0.74", "best_ask": "0.85"}, {"asset_id": "71254793938267071874322029456081093440198605707051100215978037853007629883318", "price": "0.92", "size": "0", "side": "SELL", "hash": "a9a31f85f30d9d490e7d254371141814fbd4f763", "best_bid": "0.15", "best_ask": "0.26"}], "timestamp": "1769384090332", "event_type": "price_change"}}
{"_local_timestamp": "2026-01-25T23:34:50.533595+00:00", "data": {"market": "0x225a00e0c8cc3f73199f7e585538c64b815c9dfd805d23373bafd082a1d9fa54", "price_changes": [{"asset_id": "105919126905456035631790138409628915215467087512172742232081828569139084182660", "price": "0.1", "size": "10156.43", "side": "BUY", "hash": "e965ff5123ac799030ec918b626f73502cff2bb2", "best_bid": "0.74", "best_ask": "0.85"}, {"asset_id": "71254793938267071874322029456081093440198605707051100215978037853007629883318", "price": "0.9", "size": "10156.43", "side": "SELL", "hash": "4d8e8b84fe7090c96f775144bdcf9b823f4b14f8", "best_bid": "0.15", "best_ask": "0.26"}], "timestamp": "1769384090401", "event_type": "price_change"}}
{"_local_timestamp": "2026-01-25T23:34:50.610437+00:00", "data": {"market": "0x225a00e0c8cc3f73199f7e585538c64b815c9dfd805d23373bafd082a1d9fa54", "price_changes": [{"asset_id": "105919126905456035631790138409628915215467087512172742232081828569139084182660", "price": "0.09", "size": "706.64", "side": "BUY", "hash": "b91154cea16032674fe2b1e5f6ac2c170cadf05c", "best_bid": "0.74", "best_ask": "0.85"}, {"asset_id": "71254793938267071874322029456081093440198605707051100215978037853007629883318", "price": "0.91", "size": "706.64", "side": "SELL", "hash": "1bbd23a98290e3180feaeee1ed951466a2fa1211", "best_bid": "0.15", "best_ask": "0.26"}], "timestamp": "1769384090478", "event_type": "price_change"}}
{"_local_timestamp": "2026-01-25T23:35:12.502733+00:00", "data": {"market": "0x225a00e0c8cc3f73199f7e585538c64b815c9dfd805d23373bafd082a1d9fa54", "price_changes": [{"asset_id": "105919126905456035631790138409628915215467087512172742232081828569139084182660", "price": "0.09", "size": "306.64", "side": "BUY", "hash": "831029d4548467bfa4e74b3ee6b8f26ae4a68072", "best_bid": "0.74", "best_ask": "0.85"}, {"asset_id": "71254793938267071874322029456081093440198605707051100215978037853007629883318", "price": "0.91", "size": "306.64", "side": "SELL", "hash": "d65fc1811d72bc27434cc42a305bd939d7d28b10", "best_bid": "0.15", "best_ask": "0.26"}], "timestamp": "1769384112427", "event_type": "price_change"}}
{"_local_timestamp": "2026-01-25T23:35:12.664065+00:00", "data": {"market": "0x225a00e0c8cc3f73199f7e585538c64b815c9dfd805d23373bafd082a1d9fa54", "price_changes": [{"asset_id": "105919126905456035631790138409628915215467087512172742232081828569139084182660", "price": "0.1", "size": "4157.32", "side": "BUY", "hash": "5195374b5f969375bdd41d28d8b2acd8462040be", "best_bid": "0.74", "best_ask": "0.85"}, {"asset_id": "71254793938267071874322029456081093440198605707051100215978037853007629883318", "price": "0.9", "size": "4157.32", "side": "SELL", "hash": "a43c75f60b57414a1fad46afa050c7ff611c797b", "best_bid": "0.15", "best_ask": "0.26"}], "timestamp": "1769384112595", "event_type": "price_change"}}
{"_local_timestamp": "2026-01-25T23:35:12.981577+00:00", "data": {"market": "0x225a00e0c8cc3f73199f7e585538c64b815c9dfd805d23373bafd082a1d9fa54", "price_changes": [{"asset_id": "105919126905456035631790138409628915215467087512172742232081828569139084182660", "price": "0.1", "size": "4557.32", "side": "BUY", "hash": "dee718970d1596ba08a28d024b20fdaf4bdc6539", "best_bid": "0.74", "best_ask": "0.85"}, {"asset_id": "71254793938267071874322029456081093440198605707051100215978037853007629883318", "price": "0.9", "size": "4557.32", "side": "SELL", "hash": "c9ad74fd17a8447e0617496063b556574dbfc24e", "best_bid": "0.15", "best_ask": "0.26"}], "timestamp": "1769384112713", "event_type": "price_change"}}
{"_local_timestamp": "2026-01-25T23:35:12.982101+00:00", "data": {"market": "0x225a00e0c8cc3f73199f7e585538c64b815c9dfd805d23373bafd082a1d9fa54", "price_changes": [{"asset_id": "105919126905456035631790138409628915215467087512172742232081828569139084182660", "price": "0.08", "size": "1270.1", "side": "BUY", "hash": "07f3f439844801ade0458ef3293df6a6c6bc0216", "best_bid": "0.74", "best_ask": "0.85"}, {"asset_id": "71254793938267071874322029456081093440198605707051100215978037853007629883318", "price": "0.92", "size": "1270.1", "side": "SELL", "hash": "6e2d68db90dff67ee2624f385ad00f84e7099e04", "best_bid": "0.15", "best_ask": "0.26"}], "timestamp": "1769384112785", "event_type": "price_change"}}
{"_local_timestamp": "2026-01-25T23:35:12.982757+00:00", "data": {"market": "0x225a00e0c8cc3f73199f7e585538c64b815c9dfd805d23373bafd082a1d9fa54", "price_changes": [{"asset_id": "105919126905456035631790138409628915215467087512172742232081828569139084182660", "price": "0.08", "size": "2160.21", "side": "BUY", "hash": "030fa4d8d83104c66ca6af6cb948bc08f0e1f47d", "best_bid": "0.74", "best_ask": "0.85"}, {"asset_id": "71254793938267071874322029456081093440198605707051100215978037853007629883318", "price": "0.92", "size": "2160.21", "side": "SELL", "hash": "61584936b629c075e4a00da4b3629b3b8d4ad7c9", "best_bid": "0.15", "best_ask": "0.26"}], "timestamp": "1769384112786", "event_type": "price_change"}}
{"_local_timestamp": "2026-01-25T23:35:13.124736+00:00", "data": {"market": "0x225a00e0c8cc3f73199f7e585538c64b815c9dfd805d23373bafd082a1d9fa54", "price_changes": [{"asset_id": "105919126905456035631790138409628915215467087512172742232081828569139084182660", "price": "0.08", "size": "4157.32", "side": "BUY", "hash": "7fe74af5fdb3657923d0da93bb1ac78380afd308", "best_bid": "0.74", "best_ask": "0.85"}, {"asset_id": "71254793938267071874322029456081093440198605707051100215978037853007629883318", "price": "0.92", "size": "4157.32", "side": "SELL", "hash": "2d8dc359761d25d1bb82ddee0bc3eb1fd51e3a76", "best_bid": "0.15", "best_ask": "0.26"}], "timestamp": "1769384113021", "event_type": "price_change"}}
{"_local_timestamp": "2026-01-25T23:35:26.859973+00:00", "data": {"market": "0x225a00e0c8cc3f73199f7e585538c64b815c9dfd805d23373bafd082a1d9fa54", "price_changes": [{"asset_id": "105919126905456035631790138409628915215467087512172742232081828569139084182660", "price": "0.09", "size": "206.64", "side": "BUY", "hash": "7b6442edb142b6b82d57a8c00b9e664ed6c99dac", "best_bid": "0.74", "best_ask": "0.85"}, {"asset_id": "71254793938267071874322029456081093440198605707051100215978037853007629883318", "price": "0.91", "size": "206.64", "side": "SELL", "hash": "3dca31bca7a186599ac8d6e65045ccfffa78745c", "best_bid": "0.15", "best_ask": "0.26"}], "timestamp": "1769384126678", "event_type": "price_change"}}
{"_local_timestamp": "2026-01-25T23:35:26.921787+00:00", "data": {"market": "0x225a00e0c8cc3f73199f7e585538c64b815c9dfd805d23373bafd082a1d9fa54", "price_changes": [{"asset_id": "105919126905456035631790138409628915215467087512172742232081828569139084182660", "price": "0.1", "size": "3287.22", "side": "BUY", "hash": "373f3df190cee90b9bdcb15e5c87c6612ea6be57", "best_bid": "0.74", "best_ask": "0.85"}, {"asset_id": "71254793938267071874322029456081093440198605707051100215978037853007629883318", "price": "0.9", "size": "3287.22", "side": "SELL", "hash": "1bfec4f246a882425457187adde408f9569e1c48", "best_bid": "0.15", "best_ask": "0.26"}], "timestamp": "1769384126833", "event_type": "price_change"}}
{"_local_timestamp": "2026-01-25T23:35:27.198667+00:00", "data": {"market": "0x225a00e0c8cc3f73199f7e585538c64b815c9dfd805d23373bafd082a1d9fa54", "price_changes": [{"asset_id": "105919126905456035631790138409628915215467087512172742232081828569139084182660", "price": "0.1", "size": "400", "side": "BUY", "hash": "328aa5dfa35d754fecee6e94797eeaf1f320310f", "best_bid": "0.74", "best_ask": "0.85"}, {"asset_id": "71254793938267071874322029456081093440198605707051100215978037853007629883318", "price": "0.9", "size": "400", "side": "SELL", "hash": "6c2f2e630a45ef08bc84d886fa77ab9033ee50fe", "best_bid": "0.15", "best_ask": "0.26"}], "timestamp": "1769384126934", "event_type": "price_change"}}
{"_local_timestamp": "2026-01-25T23:35:27.199178+00:00", "data": {"market": "0x225a00e0c8cc3f73199f7e585538c64b815c9dfd805d23373bafd082a1d9fa54", "price_changes": [{"asset_id": "105919126905456035631790138409628915215467087512172742232081828569139084182660", "price": "0.11", "size": "1270.1", "side": "BUY", "hash": "ff90ac4d3d2676d981154092e2d3a9b15078e92d", "best_bid": "0.74", "best_ask": "0.85"}, {"asset_id": "71254793938267071874322029456081093440198605707051100215978037853007629883318", "price": "0.89", "size": "1270.1", "side": "SELL", "hash": "0f75f9088f3474f9f51f5f6f664616c542354052", "best_bid": "0.15", "best_ask": "0.26"}], "timestamp": "1769384126946", "event_type": "price_change"}}
{"_local_timestamp": "2026-01-25T23:35:27.204452+00:00", "data": {"market": "0x225a00e0c8cc3f73199f7e585538c64b815c9dfd805d23373bafd082a1d9fa54", "price_changes": [{"asset_id": "105919126905456035631790138409628915215467087512172742232081828569139084182660", "price": "0.11", "size": "2160.21", "side": "BUY", "hash": "e7b882a03dde11f0f4da6e15d35a152a89488bac", "best_bid": "0.74", "best_ask": "0.85"}, {"asset_id": "71254793938267071874322029456081093440198605707051100215978037853007629883318", "price": "0.89", "size": "2160.21", "side": "SELL", "hash": "df285234cac291999d743732932f73a40383676d", "best_bid": "0.15", "best_ask": "0.26"}], "timestamp": "1769384126947", "event_type": "price_change"}}
{"_local_timestamp": "2026-01-25T23:35:27.211925+00:00", "data": {"market": "0x225a00e0c8cc3f73199f7e585538c64b815c9dfd805d23373bafd082a1d9fa54", "price_changes": [{"asset_id": "105919126905456035631790138409628915215467087512172742232081828569139084182660", "price": "0.1", "size": "500", "side": "BUY", "hash": "56587dd95aebfb46a201cac2f9cd7213b17fb895", "best_bid": "0.74", "best_ask": "0.85"}, {"asset_id": "71254793938267071874322029456081093440198605707051100215978037853007629883318", "price": "0.9", "size": "500", "side": "SELL", "hash": "63f94b6526d79d4db5a079718b1cd99664b358ca", "best_bid": "0.15", "best_ask": "0.26"}], "timestamp": "1769384126956", "event_type": "price_change"}}
{"_local_timestamp": "2026-01-25T23:35:27.336573+00:00", "data": {"market": "0x225a00e0c8cc3f73199f7e585538c64b815c9dfd805d23373bafd082a1d9fa54", "price_changes": [{"asset_id": "105919126905456035631790138409628915215467087512172742232081828569139084182660", "price": "0.11", "size": "4157.32", "side": "BUY", "hash": "24e42682062ee8fb716563204a373caf0c8f8385", "best_bid": "0.74", "best_ask": "0.85"}, {"asset_id": "71254793938267071874322029456081093440198605707051100215978037853007629883318", "price": "0.89", "size": "4157.32", "side": "SELL", "hash": "8b7ad56c42a33591edb51bcdd753586578e85e7f", "best_bid": "0.15", "best_ask": "0.26"}], "timestamp": "1769384127175", "event_type": "price_change"}}
{"_local_timestamp": "2026-01-25T23:35:28.391858+00:00", "data": {"market": "0x225a00e0c8cc3f73199f7e585538c64b815c9dfd805d23373bafd082a1d9fa54", "price_changes": [{"asset_id": "105919126905456035631790138409628915215467087512172742232081828569139084182660", "price": "0.09", "size": "106.64", "side": "BUY", "hash": "1bc350723a78bdceb40eed21505fc1d32b9c8163", "best_bid": "0.74", "best_ask": "0.85"}, {"asset_id": "71254793938267071874322029456081093440198605707051100215978037853007629883318", "price": "0.91", "size": "106.64", "side": "SELL", "hash": "3263b2bb8dfbc4f2b469f834dd430d026b796445", "best_bid": "0.15", "best_ask": "0.26"}], "timestamp": "1769384128280", "event_type": "price_change"}}
{"_local_timestamp": "2026-01-25T23:35:28.619250+00:00", "data": {"market": "0x225a00e0c8cc3f73199f7e585538c64b815c9dfd805d23373bafd082a1d9fa54", "price_changes": [{"asset_id": "105919126905456035631790138409628915215467087512172742232081828569139084182660", "price": "0.1", "size": "600", "side": "BUY", "hash": "546acf766966ad2cb8be41f387bfed65151f2d43", "best_bid": "0.74", "best_ask": "0.85"}, {"asset_id": "71254793938267071874322029456081093440198605707051100215978037853007629883318", "price": "0.9", "size": "600", "side": "SELL", "hash": "15b1ac6b68078ba61b89adb05072c4cae335d4ad", "best_bid": "0.15", "best_ask": "0.26"}], "timestamp": "1769384128552", "event_type": "price_change"}}
{"_local_timestamp": "2026-01-25T23:35:32.908581+00:00", "data": {"market": "0x225a00e0c8cc3f73199f7e585538c64b815c9dfd805d23373bafd082a1d9fa54", "price_changes": [{"asset_id": "105919126905456035631790138409628915215467087512172742232081828569139084182660", "price": "0.09", "size": "6.64", "side": "BUY", "hash": "407f171382af2961c127ec611266300dc5b2ce92", "best_bid": "0.74", "best_ask": "0.85"}, {"asset_id": "71254793938267071874322029456081093440198605707051100215978037853007629883318", "price": "0.91", "size": "6.64", "side": "SELL", "hash": "30a22165ce9d2b84dc85b21801fff262fa210a5c", "best_bid": "0.15", "best_ask": "0.26"}], "timestamp": "1769384132835", "event_type": "price_change"}}
{"_local_timestamp": "2026-01-25T23:35:33.068455+00:00", "data": {"market": "0x225a00e0c8cc3f73199f7e585538c64b815c9dfd805d23373bafd082a1d9fa54", "price_changes": [{"asset_id": "105919126905456035631790138409628915215467087512172742232081828569139084182660", "price": "0.08", "size": "0", "side": "BUY", "hash": "8bb338374d3c3be8840c3908fa76b1a4fc95177e", "best_bid": "0.74", "best_ask": "0.85"}, {"asset_id": "71254793938267071874322029456081093440198605707051100215978037853007629883318", "price": "0.92", "size": "0", "side": "SELL", "hash": "e353e769b370bdcb7393463e0f4fa5585ff79059", "best_bid": "0.15", "best_ask": "0.26"}], "timestamp": "1769384132980", "event_type": "price_change"}}
{"_local_timestamp": "2026-01-25T23:35:33.204408+00:00", "data": {"market": "0x225a00e0c8cc3f73199f7e585538c64b815c9dfd805d23373bafd082a1d9fa54", "price_changes": [{"asset_id": "105919126905456035631790138409628915215467087512172742232081828569139084182660", "price": "0.1", "size": "700", "side": "BUY", "hash": "38ae1ca11c58918f0a8217315b82870c57bac14e", "best_bid": "0.74", "best_ask": "0.85"}, {"asset_id": "71254793938267071874322029456081093440198605707051100215978037853007629883318", "price": "0.9", "size": "700", "side": "SELL", "hash": "b28120ead4c219015304d502febb9d74d3078a1b", "best_bid": "0.15", "best_ask": "0.26"}], "timestamp": "1769384133116", "event_type": "price_change"}}
