{"_local_timestamp": "2026-01-25T23:41:29.061570+00:00", "data": [{"market": "0x0f9aaaec8a168785b198ed38a470672372bc2f0e8b165eec8a4d7e306a5d6aea", "asset_id": "84172757973161854901127098511682020706792435147046363618709407090790638587287", "timestamp": "1769384165925", "hash": "4231aee65b452ba44b2834364440759b0a9cc295", "bids": [{"price": "0.01", "size": "194.79"}, {"price": "0.02", "size": "97.03"}, {"price": "0.03", "size": "12.74"}, {"price": "0.04", "size": "5.47"}], "asks": [{"price": "0.99", "size": "202.04"}, {"price": "0.98", "size": "117.48"}, {"price": "0.97", "size": "18.99"}, {"price": "0.96", "size": "29.99"}], "event_type": "book", "last_trade_price": ""}, {"market": "0x1bf3dca806b48e6c65ba7b38fff9f568c33dbf60611df3ea4fbde24454cf050f", "asset_id": "111886880087883034221503431131271142312415866781216586495742062194862123179789", "timestamp": "1769383985524", "hash": "79d42828dcacd2dc1f95fc20dcf6b8b3344ff0cb", "bids": [{"price": "0.01", "size": "10449.88"}, {"price": "0.02", "size": "43.27"}, {"price": "0.07", "size": "1145.58"}, {"price": "0.08", "size": "890.11"}], "asks": [{"price": "0.99", "size": "11348.58"}, {"price": "0.98", "size": "20.46"}, {"price": "0.97", "size": "1140.11"}, {"price": "0.96", "size": "6928.46"}], "event_type": "book", "last_trade_price": ""}, {"market": "0xdc032e708b7c4ff9a5caa4733efc441b6c02f6d730aadf754007fff6b570663d", "asset_id": "109445507592458717500255482149136939805249576186750844907724778944047446437784", "timestamp": "1769383981552", "hash": "a41e74868c4f9e114485d680b691f720cc0acfc6", "bids": [{"price": "0.01", "size": "10455.24"}, {"price": "0.02", "size": "25.56"}, {"price": "0.04", "size": "1140.11"}, {"price": "0.05", "size": "896.12"}], "asks": [{"price": "0.99", "size": "10451.22"}, {"price": "0.98", "size": "42.6"}, {"price": "0.94", "size": "1140.11"}, {"price": "0.93", "size": "895.58"}], "event_type": "book", "last_trade_price": ""}, {"market": "0x1bf3dca806b48e6c65ba7b38fff9f568c33dbf60611df3ea4fbde24454cf050f", "asset_id": "46632629403724485392499288591310137324181231480791004257137516408791272858220", "timestamp": "1769383985524", "hash": "7d6031dc1b0552a54bce0e27e2c72e62503f42d5", "bids": [{"price": "0.01", "size": "11348.58"}, {"price": "0.02", "size": "20.46"}, {"price": "0.03", "size": "1140.11"}, {"price": "0.04", "size": "6928.46"}], "asks": [{"price": "0.99", "size": "10449.88"}, {"price": "0.98", "size": "43.27"}, {"price": "0.93", "size": "1145.58"}, {"price": "0.92", "size": "890.11"}], "event_type": "book", "last_trade_price": ""}, {"market": "0x0f9aaaec8a168785b198ed38a470672372bc2f0e8b165eec8a4d7e306a5d6aea", "asset_id": "13220688650625762376931802299063126686564462716465286969557328498037207017369", "timestamp": "1769384165925", "hash": "a91714cdb6c5b4c3cc269273dd973a4a36e9221a", "bids": [{"price": "0.01", "size": "202.04"}, {"price": "0.02", "size": "117.48"}, {"price": "0.03", "size": "18.99"}, {"price": "0.04", "size": "29.99"}], "asks": [{"price": "0.99", "size": "194.79"}, {"price": "0.98", "size": "97.03"}, {"price": "0.97", "size": "12.74"}, {"price": "0.96", "size": "5.47"}], "event_type": "book", "last_trade_price": ""}, {"market": "0x0e8f0f6ec97d84f955d086e2151cd547234851dfeb5b70186e41582f2fb46d2a", "asset_id": "113446129310585499713304969318176067179186866753958691787461355607025640935429", "timestamp": "1769384149886", "hash": "59e6624d17ea830724dbf257a4e966323cdd1859", "bids": [{"price": "0.01", "size": "11333.24"}, {"price": "0.02", "size": "918.75"}, {"price": "0.03", "size": "4169.32"}, {"price": "0.04", "size": "14.47"}, {"price": "0.25", "size": "50"}], "asks": [{"price": "0.99", "size": "10451.22"}, {"price": "0.98", "size": "26.15"}, {"price": "0.95", "size": "1140.11"}, {"price": "0.94", "size": "895.59"}, {"price": "0.93", "size": "4300.32"}], "event_type": "book", "last_trade_price": ""}, {"market": "0xa31143f31442601a0fa88cda485d229e6bde50dfff32f51f1701802b7da55f6a", "asset_id": "77904926596311548223587441208726155398773404792776510887319504123756233186326", "timestamp": "1769384148858", "hash": "a97b948a936ecef57b8a9db3786a8b8bb647a5e9", "bids": [{"price": "0.01", "size": "10404.22"}, {"price": "0.02", "size": "7.03"}, {"price": "0.03", "size": "4170.07"}, {"price": "0.05", "size": "1140.11"}, {"price": "0.06", "size": "895.59"}], "asks": [{"price": "0.99", "size": "10404.22"}, {"price": "0.98", "size": "13.72"}, {"price": "0.96", "size": "14.43"}, {"price": "0.94", "size": "1140.11"}, {"price": "0.93", "size": "895.58"}], "event_type": "book", "last_trade_price": ""}, {"market": "0xdc032e708b7c4ff9a5caa4733efc441b6c02f6d730aadf754007fff6b570663d", "asset_id": "108185447464482416728718155801101380901177372868932603437718087983911160195616", "timestamp": "1769383981552", "hash": "4f10efa779dc52db81f4588157a55798a00ca0d3", "bids": [{"price": "0.01", "size": "10451.22"}, {"price": "0.02", "size": "42.6"}, {"price": "0.06", "size": "1140.11"}, {"price": "0.07", "size": "895.58"}], "asks": [{"price": "0.99", "size": "10455.24"}, {"price": "0.98", "size": "25.56"}, {"price": "0.96", "size": "1140.11"}, {"price": "0.95", "size": "896.12"}], "event_type": "book", "last_trade_price": ""}, {"market": "0xa31143f31442601a0fa88cda485d229e6bde50dfff32f51f1701802b7da55f6a", "asset_id": "6869489893414014525106374599712219310625615419860711537421744971148405154519", "timestamp": "1769384148858", "hash": "c77ef4cf4f9dbd3aed01b8fbb11a71e610d58eb6", "bids": [{"price": "0.01", "size": "10404.22"}, {"price": "0.02", "size": "13.72"}, {"price": "0.04", "size": "14.43"}, {"price": "0.06", "size": "1140.11"}, {"price": "0.07", "size": "895.58"}], "asks": [{"price": "0.99", "size": "10404.22"}, {"price": "0.98", "size": "7.03"}, {"price": "0.97", "size": "4170.07"}, {"price": "0.95", "size": "1140.11"}, {"price": "0.94", "size": "895.59"}], "event_type": "book", "last_trade_price": ""}, {"market": "0x0e8f0f6ec97d84f955d086e2151cd547234851dfeb5b70186e41582f2fb46d2a", "asset_id": "55626937103912944957584934144448518454921399092662320593380981461276659378147", "timestamp": "1769384149886", "hash": "4ab3d2ab579e74d73b47edbfe63af076d8d4fee1", "bids": [{"price": "0.01", "size": "10451.22"}, {"price": "0.02", "size": "26.15"}, {"price": "0.05", "size": "1140.11"}, {"price": "0.06", "size": "895.59"}, {"price": "0.07", "size": "4300.32"}], "asks": [{"price": "0.99", "size": "11333.24"}, {"price": "0.98", "size": "918.75"}, {"price": "0.97", "size": "4169.32"}, {"price": "0.96", "size": "14.47"}, {"price": "0.75", "size": "50"}], "event_type": "book", "last_trade_price": ""}]}
{"_local_timestamp": "2026-01-25T23:41:30.807836+00:00", "data": {"market": "0xa31143f31442601a0fa88cda485d229e6bde50dfff32f51f1701802b7da55f6a", "price_changes": [{"asset_id": "77904926596311548223587441208726155398773404792776510887319504123756233186326", "price": "0.03", "size": "4157.32", "side": "BUY", "hash": "a8aeb7539d2887ee8b23eb19bbe757981b71dd23", "best_bid": "0.06", "best_ask": "0.93"}, {"asset_id": "6869489893414014525106374599712219310625615419860711537421744971148405154519", "price": "0.97", "size": "4157.32", "side": "SELL", "hash": "9c85ce50d4fad2e233c557f0761f40cab1abf8bc", "best_bid": "0.07", "best_ask": "0.94"}], "timestamp": "1769384490668", "event_type": "price_change"}}
{"_local_timestamp": "2026-01-25T23:41:30.911151+00:00", "data": {"market": "0xa31143f31442601a0fa88cda485d229e6bde50dfff32f51f1701802b7da55f6a", "price_changes": [{"asset_id": "77904926596311548223587441208726155398773404792776510887319504123756233186326", "price": "0.03", "size": "0", "side": "BUY", "hash": "4bb4ada14147aebfc0a759d3aecb4ef07a34996a", "best_bid": "0.06", "best_ask": "0.93"}, {"asset_id": "6869489893414014525106374599712219310625615419860711537421744971148405154519", "price": "0.97", "size": "0", "side": "SELL", "hash": "75d923ddbeb0c4f06b33b3988384a639748a97ac", "best_bid": "0.07", "best_ask": "0.94"}], "timestamp": "1769384490759", "event_type": "price_change"}}
{"_local_timestamp": "2026-01-25T23:41:31.595777+00:00", "data": {"market": "0xa31143f31442601a0fa88cda485d229e6bde50dfff32f51f1701802b7da55f6a", "price_changes": [{"asset_id": "77904926596311548223587441208726155398773404792776510887319504123756233186326", "price": "0.04", "size": "6.21", "side": "BUY", "hash": "b8d7557102587726ff030f7ac2bcf55441d5a3f9", "best_bid": "0.06", "best_ask": "0.93"}, {"asset_id": "6869489893414014525106374599712219310625615419860711537421744971148405154519", "price": "0.96", "size": "6.21", "side": "SELL", "hash": "5141aed771240c56b2b9a24865d02860e0094372", "best_bid": "0.07", "best_ask": "0.94"}], "timestamp": "1769384491441", "event_type": "price_change"}}
{"_local_timestamp": "2026-01-25T23:41:31.606076+00:00", "data": {"market": "0xa31143f31442601a0fa88cda485d229e6bde50dfff32f51f1701802b7da55f6a", "price_changes": [{"asset_id": "77904926596311548223587441208726155398773404792776510887319504123756233186326", "price": "0.02", "size": "13.73", "side": "BUY", "hash": "7f6c6079c788e39130c558340f6423918d5d60fb", "best_bid": "0.06", "best_ask": "0.93"}, {"asset_id": "6869489893414014525106374599712219310625615419860711537421744971148405154519", "price": "0.98", "size": "13.73", "side": "SELL", "hash": "32b190df88cb8f24cbefdabc409c6d486b06b5f3", "best_bid": "0.07", "best_ask": "0.94"}], "timestamp": "1769384491442", "event_type": "price_change"}}
{"_local_timestamp": "2026-01-25T23:41:31.899284+00:00", "data": {"market": "0xa31143f31442601a0fa88cda485d229e6bde50dfff32f51f1701802b7da55f6a", "price_changes": [{"asset_id": "6869489893414014525106374599712219310625615419860711537421744971148405154519", "price": "0.04", "size": "0", "side": "BUY", "hash": "9f3aaf1d15a3028351116002fa75947d95761636", "best_bid": "0.07", "best_ask": "0.94"}, {"asset_id": "77904926596311548223587441208726155398773404792776510887319504123756233186326", "price": "0.96", "size": "0", "side": "SELL", "hash": "6923c2dbd3530f164414cc1b9d7fc05e1f642469", "best_bid": "0.06", "best_ask": "0.93"}], "timestamp": "1769384491724", "event_type": "price_change"}}
{"_local_timestamp": "2026-01-25T23:41:31.899748+00:00", "data": {"market": "0x0e8f0f6ec97d84f955d086e2151cd547234851dfeb5b70186e41582f2fb46d2a", "price_changes": [{"asset_id": "113446129310585499713304969318176067179186866753958691787461355607025640935429", "price": "0.02", "size": "890.11", "side": "BUY", "hash": "fcb4f65ec58efb6350a5f042ec7ebe9f8eabe40d", "best_bid": "0.25", "best_ask": "0.93"}, {"asset_id": "55626937103912944957584934144448518454921399092662320593380981461276659378147", "price": "0.98", "size": "890.11", "side": "SELL", "hash": "bd3af93981aaa65ca375f437a62805d33a1f3d36", "best_bid": "0.07", "best_ask": "0.75"}], "timestamp": "1769384491724", "event_type": "price_change"}}
{"_local_timestamp": "2026-01-25T23:41:31.963733+00:00", "data": {"market": "0x0e8f0f6ec97d84f955d086e2151cd547234851dfeb5b70186e41582f2fb46d2a", "price_changes": [{"asset_id": "113446129310585499713304969318176067179186866753958691787461355607025640935429", "price": "0.03", "size": "12", "side": "BUY", "hash": "926e654f1772233ec0633de70c78d6198621adab", "best_bid": "0.25", "best_ask": "0.93"}, {"asset_id": "55626937103912944957584934144448518454921399092662320593380981461276659378147", "price": "0.97", "size": "12", "side": "SELL", "hash": "23ce1a624c50d6a77121a014d39cec79dd3f15ed", "best_bid": "0.07", "best_ask": "0.75"}], "timestamp": "1769384491796", "event_type": "price_change"}}
{"_local_timestamp": "2026-01-25T23:41:31.964281+00:00", "data": {"market": "0x0e8f0f6ec97d84f955d086e2151cd547234851dfeb5b70186e41582f2fb46d2a", "price_changes": [{"asset_id": "55626937103912944957584934144448518454921399092662320593380981461276659378147", "price": "0.07", "size": "143", "side": "BUY", "hash": "3bd3fde5ced4ffce51bca76f7ca4074ddccd058c", "best_bid": "0.07", "best_ask": "0.75"}, {"asset_id": "113446129310585499713304969318176067179186866753958691787461355607025640935429", "price": "0.93", "size": "143", "side": "SELL", "hash": "aa17c5cb90266465d2a48087e0e26c7ed1c0926b", "best_bid": "0.25", "best_ask": "0.93"}], "timestamp": "1769384491796", "event_type": "price_change"}}
{"_local_timestamp": "2026-01-25T23:41:32.003594+00:00", "data": {"market": "0x0e8f0f6ec97d84f955d086e2151cd547234851dfeb5b70186e41582f2fb46d2a", "price_changes": [{"asset_id": "55626937103912944957584934144448518454921399092662320593380981461276659378147", "price": "0.07", "size": "0", "side": "BUY", "hash": "8fa51795e8f7f608b9075ce737eeee8dcb9be500", "best_bid": "0.06", "best_ask": "0.75"}, {"asset_id": "113446129310585499713304969318176067179186866753958691787461355607025640935429", "price": "0.93", "size": "0", "side": "SELL", "hash": "f01766091ec050813e16583375b459c5c48a99a7", "best_bid": "0.25", "best_ask": "0.94"}], "timestamp": "1769384491836", "event_type": "price_change"}}
{"_local_timestamp": "2026-01-25T23:41:32.127429+00:00", "data": {"market": "0x0e8f0f6ec97d84f955d086e2151cd547234851dfeb5b70186e41582f2fb46d2a", "price_changes": [{"asset_id": "55626937103912944957584934144448518454921399092662320593380981461276659378147", "price": "0.06", "size": "1062.59", "side": "BUY", "hash": "6f5813e74cf88397f8b754041fe2e962e953843e", "best_bid": "0.06", "best_ask": "0.75"}, {"asset_id": "113446129310585499713304969318176067179186866753958691787461355607025640935429", "price": "0.94", "size": "1062.59", "side": "SELL", "hash": "ed1646caa2101128dda2f6ac5711de49b0336bcd", "best_bid": "0.25", "best_ask": "0.94"}], "timestamp": "1769384491959", "event_type": "price_change"}}
{"_local_timestamp": "2026-01-25T23:41:32.220860+00:00", "data": {"market": "0x0e8f0f6ec97d84f955d086e2151cd547234851dfeb5b70186e41582f2fb46d2a", "price_changes": [{"asset_id": "113446129310585499713304969318176067179186866753958691787461355607025640935429", "price": "0.04", "size": "25.68", "side": "BUY", "hash": "210964210598e6d53b1ee3c917b3a73a865402b0", "best_bid": "0.25", "best_ask": "0.94"}, {"asset_id": "55626937103912944957584934144448518454921399092662320593380981461276659378147", "price": "0.96", "size": "25.68", "side": "SELL", "hash": "50276f7a68e5ebc615d10ac421e4ae596bff2097", "best_bid": "0.06", "best_ask": "0.75"}], "timestamp": "1769384492049", "event_type": "price_change"}}
{"_local_timestamp": "2026-01-25T23:41:32.221422+00:00", "data": {"market": "0xa31143f31442601a0fa88cda485d229e6bde50dfff32f51f1701802b7da55f6a", "price_changes": [{"asset_id": "6869489893414014525106374599712219310625615419860711537421744971148405154519", "price": "0.02", "size": "42.6", "side": "BUY", "hash": "49148b1c27b389de6ac6f49c86b4a5c3fd415ecb", "best_bid": "0.07", "best_ask": "0.94"}, {"asset_id": "77904926596311548223587441208726155398773404792776510887319504123756233186326", "price": "0.98", "size": "42.6", "side": "SELL", "hash": "95045e8f3647065106177aba9861e9947fd64abd", "best_bid": "0.06", "best_ask": "0.93"}], "timestamp": "1769384492049", "event_type": "price_change"}}
{"_local_timestamp": "2026-01-25T23:41:32.222010+00:00", "data": {"market": "0x0e8f0f6ec97d84f955d086e2151cd547234851dfeb5b70186e41582f2fb46d2a", "price_changes": [{"asset_id": "113446129310585499713304969318176067179186866753958691787461355607025640935429", "price": "0.02", "size": "896.33", "side": "BUY", "hash": "82d7bebe466e617b0bacf655dd3d588564ee5ec2", "best_bid": "0.25", "best_ask": "0.94"}, {"asset_id": "55626937103912944957584934144448518454921399092662320593380981461276659378147", "price": "0.98", "size": "896.33", "side": "SELL", "hash": "8d17823f47879d61ce04d828f915600862ca96b8", "best_bid": "0.06", "best_ask": "0.75"}], "timestamp": "1769384492050", "event_type": "price_change"}}
