{"_local_timestamp": "2026-01-25T23:41:28.856243+00:00", "data": [{"market": "0x19a0f08b7a18caf291a5b0b232ead39be4467585729a799417b80bc3dcc611fc", "asset_id": "106051610562876265402470707121919839785725730273516489131474350783401307573962", "timestamp": "1769384438123", "hash": "561fc7f3b8eabbfc81f1a740a0e302ea419ef697", "bids": [{"price": "0.01", "size": "203.85"}, {"price": "0.02", "size": "97.03"}, {"price": "0.03", "size": "20.69"}, {"price": "0.04", "size": "5.47"}], "asks": [{"price": "0.99", "size": "202.04"}, {"price": "0.98", "size": "117.48"}, {"price": "0.97", "size": "18.99"}, {"price": "0.96", "size": "29.99"}], "event_type": "book", "last_trade_price": ""}, {"market": "0x87b305b207d4f9a7a3c89e9fefae23b24746369be8cdff510560157d047ff610", "asset_id": "41333901774958225885562635172264876633370803617414525801383690048155702825885", "timestamp": "1769383986046", "hash": "52cfa4b2ca722a23a29a525daa8fb1379ae6dc06", "bids": [{"price": "0.01", "size": "6593.9"}, {"price": "0.02", "size": "4564.01"}, {"price": "0.03", "size": "23.94"}, {"price": "0.06", "size": "1140.11"}, {"price": "0.07", "size": "1038.58"}], "asks": [{"price": "0.99", "size": "6997.14"}, {"price": "0.98", "size": "4457.32"}, {"price": "0.97", "size": "27.32"}, {"price": "0.88", "size": "1140.11"}, {"price": "0.87", "size": "967.11"}], "event_type": "book", "last_trade_price": ""}, {"market": "0xca859ab5380299dd835ba3f2c48afd441e25fcd7e0259fbeba2dd614c4f870a2", "asset_id": "2366548889329278541459612710138089612527881198602751105417741495638135716774", "timestamp": "1769384283650", "hash": "bfe0436b91e3bfb3b45636c6e66cb4fa2fc55b8a", "bids": [{"price": "0.01", "size": "11289.74"}, {"price": "0.02", "size": "935"}, {"price": "0.03", "size": "25"}, {"price": "0.04", "size": "5.47"}], "asks": [{"price": "0.99", "size": "10408.24"}, {"price": "0.98", "size": "25.56"}, {"price": "0.96", "size": "1140.11"}, {"price": "0.95", "size": "896.12"}], "event_type": "book", "last_trade_price": ""}, {"market": "0x19a0f08b7a18caf291a5b0b232ead39be4467585729a799417b80bc3dcc611fc", "asset_id": "67949989830852440296960750325401086155617913757515735445971588392990711688192", "timestamp": "1769384438123", "hash": "92032b379a899aedc12be4b5bccf2d83ec0299c4", "bids": [{"price": "0.01", "size": "202.04"}, {"price": "0.02", "size": "117.48"}, {"price": "0.03", "size": "18.99"}, {"price": "0.04", "size": "29.99"}], "asks": [{"price": "0.99", "size": "203.85"}, {"price": "0.98", "size": "97.03"}, {"price": "0.97", "size": "20.69"}, {"price": "0.96", "size": "5.47"}], "event_type": "book", "last_trade_price": ""}, {"market": "0xca859ab5380299dd835ba3f2c48afd441e25fcd7e0259fbeba2dd614c4f870a2", "asset_id": "15840259062449160025450139636110812711708994381423187385086324170940002043843", "timestamp": "1769384283650", "hash": "3a15c129462a78c40410d45d26964386b168c351", "bids": [{"price": "0.01", "size": "10408.24"}, {"price": "0.02", "size": "25.56"}, {"price": "0.04", "size": "1140.11"}, {"price": "0.05", "size": "896.12"}], "asks": [{"price": "0.99", "size": "11289.74"}, {"price": "0.98", "size": "935"}, {"price": "0.97", "size": "25"}, {"price": "0.96", "size": "5.47"}], "event_type": "book", "last_trade_price": ""}, {"market": "0xeb9e3c8adef33cc5ed98ef091791b4031a32d8a72399fede3d69fa5fe60e97e0", "asset_id": "70043949213608563139437729392553992522252153787752917036553698592122595063068", "timestamp": "1769384283650", "hash": "97078453dcc7b64fb356a84331af590849f2b9a2", "bids": [{"price": "0.01", "size": "11338.93"}, {"price": "0.02", "size": "933.91"}, {"price": "0.03", "size": "24"}, {"price": "0.04", "size": "5.47"}], "asks": [{"price": "0.99", "size": "10451.22"}, {"price": "0.98", "size": "26.15"}, {"price": "0.95", "size": "1140.11"}, {"price": "0.94", "size": "895.59"}], "event_type": "book", "last_trade_price": ""}, {"market": "0xeb9e3c8adef33cc5ed98ef091791b4031a32d8a72399fede3d69fa5fe60e97e0", "asset_id": "2467346048472678701486634748038634163214363415199182829194606652781756370012", "timestamp": "1769384283650", "hash": "715d70b9f6c68c926f306f2e44ef0a75e76a76fe", "bids": [{"price": "0.01", "size": "10451.22"}, {"price": "0.02", "size": "26.15"}, {"price": "0.05", "size": "1140.11"}, {"price": "0.06", "size": "895.59"}], "asks": [{"price": "0.99", "size": "11338.93"}, {"price": "0.98", "size": "933.91"}, {"price": "0.97", "size": "24"}, {"price": "0.96", "size": "5.47"}], "event_type": "book", "last_trade_price": ""}, {"market": "0xcbdec0a1b1f6bb14b2dcee2b52c43d01821391be88989cc628d824e793c9e42e", "asset_id": "53865404218463177361721524950148447631739561080643793463732556776683984434265", "timestamp": "1769383974647", "hash": "5d23d412c1be9d26da85c48685837551f54b99a4", "bids": [{"price": "0.01", "size": "11345.35"}, {"price": "0.02", "size": "25.56"}, {"price": "0.04", "size": "250"}, {"price": "0.05", "size": "6.01"}], "asks": [{"price": "0.99", "size": "11341.33"}, {"price": "0.98", "size": "42.6"}, {"price": "0.94", "size": "250"}, {"price": "0.93", "size": "5.47"}], "event_type": "book", "last_trade_price": ""}, {"market": "0xcbdec0a1b1f6bb14b2dcee2b52c43d01821391be88989cc628d824e793c9e42e", "asset_id": "37849951533204294925890602861649888151196903756723161552716580461942163813007", "timestamp": "1769383974647", "hash": "0ba8681e4b6de1a3189b6d882de13d4b6409018f", "bids": [{"price": "0.01", "size": "11341.33"}, {"price": "0.02", "size": "42.6"}, {"price": "0.06", "size": "250"}, {"price": "0.07", "size": "5.47"}], "asks": [{"price": "0.99", "size": "11345.35"}, {"price": "0.98", "size": "25.56"}, {"price": "0.96", "size": "250"}, {"price": "0.95", "size": "6.01"}], "event_type": "book", "last_trade_price": ""}, {"market": "0x87b305b207d4f9a7a3c89e9fefae23b24746369be8cdff510560157d047ff610", "asset_id": "51236445488026517020561907319437785050105613240236249285369117070513537940151", "timestamp": "1769383986046", "hash": "4c451a2c81ef401e77e0016191fa570aa88351a4", "bids": [{"price": "0.01", "size": "6997.14"}, {"price": "0.02", "size": "4457.32"}, {"price": "0.03", "size": "27.32"}, {"price": "0.12", "size": "1140.11"}, {"price": "0.13", "size": "967.11"}], "asks": [{"price": "0.99", "size": "6593.9"}, {"price": "0.98", "size": "4564.01"}, {"price": "0.97", "size": "23.94"}, {"price": "0.94", "size": "1140.11"}, {"price": "0.93", "size": "1038.58"}], "event_type": "book", "last_trade_price": ""}]}
{"_local_timestamp": "2026-01-25T23:41:28.972553+00:00", "data": {"market": "0xca859ab5380299dd835ba3f2c48afd441e25fcd7e0259fbeba2dd614c4f870a2", "price_changes": [{"asset_id": "2366548889329278541459612710138089612527881198602751105417741495638135716774", "price": "0.02", "size": "890.11", "side": "BUY", "hash": "22ca91464fd2b168ad154b95bd661cfb836633a0", "best_bid": "0.04", "best_ask": "0.95"}, {"asset_id": "15840259062449160025450139636110812711708994381423187385086324170940002043843", "price": "0.98", "size": "890.11", "side": "SELL", "hash": "989a118fb68bd6c209d7ffd82321d33d70ac4ee2", "best_bid": "0.05", "best_ask": "0.96"}], "timestamp": "1769384488907", "event_type": "price_change"}}
{"_local_timestamp": "2026-01-25T23:41:29.622640+00:00", "data": {"market": "0xca859ab5380299dd835ba3f2c48afd441e25fcd7e0259fbeba2dd614c4f870a2", "price_changes": [{"asset_id": "2366548889329278541459612710138089612527881198602751105417741495638135716774", "price": "0.04", "size": "14.72", "side": "BUY", "hash": "15976d9c67aa8cd0a1b209e16d80dcf6b7c6c06e", "best_bid": "0.04", "best_ask": "0.95"}, {"asset_id": "15840259062449160025450139636110812711708994381423187385086324170940002043843", "price": "0.96", "size": "14.72", "side": "SELL", "hash": "e0ae2e8abe35a7bb44c822ace8542b1effdbab9d", "best_bid": "0.05", "best_ask": "0.96"}], "timestamp": "1769384489555", "event_type": "price_change"}}
{"_local_timestamp": "2026-01-25T23:41:29.623515+00:00", "data": {"market": "0xca859ab5380299dd835ba3f2c48afd441e25fcd7e0259fbeba2dd614c4f870a2", "price_changes": [{"asset_id": "2366548889329278541459612710138089612527881198602751105417741495638135716774", "price": "0.03", "size": "31.65", "side": "BUY", "hash": "9e7f5d71f2ec27b2d657a11fd640d38439d8d085", "best_bid": "0.04", "best_ask": "0.95"}, {"asset_id": "15840259062449160025450139636110812711708994381423187385086324170940002043843", "price": "0.97", "size": "31.65", "side": "SELL", "hash": "b17aa1e0a6bb24e98fd7a937c40a2b829b426654", "best_bid": "0.05", "best_ask": "0.96"}], "timestamp": "1769384489557", "event_type": "price_change"}}
{"_local_timestamp": "2026-01-25T23:41:29.623915+00:00", "data": {"market": "0xca859ab5380299dd835ba3f2c48afd441e25fcd7e0259fbeba2dd614c4f870a2", "price_changes": [{"asset_id": "2366548889329278541459612710138089612527881198602751105417741495638135716774", "price": "0.01", "size": "11301.58", "side": "BUY", "hash": "eab6ee926109ec1380415f53e4a5b504f4f458ad", "best_bid": "0.04", "best_ask": "0.95"}, {"asset_id": "15840259062449160025450139636110812711708994381423187385086324170940002043843", "price": "0.99", "size": "11301.58", "side": "SELL", "hash": "f4f2339c94526a176d0dd5e8ca7cf6fdc64bca98", "best_bid": "0.05", "best_ask": "0.96"}], "timestamp": "1769384489557", "event_type": "price_change"}}
{"_local_timestamp": "2026-01-25T23:41:29.624739+00:00", "data": {"market": "0xca859ab5380299dd835ba3f2c48afd441e25fcd7e0259fbeba2dd614c4f870a2", "price_changes": [{"asset_id": "2366548889329278541459612710138089612527881198602751105417741495638135716774", "price": "0.02", "size": "900.59", "side": "BUY", "hash": "6b2accbb3015a078fb8cc9788b77c409183a3839", "best_bid": "0.04", "best_ask": "0.95"}, {"asset_id": "15840259062449160025450139636110812711708994381423187385086324170940002043843", "price": "0.98", "size": "900.59", "side": "SELL", "hash": "a2edabff20a955cb3b918cb908a5041cd45a91b4", "best_bid": "0.05", "best_ask": "0.96"}], "timestamp": "1769384489558", "event_type": "price_change"}}
{"_local_timestamp": "2026-01-25T23:41:30.735489+00:00", "data": {"market": "0xeb9e3c8adef33cc5ed98ef091791b4031a32d8a72399fede3d69fa5fe60e97e0", "price_changes": [{"asset_id": "70043949213608563139437729392553992522252153787752917036553698592122595063068", "price": "0.02", "size": "890.11", "side": "BUY", "hash": "f8e5129b06b853342243858801f5cdc274c08e5e", "best_bid": "0.04", "best_ask": "0.94"}, {"asset_id": "2467346048472678701486634748038634163214363415199182829194606652781756370012", "price": "0.98", "size": "890.11", "side": "SELL", "hash": "68dbef651cbd98fc850b8a41b3472d4c5a534ac8", "best_bid": "0.06", "best_ask": "0.96"}], "timestamp": "1769384490669", "event_type": "price_change"}}
{"_local_timestamp": "2026-01-25T23:41:31.506177+00:00", "data": {"market": "0xeb9e3c8adef33cc5ed98ef091791b4031a32d8a72399fede3d69fa5fe60e97e0", "price_changes": [{"asset_id": "70043949213608563139437729392553992522252153787752917036553698592122595063068", "price": "0.03", "size": "30.65", "side": "BUY", "hash": "3cf1fffb710c11dc8c8c3e218c662c6a4c2e9706", "best_bid": "0.04", "best_ask": "0.94"}, {"asset_id": "2467346048472678701486634748038634163214363415199182829194606652781756370012", "price": "0.97", "size": "30.65", "side": "SELL", "hash": "bac06766caff93375338a5151d04dcaa1cb254ad", "best_bid": "0.06", "best_ask": "0.96"}], "timestamp": "1769384491441", "event_type": "price_change"}}
{"_local_timestamp": "2026-01-25T23:41:31.507506+00:00", "data": {"market": "0xeb9e3c8adef33cc5ed98ef091791b4031a32d8a72399fede3d69fa5fe60e97e0", "price_changes": [{"asset_id": "70043949213608563139437729392553992522252153787752917036553698592122595063068", "price": "0.04", "size": "14.72", "side": "BUY", "hash": "a19c3c67224e241fcaac883dc157f753868462dc", "best_bid": "0.04", "best_ask": "0.94"}, {"asset_id": "2467346048472678701486634748038634163214363415199182829194606652781756370012", "price": "0.96", "size": "14.72", "side": "SELL", "hash": "2e059afbbd0c998631c864891833e3f68a8171ef", "best_bid": "0.06", "best_ask": "0.96"}], "timestamp": "1769384491442", "event_type": "price_change"}}
{"_local_timestamp": "2026-01-25T23:41:31.515993+00:00", "data": {"market": "0xeb9e3c8adef33cc5ed98ef091791b4031a32d8a72399fede3d69fa5fe60e97e0", "price_changes": [{"asset_id": "70043949213608563139437729392553992522252153787752917036553698592122595063068", "price": "0.02", "size": "900.59", "side": "BUY", "hash": "1ac342b1f4c1f1168cbfcca3a2a6cd90386b7e68", "best_bid": "0.04", "best_ask": "0.94"}, {"asset_id": "2467346048472678701486634748038634163214363415199182829194606652781756370012", "price": "0.98", "size": "900.59", "side": "SELL", "hash": "aa83b91ac61c3fec5a28fd2b686df24b35e9b70b", "best_bid": "0.06", "best_ask": "0.96"}], "timestamp": "1769384491443", "event_type": "price_change"}}
{"_local_timestamp": "2026-01-25T23:41:31.530255+00:00", "data": {"market": "0xeb9e3c8adef33cc5ed98ef091791b4031a32d8a72399fede3d69fa5fe60e97e0", "price_changes": [{"asset_id": "70043949213608563139437729392553992522252153787752917036553698592122595063068", "price": "0.01", "size": "11348.58", "side": "BUY", "hash": "aee3e8d8c10f01767071347b3c94ba3f4f167c4c", "best_bid": "0.04", "best_ask": "0.94"}, {"asset_id": "2467346048472678701486634748038634163214363415199182829194606652781756370012", "price": "0.99", "size": "11348.58", "side": "SELL", "hash": "49046f613012083b778a217f2f4bb8adff4065f4", "best_bid": "0.06", "best_ask": "0.96"}], "timestamp": "1769384491444", "event_type": "price_change"}}
