{"_local_timestamp": "2026-01-25T23:41:19.250896+00:00", "data": [{"market": "0xc59e05f66a6acaaeddf42ecc60109a5b29a7bebb68ae9d40312ec25ea8000287", "asset_id": "89135499517478225626457875899535430584955245079575176312396543173022239218395", "timestamp": "1769384416068", "hash": "02da0919dd10d5503f17868aac9509976522e24d", "bids": [{"price": "0.01", "size": "7184.19"}, {"price": "0.02", "size": "1150"}, {"price": "0.03", "size": "4488.96"}, {"price": "0.24", "size": "300"}, {"price": "0.27", "size": "1090.11"}, {"price": "0.28", "size": "890.11"}, {"price": "0.29", "size": "125"}, {"price": "0.3", "size": "62"}, {"price": "0.31", "size": "75"}, {"price": "0.5", "size": "10"}, {"price": "0.51", "size": "89"}], "asks": [{"price": "0.99", "size": "6784.64"}, {"price": "0.98", "size": "4314.05"}, {"price": "0.96", "size": "320.24"}, {"price": "0.88", "size": "300"}, {"price": "0.87", "size": "1090.11"}, {"price": "0.86", "size": "1015.11"}, {"price": "0.85", "size": "75"}, {"price": "0.84", "size": "50"}, {"price": "0.78", "size": "127.93"}], "event_type": "book", "last_trade_price": "0.660"}, {"market": "0x96933d51a0f93177040c7572e5b4ae6ca5495cd93a08418af55ade18a8848270", "asset_id": "85780962061969591778896600914417302208590704743957949859712992465360382739692", "timestamp": "1769384478004", "hash": "cb9aba42c6883bcdde7fec9dc7cfd0755dd80a22", "bids": [{"price": "0.01", "size": "10542.8"}, {"price": "0.02", "size": "16.1"}, {"price": "0.06", "size": "1145.58"}, {"price": "0.07", "size": "895.58"}, {"price": "0.08", "size": "7.67"}, {"price": "0.28", "size": "50"}], "asks": [{"price": "0.99", "size": "10550.35"}, {"price": "0.98", "size": "43.03"}, {"price": "0.94", "size": "1140.11"}, {"price": "0.93", "size": "890.11"}], "event_type": "book", "last_trade_price": ""}, {"market": "0x2bb9c2b1fadb0293a93d55eb67044f7face9cfa07470f4a89a27c017b0335e8c", "asset_id": "92045840732503176401437635785007677847086252162428681009875484095180718441798", "timestamp": "1769383980494", "hash": "b98cd35e874e7af94d891d37d8c0e43338c15912", "bids": [{"price": "0.01", "size": "11388.93"}, {"price": "0.02", "size": "155.89"}, {"price": "0.03", "size": "30.74"}, {"price": "0.08", "size": "1140.11"}, {"price": "0.09", "size": "890.11"}], "asks": [{"price": "0.99", "size": "11398.58"}, {"price": "0.98", "size": "160.48"}, {"price": "0.97", "size": "85.65"}, {"price": "0.96", "size": "55.42"}], "event_type": "book", "last_trade_price": ""}, {"market": "0x0727f9f4666484828ee1cc5d250be92a5290ce5a69a20467d77931aed5a95d00", "asset_id": "35910343730033898022117182434342860526965277191087661958434554396227107909146", "timestamp": "1769384447736", "hash": "7c4eadad007c54fa8c709e7a8309f80a44b607a2", "bids": [{"price": "0.01", "size": "302.04"}, {"price": "0.02", "size": "257.48"}, {"price": "0.03", "size": "18.99"}, {"price": "0.05", "size": "23.99"}, {"price": "0.06", "size": "5.47"}], "asks": [{"price": "0.99", "size": "302.04"}, {"price": "0.98", "size": "275.48"}, {"price": "0.97", "size": "18.99"}, {"price": "0.96", "size": "40.39"}], "event_type": "book", "last_trade_price": ""}, {"market": "0x23b9f464813a604d156b9c39ff5c37853019ede568d57becdf5c439b45628dc4", "asset_id": "85837250814074077539211908285417961683753530308174982617161094927667394156047", "timestamp": "1769384478004", "hash": "e5a45eae10e976692cebcf1ab3afb5ffdc55f8d1", "bids": [{"price": "0.01", "size": "10442.72"}, {"price": "0.02", "size": "6.46"}, {"price": "0.04", "size": "5.03"}, {"price": "0.05", "size": "1190.11"}, {"price": "0.06", "size": "890.11"}, {"price": "0.07", "size": "10.94"}, {"price": "0.08", "size": "7.58"}, {"price": "0.28", "size": "50"}], "asks": [{"price": "0.99", "size": "10455.24"}, {"price": "0.98", "size": "25.56"}, {"price": "0.96", "size": "1140.11"}, {"price": "0.95", "size": "896.12"}], "event_type": "book", "last_trade_price": ""}, {"market": "0x2401a3354060ac23b5062944956a3ea95a21ad155ee141dca22b77b5069cead5", "asset_id": "29809993680420121829041521802470759704351204111817325020401851092919600935989", "timestamp": "1769384276482", "hash": "71ced1a147721f36cd3362ac1d6a3f2a88c468e4", "bids": [{"price": "0.01", "size": "10559.1"}, {"price": "0.02", "size": "18.72"}, {"price": "0.03", "size": "1140.11"}, {"price": "0.04", "size": "930.07"}], "asks": [{"price": "0.99", "size": "11431.62"}, {"price": "0.98", "size": "937.57"}, {"price": "0.97", "size": "23"}, {"price": "0.94", "size": "5.47"}, {"price": "0.93", "size": "5.47"}, {"price": "0.72", "size": "50"}], "event_type": "book", "last_trade_price": ""}, {"market": "0x947eda69992ec87be0835dd381d44e014b118a726913d9de83f4af6ca0b5efcf", "asset_id": "43177391289123384037057302476684267359530765543005564267433747882504076922907", "timestamp": "1769384447736", "hash": "d5e6dcdf5cfc19a5dbab17de3ef547e8c87194d6", "bids": [{"price": "0.01", "size": "302.04"}, {"price": "0.02", "size": "275.48"}, {"price": "0.03", "size": "18.99"}, {"price": "0.04", "size": "29.99"}], "asks": [{"price": "0.99", "size": "293.28"}, {"price": "0.98", "size": "255.94"}, {"price": "0.97", "size": "22.94"}, {"price": "0.95", "size": "23.99"}, {"price": "0.94", "size": "5.47"}], "event_type": "book", "last_trade_price": ""}, {"market": "0x19a5f4d90e22cb992635ef15a19f8d5ffc64f556a48662afdca827775aa16c08", "asset_id": "94447434034338341395700793891057177645147950667760703119677617145954756862994", "timestamp": "1769383980526", "hash": "b5910a69b20e020611aba8654eff84456d3c6206", "bids": [{"price": "0.01", "size": "11398.58"}, {"price": "0.02", "size": "160.48"}, {"price": "0.03", "size": "85.65"}, {"price": "0.04", "size": "39.24"}], "asks": [{"price": "0.99", "size": "11388.93"}, {"price": "0.98", "size": "155.89"}, {"price": "0.97", "size": "30.74"}, {"price": "0.92", "size": "1140.11"}, {"price": "0.91", "size": "890.11"}], "event_type": "book", "last_trade_price": ""}, {"market": "0xc59e05f66a6acaaeddf42ecc60109a5b29a7bebb68ae9d40312ec25ea8000287", "asset_id": "65249763713921911106800536792587915720039618349865339649776218927242924336631", "timestamp": "1769384416068", "hash": "2ee59b7f20a2d3a9a8e7b120d37723edfb56489e", "bids": [{"price": "0.01", "size": "6784.64"}, {"price": "0.02", "size": "4314.05"}, {"price": "0.04", "size": "320.24"}, {"price": "0.12", "size": "300"}, {"price": "0.13", "size": "1090.11"}, {"price": "0.14", "size": "1015.11"}, {"price": "0.15", "size": "75"}, {"price": "0.16", "size": "50"}, {"price": "0.22", "size": "127.93"}], "asks": [{"price": "0.99", "size": "7184.19"}, {"price": "0.98", "size": "1150"}, {"price": "0.97", "size": "4488.96"}, {"price": "0.76", "size": "300"}, {"price": "0.73", "size": "1090.11"}, {"price": "0.72", "size": "890.11"}, {"price": "0.71", "size": "125"}, {"price": "0.7", "size": "62"}, {"price": "0.69", "size": "75"}, {"price": "0.5", "size": "10"}, {"price": "0.49", "size": "89"}], "event_type": "book", "last_trade_price": "0.660"}, {"market": "0x19a5f4d90e22cb992635ef15a19f8d5ffc64f556a48662afdca827775aa16c08", "asset_id": "55438407177979400780919220955635844711805507488335377116492952956510297705010", "timestamp": "1769383980526", "hash": "e538b63a2877d4c0cc607af28cc99388a043801d", "bids": [{"price": "0.01", "size": "11388.93"}, {"price": "0.02", "size": "155.89"}, {"price": "0.03", "size": "30.74"}, {"price": "0.08", "size": "1140.11"}, {"price": "0.09", "size": "890.11"}], "asks": [{"price": "0.99", "size": "11398.58"}, {"price": "0.98", "size": "160.48"}, {"price": "0.97", "size": "85.65"}, {"price": "0.96", "size": "39.24"}], "event_type": "book", "last_trade_price": ""}, {"market": "0x0727f9f4666484828ee1cc5d250be92a5290ce5a69a20467d77931aed5a95d00", "asset_id": "89219807408614080357426386263610125885671883975534230969322133238697084556538", "timestamp": "1769384447736", "hash": "ada633f1c952b8b54a20abfc1f121f5d9081f553", "bids": [{"price": "0.01", "size": "302.04"}, {"price": "0.02", "size": "275.48"}, {"price": "0.03", "size": "18.99"}, {"price": "0.04", "size": "40.39"}], "asks": [{"price": "0.99", "size": "302.04"}, {"price": "0.98", "size": "257.48"}, {"price": "0.97", "size": "18.99"}, {"price": "0.95", "size": "23.99"}, {"price": "0.94", "size": "5.47"}], "event_type": "book", "last_trade_price": ""}, {"market": "0x2401a3354060ac23b5062944956a3ea95a21ad155ee141dca22b77b5069cead5", "asset_id": "92426077490069247283959754958996210946507815057942602898525691466790118944540", "timestamp": "1769384276482", "hash": "8ae3dc49cd2a1d13f6ecc56dc26be23c9c164349", "bids": [{"price": "0.01", "size": "11431.62"}, {"price": "0.02", "size": "937.57"}, {"price": "0.03", "size": "23"}, {"price": "0.06", "size": "5.47"}, {"price": "0.07", "size": "5.47"}, {"price": "0.28", "size": "50"}], "asks": [{"price": "0.99", "size": "10559.1"}, {"price": "0.98", "size": "18.72"}, {"price": "0.97", "size": "1140.11"}, {"price": "0.96", "size": "930.07"}], "event_type": "book", "last_trade_price": ""}, {"market": "0x96933d51a0f93177040c7572e5b4ae6ca5495cd93a08418af55ade18a8848270", "asset_id": "62678107738722867666510553584045721012525979989359682908746275707554312623850", "timestamp": "1769384478004", "hash": "6a9092850035596abdc80df2b85bba5a8884bdc8", "bids": [{"price": "0.01", "size": "10550.35"}, {"price": "0.02", "size": "43.03"}, {"price": "0.06", "size": "1140.11"}, {"price": "0.07", "size": "890.11"}], "asks": [{"price": "0.99", "size": "10542.8"}, {"price": "0.98", "size": "16.1"}, {"price": "0.94", "size": "1145.58"}, {"price": "0.93", "size": "895.58"}, {"price": "0.92", "size": "7.67"}, {"price": "0.72", "size": "50"}], "event_type": "book", "last_trade_price": ""}, {"market": "0x2bb9c2b1fadb0293a93d55eb67044f7face9cfa07470f4a89a27c017b0335e8c", "asset_id": "48837421887473558774565641243168624425487739904275781922315636382382879623206", "timestamp": "1769383980494", "hash": "e00f056fe94347d1821cdc64e9fc73760192504b", "bids": [{"price": "0.01", "size": "11398.58"}, {"price": "0.02", "size": "160.48"}, {"price": "0.03", "size": "85.65"}, {"price": "0.04", "size": "55.42"}], "asks": [{"price": "0.99", "size": "11388.93"}, {"price": "0.98", "size": "155.89"}, {"price": "0.97", "size": "30.74"}, {"price": "0.92", "size": "1140.11"}, {"price": "0.91", "size": "890.11"}], "event_type": "book", "last_trade_price": ""}, {"market": "0x23b9f464813a604d156b9c39ff5c37853019ede568d57becdf5c439b45628dc4", "asset_id": "30536826496310177750894097825596262849854437565863241298303820464255967660406", "timestamp": "1769384478004", "hash": "5001a6eb3ba20fe6e6d320c57c0a21dbe319da9a", "bids": [{"price": "0.01", "size": "10455.24"}, {"price": "0.02", "size": "25.56"}, {"price": "0.04", "size": "1140.11"}, {"price": "0.05", "size": "896.12"}], "asks": [{"price": "0.99", "size": "10442.72"}, {"price": "0.98", "size": "6.46"}, {"price": "0.96", "size": "5.03"}, {"price": "0.95", "size": "1190.11"}, {"price": "0.94", "size": "890.11"}, {"price": "0.93", "size": "10.94"}, {"price": "0.92", "size": "7.58"}, {"price": "0.72", "size": "50"}], "event_type": "book", "last_trade_price": ""}, {"market": "0x947eda69992ec87be0835dd381d44e014b118a726913d9de83f4af6ca0b5efcf", "asset_id": "18449152278240458640327454535631524659890809526570450948234254399542427812400", "timestamp": "1769384447736", "hash": "8a1a30502cddb0a6b767adec6d82041571466b88", "bids": [{"price": "0.01", "size": "293.28"}, {"price": "0.02", "size": "255.94"}, {"price": "0.03", "size": "22.94"}, {"price": "0.05", "size": "23.99"}, {"price": "0.06", "size": "5.47"}], "asks": [{"price": "0.99", "size": "302.04"}, {"price": "0.98", "size": "275.48"}, {"price": "0.97", "size": "18.99"}, {"price": "0.96", "size": "29.99"}], "event_type": "book", "last_trade_price": ""}]}
{"_local_timestamp": "2026-01-25T23:41:46.163127+00:00", "data": {"market": "0xc59e05f66a6acaaeddf42ecc60109a5b29a7bebb68ae9d40312ec25ea8000287", "price_changes": [{"asset_id": "65249763713921911106800536792587915720039618349865339649776218927242924336631", "price": "0.2", "size": "50", "side": "BUY", "hash": "ad227956f96504f6ba52f13a3ec7ccc8fd3186ad", "best_bid": "0.22", "best_ask": "0.49"}, {"asset_id": "89135499517478225626457875899535430584955245079575176312396543173022239218395", "price": "0.8", "size": "50", "side": "SELL", "hash": "c5973171dc74395a0707e69ce64923aeccbe2752", "best_bid": "0.51", "best_ask": "0.78"}], "timestamp": "1769384506091", "event_type": "price_change"}}
{"_local_timestamp": "2026-01-25T23:41:46.164682+00:00", "data": {"market": "0xc59e05f66a6acaaeddf42ecc60109a5b29a7bebb68ae9d40312ec25ea8000287", "price_changes": [{"asset_id": "89135499517478225626457875899535430584955245079575176312396543173022239218395", "price": "0.64", "size": "50", "side": "BUY", "hash": "d86648c74165e4e81d85536f407aa37254fdd82b", "best_bid": "0.64", "best_ask": "0.78"}, {"asset_id": "65249763713921911106800536792587915720039618349865339649776218927242924336631", "price": "0.36", "size": "50", "side": "SELL", "hash": "28d5aacd932799c8e0fafcc95081ee849cc73ba7", "best_bid": "0.22", "best_ask": "0.36"}], "timestamp": "1769384506091", "event_type": "price_change"}}
{"_local_timestamp": "2026-01-25T23:41:46.198946+00:00", "data": {"market": "0xc59e05f66a6acaaeddf42ecc60109a5b29a7bebb68ae9d40312ec25ea8000287", "price_changes": [{"asset_id": "65249763713921911106800536792587915720039618349865339649776218927242924336631", "price": "0.16", "size": "10", "side": "BUY", "hash": "19ceef90ffc0646745bb0bdb56d78828d625726e", "best_bid": "0.22", "best_ask": "0.36"}, {"asset_id": "89135499517478225626457875899535430584955245079575176312396543173022239218395", "price": "0.84", "size": "10", "side": "SELL", "hash": "7c7fae771e7b915ed0c8d5ff9a31e24e11db1fcb", "best_bid": "0.64", "best_ask": "0.78"}], "timestamp": "1769384506128", "event_type": "price_change"}}
{"_local_timestamp": "2026-01-25T23:41:46.199524+00:00", "data": {"market": "0xc59e05f66a6acaaeddf42ecc60109a5b29a7bebb68ae9d40312ec25ea8000287", "price_changes": [{"asset_id": "65249763713921911106800536792587915720039618349865339649776218927242924336631", "price": "0.2", "size": "83", "side": "BUY", "hash": "a7b5f2ca432700a90d4b2eb8fcc421a7354e02cb", "best_bid": "0.22", "best_ask": "0.36"}, {"asset_id": "89135499517478225626457875899535430584955245079575176312396543173022239218395", "price": "0.8", "size": "83", "side": "SELL", "hash": "0e35db3f64c042e405105fcdb0de60378f5bf256", "best_bid": "0.64", "best_ask": "0.78"}], "timestamp": "1769384506130", "event_type": "price_change"}}
{"_local_timestamp": "2026-01-25T23:41:48.211735+00:00", "data": {"market": "0xc59e05f66a6acaaeddf42ecc60109a5b29a7bebb68ae9d40312ec25ea8000287", "price_changes": [{"asset_id": "89135499517478225626457875899535430584955245079575176312396543173022239218395", "price": "0.51", "size": "50", "side": "BUY", "hash": "ba937c17f44aab62e0a3e4a550faebcb11e5c7f4", "best_bid": "0.64", "best_ask": "0.78"}, {"asset_id": "65249763713921911106800536792587915720039618349865339649776218927242924336631", "price": "0.49", "size": "50", "side": "SELL", "hash": "f8942b28be5eb9160c641d9229ecd254b899d98c", "best_bid": "0.22", "best_ask": "0.36"}], "timestamp": "1769384508139", "event_type": "price_change"}}
{"_local_timestamp": "2026-01-25T23:41:48.212321+00:00", "data": {"market": "0xc59e05f66a6acaaeddf42ecc60109a5b29a7bebb68ae9d40312ec25ea8000287", "price_changes": [{"asset_id": "89135499517478225626457875899535430584955245079575176312396543173022239218395", "price": "0.64", "size": "89", "side": "BUY", "hash": "62aa8ba4a3a3408d84efa327f1455681f0330e3d", "best_bid": "0.64", "best_ask": "0.78"}, {"asset_id": "65249763713921911106800536792587915720039618349865339649776218927242924336631", "price": "0.36", "size": "89", "side": "SELL", "hash": "67a3283d165b2635186a0561f16c8fea2f660e30", "best_bid": "0.22", "best_ask": "0.36"}], "timestamp": "1769384508145", "event_type": "price_change"}}
{"_local_timestamp": "2026-01-25T23:41:48.212792+00:00", "data": {"market": "0xc59e05f66a6acaaeddf42ecc60109a5b29a7bebb68ae9d40312ec25ea8000287", "price_changes": [{"asset_id": "65249763713921911106800536792587915720039618349865339649776218927242924336631", "price": "0.16", "size": "17", "side": "BUY", "hash": "9e71b6bbe554aa28f6417f150ede47d71ce305d3", "best_bid": "0.22", "best_ask": "0.36"}, {"asset_id": "89135499517478225626457875899535430584955245079575176312396543173022239218395", "price": "0.84", "size": "17", "side": "SELL", "hash": "d299117021d038824ed882ac852727fcd5cbaf8a", "best_bid": "0.64", "best_ask": "0.78"}], "timestamp": "1769384508146", "event_type": "price_change"}}
{"_local_timestamp": "2026-01-25T23:41:56.069516+00:00", "data": {"market": "0x2401a3354060ac23b5062944956a3ea95a21ad155ee141dca22b77b5069cead5", "price_changes": [{"asset_id": "92426077490069247283959754958996210946507815057942602898525691466790118944540", "price": "0.28", "size": "0", "side": "BUY", "hash": "147cf420f88948238a9f2e292f364c1ed3508831", "best_bid": "0.07", "best_ask": "0.96"}, {"asset_id": "29809993680420121829041521802470759704351204111817325020401851092919600935989", "price": "0.72", "size": "0", "side": "SELL", "hash": "704c6013f7ff9e34b9c9e57f5ff9481c66d4fed5", "best_bid": "0.04", "best_ask": "0.93"}], "timestamp": "1769384516000", "event_type": "price_change"}}
{"_local_timestamp": "2026-01-25T23:42:06.636815+00:00", "data": {"market": "0x947eda69992ec87be0835dd381d44e014b118a726913d9de83f4af6ca0b5efcf", "price_changes": [{"asset_id": "18449152278240458640327454535631524659890809526570450948234254399542427812400", "price": "0.05", "size": "0", "side": "BUY", "hash": "ad750d7180684529ad5ee1c04ffea2766d3eb28e", "best_bid": "0.06", "best_ask": "0.96"}, {"asset_id": "43177391289123384037057302476684267359530765543005564267433747882504076922907", "price": "0.95", "size": "0", "side": "SELL", "hash": "9a0d2da3fca528e0b3d3695a645e816c0c7d6e2e", "best_bid": "0.04", "best_ask": "0.94"}], "timestamp": "1769384526567", "event_type": "price_change"}}
{"_local_timestamp": "2026-01-25T23:42:06.637602+00:00", "data": {"market": "0x0727f9f4666484828ee1cc5d250be92a5290ce5a69a20467d77931aed5a95d00", "price_changes": [{"asset_id": "35910343730033898022117182434342860526965277191087661958434554396227107909146", "price": "0.05", "size": "0", "side": "BUY", "hash": "bcd22aaa2f00456a68a4427aa5bb3793efcb279b", "best_bid": "0.06", "best_ask": "0.96"}, {"asset_id": "89219807408614080357426386263610125885671883975534230969322133238697084556538", "price": "0.95", "size": "0", "side": "SELL", "hash": "c2434a710f1c8dd97ce6a2b83cb274044d0cba94", "best_bid": "0.04", "best_ask": "0.94"}], "timestamp": "1769384526567", "event_type": "price_change"}}
{"_local_timestamp": "2026-01-25T23:42:10.828653+00:00", "data": {"market": "0x0727f9f4666484828ee1cc5d250be92a5290ce5a69a20467d77931aed5a95d00", "price_changes": [{"asset_id": "35910343730033898022117182434342860526965277191087661958434554396227107909146", "price": "0.06", "size": "0", "side": "BUY", "hash": "51d5082102a514ae8c9c5ef23152c325a26146a3", "best_bid": "0.03", "best_ask": "0.96"}, {"asset_id": "89219807408614080357426386263610125885671883975534230969322133238697084556538", "price": "0.94", "size": "0", "side": "SELL", "hash": "a78fd1dd341516bf554d09f5153484f2ba6c6b16", "best_bid": "0.04", "best_ask": "0.97"}], "timestamp": "1769384530760", "event_type": "price_change"}}
{"_local_timestamp": "2026-01-25T23:42:10.835550+00:00", "data": {"market": "0x947eda69992ec87be0835dd381d44e014b118a726913d9de83f4af6ca0b5efcf", "price_changes": [{"asset_id": "18449152278240458640327454535631524659890809526570450948234254399542427812400", "price": "0.06", "size": "0", "side": "BUY", "hash": "c912dd77ced8ce452f6a3aea59c865671c432819", "best_bid": "0.03", "best_ask": "0.96"}, {"asset_id": "43177391289123384037057302476684267359530765543005564267433747882504076922907", "price": "0.94", "size": "0", "side": "SELL", "hash": "2805131dc1e13d8645a41cb03c3f7b526c70aee3", "best_bid": "0.04", "best_ask": "0.97"}], "timestamp": "1769384530761", "event_type": "price_change"}}
{"_local_timestamp": "2026-01-25T23:42:11.136123+00:00", "data": {"market": "0x947eda69992ec87be0835dd381d44e014b118a726913d9de83f4af6ca0b5efcf", "price_changes": [{"asset_id": "18449152278240458640327454535631524659890809526570450948234254399542427812400", "price": "0.04", "size": "5.47", "side": "BUY", "hash": "adcc341ed80520a3f116c73f3641f811e90d9d00", "best_bid": "0.04", "best_ask": "0.96"}, {"asset_id": "43177391289123384037057302476684267359530765543005564267433747882504076922907", "price": "0.96", "size": "5.47", "side": "SELL", "hash": "81c3f9939ec18ee991613354a3a556d12ed4e00b", "best_bid": "0.04", "best_ask": "0.96"}], "timestamp": "1769384531072", "event_type": "price_change"}}
{"_local_timestamp": "2026-01-25T23:42:11.144758+00:00", "data": {"market": "0x0727f9f4666484828ee1cc5d250be92a5290ce5a69a20467d77931aed5a95d00", "price_changes": [{"asset_id": "35910343730033898022117182434342860526965277191087661958434554396227107909146", "price": "0.04", "size": "5.47", "side": "BUY", "hash": "892706ab736ac472df26b49f5de85a2ce56b3595", "best_bid": "0.04", "best_ask": "0.96"}, {"asset_id": "89219807408614080357426386263610125885671883975534230969322133238697084556538", "price": "0.96", "size": "5.47", "side": "SELL", "hash": "77ba56962050b6e070b30f7b4348bf50c0559c6f", "best_bid": "0.04", "best_ask": "0.96"}], "timestamp": "1769384531072", "event_type": "price_change"}}
{"_local_timestamp": "2026-01-25T23:42:18.299969+00:00", "data": {"market": "0x23b9f464813a604d156b9c39ff5c37853019ede568d57becdf5c439b45628dc4", "price_changes": [{"asset_id": "85837250814074077539211908285417961683753530308174982617161094927667394156047", "price": "0.04", "size": "0", "side": "BUY", "hash": "7ccfe0e523e48d9989eb20720c8867a8dc4ceba7", "best_bid": "0.28", "best_ask": "0.95"}, {"asset_id": "30536826496310177750894097825596262849854437565863241298303820464255967660406", "price": "0.96", "size": "0", "side": "SELL", "hash": "89b92fcc6d5043976413619af431c28ecf55025c", "best_bid": "0.05", "best_ask": "0.72"}], "timestamp": "1769384538207", "event_type": "price_change"}}
{"_local_timestamp": "2026-01-25T23:42:18.564061+00:00", "data": {"market": "0x23b9f464813a604d156b9c39ff5c37853019ede568d57becdf5c439b45628dc4", "price_changes": [{"asset_id": "85837250814074077539211908285417961683753530308174982617161094927667394156047", "price": "0.02", "size": "16.53", "side": "BUY", "hash": "d33507434e14df05a5f6da48ffceabc06c4c93b5", "best_bid": "0.28", "best_ask": "0.95"}, {"asset_id": "30536826496310177750894097825596262849854437565863241298303820464255967660406", "price": "0.98", "size": "16.53", "side": "SELL", "hash": "ab325934244dd5057369fe26d8bc66493fbc9d76", "best_bid": "0.05", "best_ask": "0.72"}], "timestamp": "1769384538454", "event_type": "price_change"}}
{"_local_timestamp": "2026-01-25T23:42:20.652273+00:00", "data": {"market": "0x947eda69992ec87be0835dd381d44e014b118a726913d9de83f4af6ca0b5efcf", "price_changes": [{"asset_id": "18449152278240458640327454535631524659890809526570450948234254399542427812400", "price": "0.03", "size": "9.8", "side": "BUY", "hash": "626a850e879700d4ec843c3e120020ba044d3ca0", "best_bid": "0.04", "best_ask": "0.96"}, {"asset_id": "43177391289123384037057302476684267359530765543005564267433747882504076922907", "price": "0.97", "size": "9.8", "side": "SELL", "hash": "a1f7b6a089cd0225de23cdf9e9067127c7dc4059", "best_bid": "0.04", "best_ask": "0.96"}], "timestamp": "1769384540507", "event_type": "price_change"}}
{"_local_timestamp": "2026-01-25T23:42:20.975393+00:00", "data": {"market": "0x947eda69992ec87be0835dd381d44e014b118a726913d9de83f4af6ca0b5efcf", "price_changes": [{"asset_id": "18449152278240458640327454535631524659890809526570450948234254399542427812400", "price": "0.01", "size": "302.79", "side": "BUY", "hash": "b46267d4ec333c6ae2dbe49e2f2ef09ac0c0d0c1", "best_bid": "0.04", "best_ask": "0.96"}, {"asset_id": "43177391289123384037057302476684267359530765543005564267433747882504076922907", "price": "0.99", "size": "302.79", "side": "SELL", "hash": "bd43a312e85718cd92e26c83dd85d2876fdbb26a", "best_bid": "0.04", "best_ask": "0.96"}], "timestamp": "1769384540845", "event_type": "price_change"}}
{"_local_timestamp": "2026-01-25T23:42:20.979234+00:00", "data": {"market": "0x947eda69992ec87be0835dd381d44e014b118a726913d9de83f4af6ca0b5efcf", "price_changes": [{"asset_id": "18449152278240458640327454535631524659890809526570450948234254399542427812400", "price": "0.03", "size": "19.77", "side": "BUY", "hash": "d25461f232ed63f2194b9d807befc1008869ab5e", "best_bid": "0.04", "best_ask": "0.96"}, {"asset_id": "43177391289123384037057302476684267359530765543005564267433747882504076922907", "price": "0.97", "size": "19.77", "side": "SELL", "hash": "f798482ae216a6d4c35e7f0279bee957c9745bc4", "best_bid": "0.04", "best_ask": "0.96"}], "timestamp": "1769384540846", "event_type": "price_change"}}
{"_local_timestamp": "2026-01-25T23:42:37.618835+00:00", "data": {"market": "0x2401a3354060ac23b5062944956a3ea95a21ad155ee141dca22b77b5069cead5", "price_changes": [{"asset_id": "92426077490069247283959754958996210946507815057942602898525691466790118944540", "price": "0.02", "size": "906.22", "side": "BUY", "hash": "31bc060058fe47cb0bbe6b427a49c36d83557a66", "best_bid": "0.07", "best_ask": "0.96"}, {"asset_id": "29809993680420121829041521802470759704351204111817325020401851092919600935989", "price": "0.98", "size": "906.22", "side": "SELL", "hash": "b2c5b710f2787ba3eb9bbe04cd67ada4e6af6c3a", "best_bid": "0.04", "best_ask": "0.93"}], "timestamp": "1769384557432", "event_type": "price_change"}}
{"_local_timestamp": "2026-01-25T23:42:37.621411+00:00", "data": {"market": "0xc59e05f66a6acaaeddf42ecc60109a5b29a7bebb68ae9d40312ec25ea8000287", "price_changes": [{"asset_id": "89135499517478225626457875899535430584955245079575176312396543173022239218395", "price": "0.03", "size": "4457.32", "side": "BUY", "hash": "60e23af97d0b2b6bafa152621c1896f58372337f", "best_bid": "0.64", "best_ask": "0.78"}, {"asset_id": "65249763713921911106800536792587915720039618349865339649776218927242924336631", "price": "0.97", "size": "4457.32", "side": "SELL", "hash": "ddb5bf4298454a405585e08c41beef3a200bcd85", "best_bid": "0.22", "best_ask": "0.36"}], "timestamp": "1769384557432", "event_type": "price_change"}}
{"_local_timestamp": "2026-01-25T23:42:38.224756+00:00", "data": {"market": "0xc59e05f66a6acaaeddf42ecc60109a5b29a7bebb68ae9d40312ec25ea8000287", "price_changes": [{"asset_id": "89135499517478225626457875899535430584955245079575176312396543173022239218395", "price": "0.01", "size": "7193.6", "side": "BUY", "hash": "665097aac2326b6539d39ec4ea7ce74c068ac420", "best_bid": "0.64", "best_ask": "0.78"}, {"asset_id": "65249763713921911106800536792587915720039618349865339649776218927242924336631", "price": "0.99", "size": "7193.6", "side": "SELL", "hash": "6986bad46a787c959d662dcdc58d5f08b6f819ba", "best_bid": "0.22", "best_ask": "0.36"}], "timestamp": "1769384558034", "event_type": "price_change"}}
{"_local_timestamp": "2026-01-25T23:42:38.225421+00:00", "data": {"market": "0x2401a3354060ac23b5062944956a3ea95a21ad155ee141dca22b77b5069cead5", "price_changes": [{"asset_id": "92426077490069247283959754958996210946507815057942602898525691466790118944540", "price": "0.01", "size": "11440.64", "side": "BUY", "hash": "a4c5fd30b3036801ad54d634a53fd4d44938b3e8", "best_bid": "0.07", "best_ask": "0.96"}, {"asset_id": "29809993680420121829041521802470759704351204111817325020401851092919600935989", "price": "0.99", "size": "11440.64", "side": "SELL", "hash": "4b078d7bf227b8a0a2f251748858922a0473ce42", "best_bid": "0.04", "best_ask": "0.93"}], "timestamp": "1769384558034", "event_type": "price_change"}}
{"_local_timestamp": "2026-01-25T23:42:38.225998+00:00", "data": {"market": "0xc59e05f66a6acaaeddf42ecc60109a5b29a7bebb68ae9d40312ec25ea8000287", "price_changes": [{"asset_id": "89135499517478225626457875899535430584955245079575176312396543173022239218395", "price": "0.04", "size": "21.37", "side": "BUY", "hash": "353cfb8dfa4dbe1fb820bf2f0decb9d00f69ffc9", "best_bid": "0.64", "best_ask": "0.78"}, {"asset_id": "65249763713921911106800536792587915720039618349865339649776218927242924336631", "price": "0.96", "size": "21.37", "side": "SELL", "hash": "20e00f577dd84148298282231f9ff881ab621846", "best_bid": "0.22", "best_ask": "0.36"}], "timestamp": "1769384558035", "event_type": "price_change"}}
{"_local_timestamp": "2026-01-25T23:42:38.226550+00:00", "data": {"market": "0x2401a3354060ac23b5062944956a3ea95a21ad155ee141dca22b77b5069cead5", "price_changes": [{"asset_id": "92426077490069247283959754958996210946507815057942602898525691466790118944540", "price": "0.04", "size": "13.41", "side": "BUY", "hash": "c08259d2cb19f140fc0267a0eab60a6c59e16358", "best_bid": "0.07", "best_ask": "0.96"}, {"asset_id": "29809993680420121829041521802470759704351204111817325020401851092919600935989", "price": "0.96", "size": "13.41", "side": "SELL", "hash": "a7bb6af1ca450a80c586dbc2be50034e542b166d", "best_bid": "0.04", "best_ask": "0.93"}], "timestamp": "1769384558035", "event_type": "price_change"}}
{"_local_timestamp": "2026-01-25T23:42:38.633419+00:00", "data": {"market": "0xc59e05f66a6acaaeddf42ecc60109a5b29a7bebb68ae9d40312ec25ea8000287", "price_changes": [{"asset_id": "65249763713921911106800536792587915720039618349865339649776218927242924336631", "price": "0.04", "size": "300", "side": "BUY", "hash": "3d4ea17272615070d3be4d8c1fd562498108f3e2", "best_bid": "0.22", "best_ask": "0.36"}, {"asset_id": "89135499517478225626457875899535430584955245079575176312396543173022239218395", "price": "0.96", "size": "300", "side": "SELL", "hash": "57fe07dc257acb873c6e681b727c4e2bba725c49", "best_bid": "0.64", "best_ask": "0.78"}], "timestamp": "1769384558466", "event_type": "price_change"}}
{"_local_timestamp": "2026-01-25T23:42:39.309299+00:00", "data": {"market": "0xc59e05f66a6acaaeddf42ecc60109a5b29a7bebb68ae9d40312ec25ea8000287", "price_changes": [{"asset_id": "65249763713921911106800536792587915720039618349865339649776218927242924336631", "price": "0.05", "size": "16.2", "side": "BUY", "hash": "06583d4581ffb66f2b46359a7a05e25154ef9bcd", "best_bid": "0.22", "best_ask": "0.36"}, {"asset_id": "89135499517478225626457875899535430584955245079575176312396543173022239218395", "price": "0.95", "size": "16.2", "side": "SELL", "hash": "80d4522a191f2e200032b2f2246cd4b244482910", "best_bid": "0.64", "best_ask": "0.78"}], "timestamp": "1769384559162", "event_type": "price_change"}}
{"_local_timestamp": "2026-01-25T23:43:27.170423+00:00", "data": {"market": "0x2401a3354060ac23b5062944956a3ea95a21ad155ee141dca22b77b5069cead5", "price_changes": [{"asset_id": "92426077490069247283959754958996210946507815057942602898525691466790118944540", "price": "0.28", "size": "50", "side": "BUY", "hash": "52288dfe5be9845aa2adfa0400b450fc823230ad", "best_bid": "0.28", "best_ask": "0.96"}, {"asset_id": "29809993680420121829041521802470759704351204111817325020401851092919600935989", "price": "0.72", "size": "50", "side": "SELL", "hash": "079f40cf17cb1a61999031af3ff5f180762221aa", "best_bid": "0.04", "best_ask": "0.72"}], "timestamp": "1769384607063", "event_type": "price_change"}}
{"_local_timestamp": "2026-01-25T23:43:35.990847+00:00", "data": {"market": "0x0727f9f4666484828ee1cc5d250be92a5290ce5a69a20467d77931aed5a95d00", "price_changes": [{"asset_id": "35910343730033898022117182434342860526965277191087661958434554396227107909146", "price": "0.05", "size": "23.99", "side": "BUY", "hash": "208751ff344db19e7297d91ac514d12947af5959", "best_bid": "0.05", "best_ask": "0.96"}, {"asset_id": "89219807408614080357426386263610125885671883975534230969322133238697084556538", "price": "0.95", "size": "23.99", "side": "SELL", "hash": "785cb3266f4e0fd895c876f716bf8492a5da6163", "best_bid": "0.04", "best_ask": "0.95"}], "timestamp": "1769384615895", "event_type": "price_change"}}
{"_local_timestamp": "2026-01-25T23:43:35.991451+00:00", "data": {"market": "0x947eda69992ec87be0835dd381d44e014b118a726913d9de83f4af6ca0b5efcf", "price_changes": [{"asset_id": "18449152278240458640327454535631524659890809526570450948234254399542427812400", "price": "0.05", "size": "23.99", "side": "BUY", "hash": "1db7d72857e7c153ec7c6acedae77b12be1917a3", "best_bid": "0.05", "best_ask": "0.96"}, {"asset_id": "43177391289123384037057302476684267359530765543005564267433747882504076922907", "price": "0.95", "size": "23.99", "side": "SELL", "hash": "60d7f580f1ad308c27e92165e2dc3140be700151", "best_bid": "0.04", "best_ask": "0.95"}], "timestamp": "1769384615895", "event_type": "price_change"}}
{"_local_timestamp": "2026-01-25T23:43:39.890244+00:00", "data": {"market": "0x0727f9f4666484828ee1cc5d250be92a5290ce5a69a20467d77931aed5a95d00", "price_changes": [{"asset_id": "35910343730033898022117182434342860526965277191087661958434554396227107909146", "price": "0.04", "size": "0", "side": "BUY", "hash": "e669fe6e375ca14851cfe07bcb47004f3c2dfa26", "best_bid": "0.05", "best_ask": "0.96"}, {"asset_id": "89219807408614080357426386263610125885671883975534230969322133238697084556538", "price": "0.96", "size": "0", "side": "SELL", "hash": "33b33861f7d525620e181f8ba17b4a97695c07f8", "best_bid": "0.04", "best_ask": "0.95"}], "timestamp": "1769384619812", "event_type": "price_change"}}
{"_local_timestamp": "2026-01-25T23:43:39.894645+00:00", "data": {"market": "0x947eda69992ec87be0835dd381d44e014b118a726913d9de83f4af6ca0b5efcf", "price_changes": [{"asset_id": "18449152278240458640327454535631524659890809526570450948234254399542427812400", "price": "0.04", "size": "0", "side": "BUY", "hash": "8cf37e789965c8315a8f498bb39ee305d932624f", "best_bid": "0.05", "best_ask": "0.96"}, {"asset_id": "43177391289123384037057302476684267359530765543005564267433747882504076922907", "price": "0.96", "size": "0", "side": "SELL", "hash": "7a8dc72e5ea25e531c520302bef845b6412c5d89", "best_bid": "0.04", "best_ask": "0.95"}], "timestamp": "1769384619812", "event_type": "price_change"}}
{"_local_timestamp": "2026-01-25T23:43:40.172804+00:00", "data": {"market": "0x947eda69992ec87be0835dd381d44e014b118a726913d9de83f4af6ca0b5efcf", "price_changes": [{"asset_id": "18449152278240458640327454535631524659890809526570450948234254399542427812400", "price": "0.06", "size": "5.47", "side": "BUY", "hash": "8a07b49b64868385479846477f083eec741cacf4", "best_bid": "0.06", "best_ask": "0.96"}, {"asset_id": "43177391289123384037057302476684267359530765543005564267433747882504076922907", "price": "0.94", "size": "5.47", "side": "SELL", "hash": "fe362f1901f9badf2a883a038971cef04b5e77e4", "best_bid": "0.04", "best_ask": "0.94"}], "timestamp": "1769384620066", "event_type": "price_change"}}
{"_local_timestamp": "2026-01-25T23:43:40.177761+00:00", "data": {"market": "0x0727f9f4666484828ee1cc5d250be92a5290ce5a69a20467d77931aed5a95d00", "price_changes": [{"asset_id": "35910343730033898022117182434342860526965277191087661958434554396227107909146", "price": "0.06", "size": "5.47", "side": "BUY", "hash": "96e6c47fe5572881199e71ba873f5022915789de", "best_bid": "0.06", "best_ask": "0.96"}, {"asset_id": "89219807408614080357426386263610125885671883975534230969322133238697084556538", "price": "0.94", "size": "5.47", "side": "SELL", "hash": "2519f1cefea3a67bf3c1036d2d4cf3cad00bcaa2", "best_bid": "0.04", "best_ask": "0.94"}], "timestamp": "1769384620066", "event_type": "price_change"}}
