{"_local_timestamp": "2026-01-25T23:41:23.983043+00:00", "data": [{"market": "0x69c21de45081ceb2599dabad7f481aaacc0e7f3b22d55ea0667cd26cb7cbaa5d", "asset_id": "100233781824635313531098218672545101599006374140235361511227178660459237562434", "timestamp": "1769382279543", "hash": "4c8771210f1feebd74c5322e6f9db5a57263d7c2", "bids": [{"price": "0.01", "size": "185.48"}, {"price": "0.02", "size": "47.25"}, {"price": "0.43", "size": "50"}], "asks": [{"price": "0.99", "size": "1185.78"}, {"price": "0.98", "size": "47.11"}, {"price": "0.85", "size": "10"}, {"price": "0.7", "size": "500"}, {"price": "0.66", "size": "1000"}, {"price": "0.65", "size": "80"}, {"price": "0.64", "size": "3000"}], "event_type": "book", "last_trade_price": "0.530"}, {"market": "0x001c353c244069dd4cec7256cffa9fc72b8b2a2bd81e11f314915952383b797c", "asset_id": "98867440143782499399674888810263190696616181738650068135963226850224142943896", "timestamp": "1769384443107", "hash": "3e9ae6a40a8ed4caf99e53c3edecf92aed490d9b", "bids": [{"price": "0.01", "size": "2788.76"}, {"price": "0.02", "size": "1000"}, {"price": "0.03", "size": "6.99"}, {"price": "0.04", "size": "2100"}, {"price": "0.05", "size": "800"}, {"price": "0.06", "size": "11.71"}, {"price": "0.21", "size": "119"}, {"price": "0.3", "size": "300"}, {"price": "0.31", "size": "14533"}, {"price": "0.32", "size": "15706"}, {"price": "0.33", "size": "33899"}, {"price": "0.34", "size": "19550"}, {"price": "0.35", "size": "4865.93"}], "asks": [{"price": "0.99", "size": "2789.96"}, {"price": "0.98", "size": "2100"}, {"price": "0.97", "size": "10.41"}, {"price": "0.95", "size": "20"}, {"price": "0.93", "size": "1700"}, {"price": "0.9", "size": "800"}, {"price": "0.89", "size": "5.34"}, {"price": "0.8", "size": "400"}, {"price": "0.73", "size": "200"}, {"price": "0.66", "size": "100"}, {"price": "0.5", "size": "83"}, {"price": "0.43", "size": "350"}, {"price": "0.4", "size": "40"}, {"price": "0.39", "size": "33"}, {"price": "0.38", "size": "97"}, {"price": "0.37", "size": "11792.49"}, {"price": "0.36", "size": "20337.31"}], "event_type": "book", "last_trade_price": "0.640"}, {"market": "0x69c21de45081ceb2599dabad7f481aaacc0e7f3b22d55ea0667cd26cb7cbaa5d", "asset_id": "95833687944204395178644553938557402901807372021065005817737904173376861684535", "timestamp": "1769382279543", "hash": "5283cd30a77804390e2f2f94e449563ec9a0a5f2", "bids": [{"price": "0.01", "size": "1185.78"}, {"price": "0.02", "size": "47.11"}, {"price": "0.15", "size": "10"}, {"price": "0.3", "size": "500"}, {"price": "0.34", "size": "1000"}, {"price": "0.35", "size": "80"}, {"price": "0.36", "size": "3000"}], "asks": [{"price": "0.99", "size": "185.48"}, {"price": "0.98", "size": "47.25"}, {"price": "0.57", "size": "50"}], "event_type": "book", "last_trade_price": "0.530"}, {"market": "0x430aab94313e8455c1f733d721e644ece2ff011f9361e40792e0ef0078f1db7f", "asset_id": "37560777106562476203921852514162124504473992802704816748679251849099198183778", "timestamp": "1769384254019", "hash": "632ada9b63d3529a58f2a1d851799374932d6411", "bids": [{"price": "0.01", "size": "1085.1"}, {"price": "0.02", "size": "47.44"}, {"price": "0.2", "size": "200"}, {"price": "0.27", "size": "200"}, {"price": "0.59", "size": "10000"}, {"price": "0.61", "size": "10000"}], "asks": [{"price": "0.99", "size": "1080"}, {"price": "0.98", "size": "50"}, {"price": "0.71", "size": "10000"}, {"price": "0.69", "size": "10000"}], "event_type": "book", "last_trade_price": ""}, {"market": "0x23d78e552ce471bd8023e53b85bb0eba8d379ed35e8f1b70fbdbf1665f740b45", "asset_id": "46018653459074182322336622707504864205815553648701542511774269745333148626006", "timestamp": "1769384475934", "hash": "572874575d68a084fddb9b2ccfdc2307fdca978a", "bids": [{"price": "0.01", "size": "1136.89"}, {"price": "0.02", "size": "47.3"}, {"price": "0.45", "size": "5000"}, {"price": "0.46", "size": "10020"}], "asks": [{"price": "0.99", "size": "1136.79"}, {"price": "0.98", "size": "47.35"}, {"price": "0.8", "size": "200"}, {"price": "0.5", "size": "10000"}], "event_type": "book", "last_trade_price": "0.530"}, {"market": "0x23d78e552ce471bd8023e53b85bb0eba8d379ed35e8f1b70fbdbf1665f740b45", "asset_id": "66915594789967838607151324918562992863882459697767761737579063950722083587758", "timestamp": "1769384475934", "hash": "3e1456457ee46e39b6ec2b59aa8ec03148b4ce8a", "bids": [{"price": "0.01", "size": "1136.79"}, {"price": "0.02", "size": "47.35"}, {"price": "0.2", "size": "200"}, {"price": "0.5", "size": "10000"}], "asks": [{"price": "0.99", "size": "1136.89"}, {"price": "0.98", "size": "47.3"}, {"price": "0.55", "size": "5000"}, {"price": "0.54", "size": "10020"}], "event_type": "book", "last_trade_price": "0.530"}, {"market": "0x001c353c244069dd4cec7256cffa9fc72b8b2a2bd81e11f314915952383b797c", "asset_id": "4589173697576215557807730046205275848276913777924790840802497320319533822442", "timestamp": "1769384443107", "hash": "5d398d866de3349c035f8382cf166155cba035dd", "bids": [{"price": "0.01", "size": "2789.96"}, {"price": "0.02", "size": "2100"}, {"price": "0.03", "size": "10.41"}, {"price": "0.05", "size": "20"}, {"price": "0.07", "size": "1700"}, {"price": "0.1", "size": "800"}, {"price": "0.11", "size": "5.34"}, {"price": "0.2", "size": "400"}, {"price": "0.27", "size": "200"}, {"price": "0.34", "size": "100"}, {"price": "0.5", "size": "83"}, {"price": "0.57", "size": "350"}, {"price": "0.6", "size": "40"}, {"price": "0.61", "size": "33"}, {"price": "0.62", "size": "97"}, {"price": "0.63", "size": "11792.49"}, {"price": "0.64", "size": "20337.31"}], "asks": [{"price": "0.99", "size": "2788.76"}, {"price": "0.98", "size": "1000"}, {"price": "0.97", "size": "6.99"}, {"price": "0.96", "size": "2100"}, {"price": "0.95", "size": "800"}, {"price": "0.94", "size": "11.71"}, {"price": "0.79", "size": "119"}, {"price": "0.7", "size": "300"}, {"price": "0.69", "size": "14533"}, {"price": "0.68", "size": "15706"}, {"price": "0.67", "size": "33899"}, {"price": "0.66", "size": "19550"}, {"price": "0.65", "size": "4865.93"}], "event_type": "book", "last_trade_price": "0.640"}, {"market": "0x328130f0da1f2c17aac372d21fe4c70578148b75a0e7fd5cb9d447a3ab0abcca", "asset_id": "48515630200218192130095781577889005928645379611634750543937984784940018019452", "timestamp": "1769382697889", "hash": "fcab4c6f32c5966f46ec967cae7b7f1c73e61811", "bids": [{"price": "0.01", "size": "192.39"}, {"price": "0.02", "size": "43.8"}, {"price": "0.06", "size": "5.47"}, {"price": "0.07", "size": "5.47"}], "asks": [{"price": "0.99", "size": "1185.78"}, {"price": "0.98", "size": "47.1"}, {"price": "0.85", "size": "10"}, {"price": "0.64", "size": "3000"}], "event_type": "book", "last_trade_price": ""}, {"market": "0x430aab94313e8455c1f733d721e644ece2ff011f9361e40792e0ef0078f1db7f", "asset_id": "95430313138053455452669233555625407095764588616214506709885886231580096928546", "timestamp": "1769384254019", "hash": "7ceeb5e05a6590610a12cf407067e7a366b28557", "bids": [{"price": "0.01", "size": "1080"}, {"price": "0.02", "size": "50"}, {"price": "0.29", "size": "10000"}, {"price": "0.31", "size": "10000"}], "asks": [{"price": "0.99", "size": "1085.1"}, {"price": "0.98", "size": "47.44"}, {"price": "0.8", "size": "200"}, {"price": "0.73", "size": "200"}, {"price": "0.41", "size": "10000"}, {"price": "0.39", "size": "10000"}], "event_type": "book", "last_trade_price": ""}, {"market": "0x328130f0da1f2c17aac372d21fe4c70578148b75a0e7fd5cb9d447a3ab0abcca", "asset_id": "30857296026074536312265576593963624541093088013639808793889303170254514526472", "timestamp": "1769382697889", "hash": "556cdefca694c0ad0e837a801e781e250ca7754a", "bids": [{"price": "0.01", "size": "1185.78"}, {"price": "0.02", "size": "47.1"}, {"price": "0.15", "size": "10"}, {"price": "0.36", "size": "3000"}], "asks": [{"price": "0.99", "size": "192.39"}, {"price": "0.98", "size": "43.8"}, {"price": "0.94", "size": "5.47"}, {"price": "0.93", "size": "5.47"}], "event_type": "book", "last_trade_price": ""}]}
{"_local_timestamp": "2026-01-25T23:42:06.852343+00:00", "data": {"market": "0x23d78e552ce471bd8023e53b85bb0eba8d379ed35e8f1b70fbdbf1665f740b45", "price_changes": [{"asset_id": "66915594789967838607151324918562992863882459697767761737579063950722083587758", "price": "0.52", "size": "275.88", "side": "BUY", "hash": "4fcef6470e2a88fec0dee909e8e997b0a7f96897", "best_bid": "0.52", "best_ask": "0.54"}, {"asset_id": "46018653459074182322336622707504864205815553648701542511774269745333148626006", "price": "0.48", "size": "275.88", "side": "SELL", "hash": "9dc0e7dbd0aec4015fab2e454a5d654dbe78f653", "best_bid": "0.46", "best_ask": "0.48"}], "timestamp": "1769384526763", "event_type": "price_change"}}
{"_local_timestamp": "2026-01-25T23:42:15.900231+00:00", "data": {"market": "0x23d78e552ce471bd8023e53b85bb0eba8d379ed35e8f1b70fbdbf1665f740b45", "price_changes": [{"asset_id": "66915594789967838607151324918562992863882459697767761737579063950722083587758", "price": "0.52", "size": "0", "side": "BUY", "hash": "632935c21532f9edce52c9728a092cd549db9eaa", "best_bid": "0.5", "best_ask": "0.54"}, {"asset_id": "46018653459074182322336622707504864205815553648701542511774269745333148626006", "price": "0.48", "size": "0", "side": "SELL", "hash": "0bcb955bbb3b393bb23af5299b34d40dd08ff877", "best_bid": "0.46", "best_ask": "0.5"}], "timestamp": "1769384535799", "event_type": "price_change"}}
{"_local_timestamp": "2026-01-25T23:42:18.163176+00:00", "data": {"market": "0x001c353c244069dd4cec7256cffa9fc72b8b2a2bd81e11f314915952383b797c", "price_changes": [{"asset_id": "4589173697576215557807730046205275848276913777924790840802497320319533822442", "price": "0.63", "size": "11711", "side": "BUY", "hash": "9fa801bf7a2875eca643cc493fefe9fe119c18b5", "best_bid": "0.64", "best_ask": "0.65"}, {"asset_id": "98867440143782499399674888810263190696616181738650068135963226850224142943896", "price": "0.37", "size": "11711", "side": "SELL", "hash": "8441ab0285a2cd76e4076f636e4e6f720806fb01", "best_bid": "0.35", "best_ask": "0.36"}], "timestamp": "1769384538047", "event_type": "price_change"}}
{"_local_timestamp": "2026-01-25T23:42:24.573800+00:00", "data": {"market": "0x001c353c244069dd4cec7256cffa9fc72b8b2a2bd81e11f314915952383b797c", "price_changes": [{"asset_id": "4589173697576215557807730046205275848276913777924790840802497320319533822442", "price": "0.64", "size": "20418.8", "side": "BUY", "hash": "770a56981aa819612ad89cc43626786c7853a24f", "best_bid": "0.64", "best_ask": "0.65"}, {"asset_id": "98867440143782499399674888810263190696616181738650068135963226850224142943896", "price": "0.36", "size": "20418.8", "side": "SELL", "hash": "f13d362922e2aacad64b879156567bc94d5e763e", "best_bid": "0.35", "best_ask": "0.36"}], "timestamp": "1769384544404", "event_type": "price_change"}}
