{"_local_timestamp": "2026-01-25T23:41:19.449346+00:00", "data": [{"market": "0x21478a9eda4795b21ef6b36dfe588d7b28b4b516c9c9a25005d80d1f1990e07a", "asset_id": "56547025957645419046099124619483344064997524271778931224912952948032844902449", "timestamp": "1769384473939", "hash": "e82440845c493abfbdb822ea6f15c44e347aeaa8", "bids": [{"price": "0.01", "size": "7234.13"}, {"price": "0.02", "size": "4157.32"}, {"price": "0.03", "size": "31.66"}, {"price": "0.2", "size": "200"}, {"price": "0.27", "size": "200"}, {"price": "0.34", "size": "100"}, {"price": "0.66", "size": "1390.11"}, {"price": "0.67", "size": "890.11"}, {"price": "0.68", "size": "100"}], "asks": [{"price": "0.99", "size": "10386.43"}, {"price": "0.98", "size": "49.99"}, {"price": "0.78", "size": "100"}, {"price": "0.77", "size": "1390.11"}, {"price": "0.76", "size": "890.11"}], "event_type": "book", "last_trade_price": ""}, {"market": "0xd336d08c566160ba048982cd3bcb6e7ec713ea9336a92446bc34f493f77842df", "asset_id": "93400981758791869645785192203990808057568260315269629518036730084578020466243", "timestamp": "1769384425864", "hash": "e2536c648cfd9f7e024fc39cc1223bf7f1003104", "bids": [{"price": "0.01", "size": "8129.56"}, {"price": "0.02", "size": "5047.43"}, {"price": "0.03", "size": "5.09"}, {"price": "0.06", "size": "12.39"}, {"price": "0.35", "size": "100"}, {"price": "0.36", "size": "500"}], "asks": [{"price": "0.99", "size": "7234.28"}, {"price": "0.98", "size": "4157.32"}, {"price": "0.97", "size": "31.6"}, {"price": "0.8", "size": "1090.11"}, {"price": "0.79", "size": "890.11"}, {"price": "0.46", "size": "1390.11"}, {"price": "0.45", "size": "990.11"}], "event_type": "book", "last_trade_price": ""}, {"market": "0xd336d08c566160ba048982cd3bcb6e7ec713ea9336a92446bc34f493f77842df", "asset_id": "89728433461109893353350426686433550158491124286474351310639172869545460692870", "timestamp": "1769384425864", "hash": "3a0fdcce81dadf1ed974eb4590d54ca6567d275c", "bids": [{"price": "0.01", "size": "7234.28"}, {"price": "0.02", "size": "4157.32"}, {"price": "0.03", "size": "31.6"}, {"price": "0.2", "size": "1090.11"}, {"price": "0.21", "size": "890.11"}, {"price": "0.54", "size": "1390.11"}, {"price": "0.55", "size": "990.11"}], "asks": [{"price": "0.99", "size": "8129.56"}, {"price": "0.98", "size": "5047.43"}, {"price": "0.97", "size": "5.09"}, {"price": "0.94", "size": "12.39"}, {"price": "0.65", "size": "100"}, {"price": "0.64", "size": "500"}], "event_type": "book", "last_trade_price": ""}, {"market": "0x833c705c303d5c6ba5920134325b2bc9b6739355d8c919ae9daf38819f70a23b", "asset_id": "86960458565907402887724563283813185279962333708418383141332052857132193514334", "timestamp": "1769380874187", "hash": "93c85bd096dcbe7fff3915ddf8443043117b8dcf", "bids": [{"price": "0.01", "size": "344.79"}, {"price": "0.02", "size": "26.15"}, {"price": "0.05", "size": "100"}, {"price": "0.06", "size": "38.48"}], "asks": [{"price": "0.99", "size": "1335.73"}, {"price": "0.98", "size": "12.37"}, {"price": "0.95", "size": "100"}, {"price": "0.94", "size": "33"}, {"price": "0.93", "size": "15.4"}, {"price": "0.63", "size": "120"}], "event_type": "book", "last_trade_price": ""}, {"market": "0xdc0683471c87329bf99644036e55e4193a581937a01acc7216fd69c3bce3cb14", "asset_id": "80782693109112814243189957470495269425314786352910229320825614451564145986780", "timestamp": "1769381484339", "hash": "9a9a5d68e0885ba5ffca5d76dfd697b3f3d6701b", "bids": [{"price": "0.01", "size": "344.79"}, {"price": "0.02", "size": "26.15"}, {"price": "0.05", "size": "100"}, {"price": "0.06", "size": "38.48"}, {"price": "0.07", "size": "5.47"}], "asks": [{"price": "0.99", "size": "344.79"}, {"price": "0.98", "size": "26.15"}, {"price": "0.95", "size": "100"}, {"price": "0.94", "size": "38.48"}], "event_type": "book", "last_trade_price": ""}, {"market": "0xdc0683471c87329bf99644036e55e4193a581937a01acc7216fd69c3bce3cb14", "asset_id": "110087287035707512808128312760767653520937638571107790145381271928645285996630", "timestamp": "1769381484339", "hash": "bca6ce301c1b8e8e7ea8b050ea7b258d3c5f8329", "bids": [{"price": "0.01", "size": "344.79"}, {"price": "0.02", "size": "26.15"}, {"price": "0.05", "size": "100"}, {"price": "0.06", "size": "38.48"}], "asks": [{"price": "0.99", "size": "344.79"}, {"price": "0.98", "size": "26.15"}, {"price": "0.95", "size": "100"}, {"price": "0.94", "size": "38.48"}, {"price": "0.93", "size": "5.47"}], "event_type": "book", "last_trade_price": ""}, {"market": "0x308d63caa82cbea1724ef5f553cc58746b4961a249f532bcd348bf1dcd7d1481", "asset_id": "55525688743544646903925873519970646229929512568670787069179430303507716488588", "timestamp": "1769384471944", "hash": "a8fb7d9594d6e43627c90e2748358670b9745718", "bids": [{"price": "0.01", "size": "9038.85"}, {"price": "0.02", "size": "2100"}, {"price": "0.03", "size": "9.12"}, {"price": "0.05", "size": "50"}, {"price": "0.06", "size": "33"}, {"price": "0.07", "size": "1700"}, {"price": "0.08", "size": "4872.32"}, {"price": "0.09", "size": "4157.32"}, {"price": "0.1", "size": "100"}, {"price": "0.11", "size": "5.71"}, {"price": "0.2", "size": "400"}, {"price": "0.27", "size": "200"}, {"price": "0.34", "size": "100"}, {"price": "0.5", "size": "20"}, {"price": "0.62", "size": "182"}, {"price": "0.73", "size": "1890.11"}, {"price": "0.74", "size": "890.11"}, {"price": "0.75", "size": "15"}, {"price": "0.76", "size": "113.76"}, {"price": "0.77", "size": "33"}, {"price": "0.78", "size": "44.77"}, {"price": "0.8", "size": "5"}], "asks": [{"price": "0.99", "size": "287.38"}, {"price": "0.98", "size": "4463.88"}, {"price": "0.97", "size": "5.56"}, {"price": "0.96", "size": "147.7"}, {"price": "0.87", "size": "15"}, {"price": "0.86", "size": "100"}, {"price": "0.84", "size": "1890.11"}, {"price": "0.83", "size": "890.11"}, {"price": "0.81", "size": "115.07"}], "event_type": "book", "last_trade_price": "0.190"}, {"market": "0x4596995ba5c1143eb024cd19b648a13a560d619469ee2801a0731eac1496f71c", "asset_id": "64060812829424665171585620366786220342059168747392044980810273902188468128252", "timestamp": "1769384425871", "hash": "cddb30fb99da4ba7b4e015a6e7bafac6606fb99e", "bids": [{"price": "0.01", "size": "7439.05"}, {"price": "0.02", "size": "4157.32"}, {"price": "0.03", "size": "5.71"}, {"price": "0.05", "size": "100"}, {"price": "0.06", "size": "33"}, {"price": "0.07", "size": "10.41"}, {"price": "0.2", "size": "200"}, {"price": "0.27", "size": "1090.11"}, {"price": "0.28", "size": "890.11"}, {"price": "0.62", "size": "1390.11"}, {"price": "0.63", "size": "890.11"}, {"price": "0.64", "size": "100"}], "asks": [{"price": "0.99", "size": "11426.54"}, {"price": "0.98", "size": "904.48"}, {"price": "0.95", "size": "100"}, {"price": "0.94", "size": "33"}, {"price": "0.93", "size": "10.18"}, {"price": "0.74", "size": "100"}, {"price": "0.73", "size": "1390.11"}, {"price": "0.72", "size": "890.11"}], "event_type": "book", "last_trade_price": "0.280"}, {"market": "0x37a2a8f43108504d768012984de442ad727183c192ea4282bf22c28f467d1ae9", "asset_id": "20433031826617634564864446320072745267511700140444160083894490218868960052047", "timestamp": "1769384425864", "hash": "951065c4cffbb6018fc7275466c8fe11679f2319", "bids": [{"price": "0.01", "size": "10594.21"}, {"price": "0.03", "size": "6.21"}, {"price": "0.05", "size": "100"}, {"price": "0.06", "size": "33"}, {"price": "0.07", "size": "10.51"}, {"price": "0.26", "size": "100"}, {"price": "0.27", "size": "1390.11"}, {"price": "0.28", "size": "890.11"}], "asks": [{"price": "0.99", "size": "7439.05"}, {"price": "0.98", "size": "4157.32"}, {"price": "0.97", "size": "5.71"}, {"price": "0.95", "size": "100"}, {"price": "0.94", "size": "33"}, {"price": "0.93", "size": "10.41"}, {"price": "0.8", "size": "200"}, {"price": "0.73", "size": "1090.11"}, {"price": "0.72", "size": "890.11"}, {"price": "0.38", "size": "1390.11"}, {"price": "0.37", "size": "890.11"}, {"price": "0.36", "size": "100"}], "event_type": "book", "last_trade_price": ""}, {"market": "0x37a2a8f43108504d768012984de442ad727183c192ea4282bf22c28f467d1ae9", "asset_id": "89570350404509332697294156260294498845013165173832862565969838165211473744715", "timestamp": "1769384425864", "hash": "25125b8ce827e7e283ea1bf5327c3e5223de7e6c", "bids": [{"price": "0.01", "size": "7439.05"}, {"price": "0.02", "size": "4157.32"}, {"price": "0.03", "size": "5.71"}, {"price": "0.05", "size": "100"}, {"price": "0.06", "size": "33"}, {"price": "0.07", "size": "10.41"}, {"price": "0.2", "size": "200"}, {"price": "0.27", "size": "1090.11"}, {"price": "0.28", "size": "890.11"}, {"price": "0.62", "size": "1390.11"}, {"price": "0.63", "size": "890.11"}, {"price": "0.64", "size": "100"}], "asks": [{"price": "0.99", "size": "10594.21"}, {"price": "0.97", "size": "6.21"}, {"price": "0.95", "size": "100"}, {"price": "0.94", "size": "33"}, {"price": "0.93", "size": "10.51"}, {"price": "0.74", "size": "100"}, {"price": "0.73", "size": "1390.11"}, {"price": "0.72", "size": "890.11"}], "event_type": "book", "last_trade_price": ""}, {"market": "0x833c705c303d5c6ba5920134325b2bc9b6739355d8c919ae9daf38819f70a23b", "asset_id": "56966343151823154939583923699817542630550497876451227939542707236631190126974", "timestamp": "1769380874187", "hash": "e0e25edf3d14a3d06c470eb0b80769cf9882ed86", "bids": [{"price": "0.01", "size": "1335.73"}, {"price": "0.02", "size": "12.37"}, {"price": "0.05", "size": "100"}, {"price": "0.06", "size": "33"}, {"price": "0.07", "size": "15.4"}, {"price": "0.37", "size": "120"}], "asks": [{"price": "0.99", "size": "344.79"}, {"price": "0.98", "size": "26.15"}, {"price": "0.95", "size": "100"}, {"price": "0.94", "size": "38.48"}], "event_type": "book", "last_trade_price": ""}, {"market": "0x308d63caa82cbea1724ef5f553cc58746b4961a249f532bcd348bf1dcd7d1481", "asset_id": "62431806276539591033590335100897678655126372979579504591646273319200453103179", "timestamp": "1769384471944", "hash": "4b43e0e022e67efcc73e6844ceec0f6e60b0a346", "bids": [{"price": "0.01", "size": "287.38"}, {"price": "0.02", "size": "4463.88"}, {"price": "0.03", "size": "5.56"}, {"price": "0.04", "size": "147.7"}, {"price": "0.13", "size": "15"}, {"price": "0.14", "size": "100"}, {"price": "0.16", "size": "1890.11"}, {"price": "0.17", "size": "890.11"}, {"price": "0.19", "size": "115.07"}], "asks": [{"price": "0.99", "size": "9038.85"}, {"price": "0.98", "size": "2100"}, {"price": "0.97", "size": "9.12"}, {"price": "0.95", "size": "50"}, {"price": "0.94", "size": "33"}, {"price": "0.93", "size": "1700"}, {"price": "0.92", "size": "4872.32"}, {"price": "0.91", "size": "4157.32"}, {"price": "0.9", "size": "100"}, {"price": "0.89", "size": "5.71"}, {"price": "0.8", "size": "400"}, {"price": "0.73", "size": "200"}, {"price": "0.66", "size": "100"}, {"price": "0.5", "size": "20"}, {"price": "0.38", "size": "182"}, {"price": "0.27", "size": "1890.11"}, {"price": "0.26", "size": "890.11"}, {"price": "0.25", "size": "15"}, {"price": "0.24", "size": "113.76"}, {"price": "0.23", "size": "33"}, {"price": "0.22", "size": "44.77"}, {"price": "0.2", "size": "5"}], "event_type": "book", "last_trade_price": "0.190"}, {"market": "0x21478a9eda4795b21ef6b36dfe588d7b28b4b516c9c9a25005d80d1f1990e07a", "asset_id": "7116510953894574046149959763012809728780191305039938095921645635539451683015", "timestamp": "1769384473939", "hash": "5641eb46f9250c5ac50ada26507f274e562ea965", "bids": [{"price": "0.01", "size": "10386.43"}, {"price": "0.02", "size": "49.99"}, {"price": "0.22", "size": "100"}, {"price": "0.23", "size": "1390.11"}, {"price": "0.24", "size": "890.11"}], "asks": [{"price": "0.99", "size": "7234.13"}, {"price": "0.98", "size": "4157.32"}, {"price": "0.97", "size": "31.66"}, {"price": "0.8", "size": "200"}, {"price": "0.73", "size": "200"}, {"price": "0.66", "size": "100"}, {"price": "0.34", "size": "1390.11"}, {"price": "0.33", "size": "890.11"}, {"price": "0.32", "size": "100"}], "event_type": "book", "last_trade_price": ""}, {"market": "0xb18705bc12b4b247251cfbdc70ef5ea35459d1eeeeb0b2db75c121b5b787384e", "asset_id": "18157258742493335082590519979659273580182840843918396564069057423878518658064", "timestamp": "1769384425871", "hash": "3b6b1230d5adf880dfb4343a6c45f75cfaba6b78", "bids": [{"price": "0.01", "size": "7339.05"}, {"price": "0.02", "size": "4157.32"}, {"price": "0.03", "size": "5.71"}, {"price": "0.05", "size": "100"}, {"price": "0.06", "size": "33"}, {"price": "0.07", "size": "10.41"}, {"price": "0.2", "size": "200"}, {"price": "0.27", "size": "1090.11"}, {"price": "0.28", "size": "890.11"}, {"price": "0.62", "size": "1390.11"}, {"price": "0.63", "size": "890.11"}, {"price": "0.64", "size": "100"}], "asks": [{"price": "0.99", "size": "10494.87"}, {"price": "0.97", "size": "6.74"}, {"price": "0.96", "size": "890.11"}, {"price": "0.95", "size": "5147.43"}, {"price": "0.94", "size": "33"}, {"price": "0.93", "size": "10.19"}, {"price": "0.74", "size": "100"}, {"price": "0.73", "size": "1390.11"}, {"price": "0.72", "size": "890.11"}], "event_type": "book", "last_trade_price": ""}, {"market": "0xb18705bc12b4b247251cfbdc70ef5ea35459d1eeeeb0b2db75c121b5b787384e", "asset_id": "64706969525609814186270748812897873216756103384689804342678233310436054755856", "timestamp": "1769384425871", "hash": "529616944b78de3f60bc985609ace1f3ff887613", "bids": [{"price": "0.01", "size": "10494.87"}, {"price": "0.03", "size": "6.74"}, {"price": "0.04", "size": "890.11"}, {"price": "0.05", "size": "5147.43"}, {"price": "0.06", "size": "33"}, {"price": "0.07", "size": "10.19"}, {"price": "0.26", "size": "100"}, {"price": "0.27", "size": "1390.11"}, {"price": "0.28", "size": "890.11"}], "asks": [{"price": "0.99", "size": "7339.05"}, {"price": "0.98", "size": "4157.32"}, {"price": "0.97", "size": "5.71"}, {"price": "0.95", "size": "100"}, {"price": "0.94", "size": "33"}, {"price": "0.93", "size": "10.41"}, {"price": "0.8", "size": "200"}, {"price": "0.73", "size": "1090.11"}, {"price": "0.72", "size": "890.11"}, {"price": "0.38", "size": "1390.11"}, {"price": "0.37", "size": "890.11"}, {"price": "0.36", "size": "100"}], "event_type": "book", "last_trade_price": ""}, {"market": "0x4596995ba5c1143eb024cd19b648a13a560d619469ee2801a0731eac1496f71c", "asset_id": "72924982117647498116945443519660964053965655312404924908951453050812570473090", "timestamp": "1769384425871", "hash": "c6f77727c9635845c795dfead0b93e457bef1fe0", "bids": [{"price": "0.01", "size": "11426.54"}, {"price": "0.02", "size": "904.48"}, {"price": "0.05", "size": "100"}, {"price": "0.06", "size": "33"}, {"price": "0.07", "size": "10.18"}, {"price": "0.26", "size": "100"}, {"price": "0.27", "size": "1390.11"}, {"price": "0.28", "size": "890.11"}], "asks": [{"price": "0.99", "size": "7439.05"}, {"price": "0.98", "size": "4157.32"}, {"price": "0.97", "size": "5.71"}, {"price": "0.95", "size": "100"}, {"price": "0.94", "size": "33"}, {"price": "0.93", "size": "10.41"}, {"price": "0.8", "size": "200"}, {"price": "0.73", "size": "1090.11"}, {"price": "0.72", "size": "890.11"}, {"price": "0.38", "size": "1390.11"}, {"price": "0.37", "size": "890.11"}, {"price": "0.36", "size": "100"}], "event_type": "book", "last_trade_price": "0.280"}]}
{"_local_timestamp": "2026-01-25T23:41:21.218046+00:00", "data": {"market": "0x308d63caa82cbea1724ef5f553cc58746b4961a249f532bcd348bf1dcd7d1481", "price_changes": [{"asset_id": "55525688743544646903925873519970646229929512568670787069179430303507716488588", "price": "0.1", "size": "0", "side": "BUY", "hash": "bbe6db74e585c7594b4af5a4b2702e05e2851ba8", "best_bid": "0.8", "best_ask": "0.81"}, {"asset_id": "62431806276539591033590335100897678655126372979579504591646273319200453103179", "price": "0.9", "size": "0", "side": "SELL", "hash": "6627eed40177cbe2f1bd180439d12e38af58bed2", "best_bid": "0.19", "best_ask": "0.2"}], "timestamp": "1769384481136", "event_type": "price_change"}}
{"_local_timestamp": "2026-01-25T23:41:21.269730+00:00", "data": {"market": "0x308d63caa82cbea1724ef5f553cc58746b4961a249f532bcd348bf1dcd7d1481", "price_changes": [{"asset_id": "55525688743544646903925873519970646229929512568670787069179430303507716488588", "price": "0.08", "size": "715", "side": "BUY", "hash": "3a0371b8c3b786069c15351c76f9e98ef935ba58", "best_bid": "0.8", "best_ask": "0.81"}, {"asset_id": "62431806276539591033590335100897678655126372979579504591646273319200453103179", "price": "0.92", "size": "715", "side": "SELL", "hash": "4bd8a866a5f77cac88ffe2439a82813e630631b6", "best_bid": "0.19", "best_ask": "0.2"}], "timestamp": "1769384481196", "event_type": "price_change"}}
{"_local_timestamp": "2026-01-25T23:41:21.281219+00:00", "data": {"market": "0x308d63caa82cbea1724ef5f553cc58746b4961a249f532bcd348bf1dcd7d1481", "price_changes": [{"asset_id": "62431806276539591033590335100897678655126372979579504591646273319200453103179", "price": "0.02", "size": "306.56", "side": "BUY", "hash": "e52c3f66e49c99aca5a2cef8c7912bd881b6e95d", "best_bid": "0.19", "best_ask": "0.2"}, {"asset_id": "55525688743544646903925873519970646229929512568670787069179430303507716488588", "price": "0.98", "size": "306.56", "side": "SELL", "hash": "d2e2d1415c467a0f7d05faeb23dc5b2d601cbacc", "best_bid": "0.8", "best_ask": "0.81"}], "timestamp": "1769384481197", "event_type": "price_change"}}
{"_local_timestamp": "2026-01-25T23:41:21.285700+00:00", "data": {"market": "0x308d63caa82cbea1724ef5f553cc58746b4961a249f532bcd348bf1dcd7d1481", "price_changes": [{"asset_id": "62431806276539591033590335100897678655126372979579504591646273319200453103179", "price": "0.01", "size": "2284.49", "side": "BUY", "hash": "41a377c8fe9c4005b66546c1ca2ea0aac1b3cbc8", "best_bid": "0.19", "best_ask": "0.2"}, {"asset_id": "55525688743544646903925873519970646229929512568670787069179430303507716488588", "price": "0.99", "size": "2284.49", "side": "SELL", "hash": "e05792925c29a32850dc6ab43c7532f56b0dacdb", "best_bid": "0.8", "best_ask": "0.81"}], "timestamp": "1769384481202", "event_type": "price_change"}}
{"_local_timestamp": "2026-01-25T23:41:21.289905+00:00", "data": {"market": "0x308d63caa82cbea1724ef5f553cc58746b4961a249f532bcd348bf1dcd7d1481", "price_changes": [{"asset_id": "62431806276539591033590335100897678655126372979579504591646273319200453103179", "price": "0.01", "size": "3174.6", "side": "BUY", "hash": "1520f2666823db70b699c49d568ea86348d50f3c", "best_bid": "0.19", "best_ask": "0.2"}, {"asset_id": "55525688743544646903925873519970646229929512568670787069179430303507716488588", "price": "0.99", "size": "3174.6", "side": "SELL", "hash": "2cd682a643900e4f88e44b0ca64766d19d6d26ac", "best_bid": "0.8", "best_ask": "0.81"}], "timestamp": "1769384481203", "event_type": "price_change"}}
{"_local_timestamp": "2026-01-25T23:41:21.291969+00:00", "data": {"market": "0x308d63caa82cbea1724ef5f553cc58746b4961a249f532bcd348bf1dcd7d1481", "price_changes": [{"asset_id": "62431806276539591033590335100897678655126372979579504591646273319200453103179", "price": "0.01", "size": "4444.7", "side": "BUY", "hash": "cfe9caa4a088384d314dd43127329f6ae087dba3", "best_bid": "0.19", "best_ask": "0.2"}, {"asset_id": "55525688743544646903925873519970646229929512568670787069179430303507716488588", "price": "0.99", "size": "4444.7", "side": "SELL", "hash": "f250d25e2a21f9d4256b2fed9808652d083170ef", "best_bid": "0.8", "best_ask": "0.81"}], "timestamp": "1769384481204", "event_type": "price_change"}}
{"_local_timestamp": "2026-01-25T23:41:21.454849+00:00", "data": {"market": "0x308d63caa82cbea1724ef5f553cc58746b4961a249f532bcd348bf1dcd7d1481", "price_changes": [{"asset_id": "55525688743544646903925873519970646229929512568670787069179430303507716488588", "price": "0.09", "size": "4257.32", "side": "BUY", "hash": "bd1f63aa219ebe9020be2a40c0c578a59207abca", "best_bid": "0.8", "best_ask": "0.81"}, {"asset_id": "62431806276539591033590335100897678655126372979579504591646273319200453103179", "price": "0.91", "size": "4257.32", "side": "SELL", "hash": "c0d5041ebff6eee5b2b65432f3ab3b51f83e6eb8", "best_bid": "0.19", "best_ask": "0.2"}], "timestamp": "1769384481356", "event_type": "price_change"}}
{"_local_timestamp": "2026-01-25T23:41:27.924205+00:00", "data": {"market": "0x308d63caa82cbea1724ef5f553cc58746b4961a249f532bcd348bf1dcd7d1481", "price_changes": [{"asset_id": "55525688743544646903925873519970646229929512568670787069179430303507716488588", "price": "0.08", "size": "315", "side": "BUY", "hash": "9cce35462c08d98a415a39f77758d62f61f2dd0f", "best_bid": "0.8", "best_ask": "0.81"}, {"asset_id": "62431806276539591033590335100897678655126372979579504591646273319200453103179", "price": "0.92", "size": "315", "side": "SELL", "hash": "fd09ed9c3510a9f6dd3f4cb609af4db8df6cb692", "best_bid": "0.19", "best_ask": "0.2"}], "timestamp": "1769384487844", "event_type": "price_change"}}
{"_local_timestamp": "2026-01-25T23:41:28.115082+00:00", "data": {"market": "0x308d63caa82cbea1724ef5f553cc58746b4961a249f532bcd348bf1dcd7d1481", "price_changes": [{"asset_id": "55525688743544646903925873519970646229929512568670787069179430303507716488588", "price": "0.08", "size": "1585.1", "side": "BUY", "hash": "db38c5832988405519b6062e9b4742bba8d61298", "best_bid": "0.8", "best_ask": "0.81"}, {"asset_id": "62431806276539591033590335100897678655126372979579504591646273319200453103179", "price": "0.92", "size": "1585.1", "side": "SELL", "hash": "acac325c61ea0f749ee2c2ca353b5511701cb04e", "best_bid": "0.19", "best_ask": "0.2"}], "timestamp": "1769384488031", "event_type": "price_change"}}
{"_local_timestamp": "2026-01-25T23:41:28.119728+00:00", "data": {"market": "0x308d63caa82cbea1724ef5f553cc58746b4961a249f532bcd348bf1dcd7d1481", "price_changes": [{"asset_id": "55525688743544646903925873519970646229929512568670787069179430303507716488588", "price": "0.08", "size": "2475.21", "side": "BUY", "hash": "84e06e28fc4c19a0a1838fdb14ec1f346d829358", "best_bid": "0.8", "best_ask": "0.81"}, {"asset_id": "62431806276539591033590335100897678655126372979579504591646273319200453103179", "price": "0.92", "size": "2475.21", "side": "SELL", "hash": "81b1cae5b029eb83a4566b296bed7b277341ba51", "best_bid": "0.19", "best_ask": "0.2"}], "timestamp": "1769384488035", "event_type": "price_change"}}
{"_local_timestamp": "2026-01-25T23:41:28.137983+00:00", "data": {"market": "0x308d63caa82cbea1724ef5f553cc58746b4961a249f532bcd348bf1dcd7d1481", "price_changes": [{"asset_id": "55525688743544646903925873519970646229929512568670787069179430303507716488588", "price": "0.08", "size": "4472.32", "side": "BUY", "hash": "d3613ad5048eac163ba7070ed146b16478b276eb", "best_bid": "0.8", "best_ask": "0.81"}, {"asset_id": "62431806276539591033590335100897678655126372979579504591646273319200453103179", "price": "0.92", "size": "4472.32", "side": "SELL", "hash": "b78848e831d6a18e703b1ae70cec3423fa15fcb9", "best_bid": "0.19", "best_ask": "0.2"}], "timestamp": "1769384488069", "event_type": "price_change"}}
{"_local_timestamp": "2026-01-25T23:41:28.211508+00:00", "data": {"market": "0x308d63caa82cbea1724ef5f553cc58746b4961a249f532bcd348bf1dcd7d1481", "price_changes": [{"asset_id": "55525688743544646903925873519970646229929512568670787069179430303507716488588", "price": "0.09", "size": "4657.32", "side": "BUY", "hash": "5a234eb39e4883938bb477fcbbf0733d870f88c9", "best_bid": "0.8", "best_ask": "0.81"}, {"asset_id": "62431806276539591033590335100897678655126372979579504591646273319200453103179", "price": "0.91", "size": "4657.32", "side": "SELL", "hash": "186eb726cde623c8db27a1e8f9d19283285348d3", "best_bid": "0.19", "best_ask": "0.2"}], "timestamp": "1769384488133", "event_type": "price_change"}}
{"_local_timestamp": "2026-01-25T23:41:33.516502+00:00", "data": {"market": "0x308d63caa82cbea1724ef5f553cc58746b4961a249f532bcd348bf1dcd7d1481", "price_changes": [{"asset_id": "62431806276539591033590335100897678655126372979579504591646273319200453103179", "price": "0.02", "size": "6.56", "side": "BUY", "hash": "839c76aaf38a4f686b4adf3917976dbc46b7dc21", "best_bid": "0.19", "best_ask": "0.2"}, {"asset_id": "55525688743544646903925873519970646229929512568670787069179430303507716488588", "price": "0.98", "size": "6.56", "side": "SELL", "hash": "fed9675048eb4a006183789d241540c810d9e409", "best_bid": "0.8", "best_ask": "0.81"}], "timestamp": "1769384493429", "event_type": "price_change"}}
{"_local_timestamp": "2026-01-25T23:41:33.642565+00:00", "data": {"market": "0x308d63caa82cbea1724ef5f553cc58746b4961a249f532bcd348bf1dcd7d1481", "price_changes": [{"asset_id": "55525688743544646903925873519970646229929512568670787069179430303507716488588", "price": "0.09", "size": "500", "side": "BUY", "hash": "41f24248bf2931c4568762a45679540c9e6f02f0", "best_bid": "0.8", "best_ask": "0.81"}, {"asset_id": "62431806276539591033590335100897678655126372979579504591646273319200453103179", "price": "0.91", "size": "500", "side": "SELL", "hash": "947b11847d1bd48994c8a6800636e2f84b84afc8", "best_bid": "0.19", "best_ask": "0.2"}], "timestamp": "1769384493572", "event_type": "price_change"}}
{"_local_timestamp": "2026-01-25T23:41:33.714108+00:00", "data": {"market": "0x308d63caa82cbea1724ef5f553cc58746b4961a249f532bcd348bf1dcd7d1481", "price_changes": [{"asset_id": "62431806276539591033590335100897678655126372979579504591646273319200453103179", "price": "0.01", "size": "4844.7", "side": "BUY", "hash": "4db112aaf2b50250bc15d31d7932c5f17f1686c2", "best_bid": "0.19", "best_ask": "0.2"}, {"asset_id": "55525688743544646903925873519970646229929512568670787069179430303507716488588", "price": "0.99", "size": "4844.7", "side": "SELL", "hash": "7ba88484cfd82d539878082905d2ce9746b94ff0", "best_bid": "0.8", "best_ask": "0.81"}], "timestamp": "1769384493645", "event_type": "price_change"}}
{"_local_timestamp": "2026-01-25T23:41:33.876654+00:00", "data": {"market": "0x308d63caa82cbea1724ef5f553cc58746b4961a249f532bcd348bf1dcd7d1481", "price_changes": [{"asset_id": "62431806276539591033590335100897678655126372979579504591646273319200453103179", "price": "0.02", "size": "896.67", "side": "BUY", "hash": "4176d5f45616d4aab311d2b375d40ba7429038d6", "best_bid": "0.19", "best_ask": "0.2"}, {"asset_id": "55525688743544646903925873519970646229929512568670787069179430303507716488588", "price": "0.98", "size": "896.67", "side": "SELL", "hash": "5f76f8baec91852410b0580b788761efd28e4bf4", "best_bid": "0.8", "best_ask": "0.81"}], "timestamp": "1769384493808", "event_type": "price_change"}}
{"_local_timestamp": "2026-01-25T23:41:33.881045+00:00", "data": {"market": "0x308d63caa82cbea1724ef5f553cc58746b4961a249f532bcd348bf1dcd7d1481", "price_changes": [{"asset_id": "62431806276539591033590335100897678655126372979579504591646273319200453103179", "price": "0.02", "size": "2893.78", "side": "BUY", "hash": "4bd6ac0b6921e43f6bcee83ffb1dea23061e745a", "best_bid": "0.19", "best_ask": "0.2"}, {"asset_id": "55525688743544646903925873519970646229929512568670787069179430303507716488588", "price": "0.98", "size": "2893.78", "side": "SELL", "hash": "3aaa7f03411dd58b1695015cef1128ee75e48836", "best_bid": "0.8", "best_ask": "0.81"}], "timestamp": "1769384493809", "event_type": "price_change"}}
{"_local_timestamp": "2026-01-25T23:41:33.885311+00:00", "data": {"market": "0x308d63caa82cbea1724ef5f553cc58746b4961a249f532bcd348bf1dcd7d1481", "price_changes": [{"asset_id": "62431806276539591033590335100897678655126372979579504591646273319200453103179", "price": "0.02", "size": "4163.88", "side": "BUY", "hash": "cbbcb5490d8af705747a19f7f14efab1300b0fc0", "best_bid": "0.19", "best_ask": "0.2"}, {"asset_id": "55525688743544646903925873519970646229929512568670787069179430303507716488588", "price": "0.98", "size": "4163.88", "side": "SELL", "hash": "e0ad45b4509c9f370cab1fb44bd186579c1e52eb", "best_bid": "0.8", "best_ask": "0.81"}], "timestamp": "1769384493810", "event_type": "price_change"}}
{"_local_timestamp": "2026-01-25T23:41:42.451306+00:00", "data": {"market": "0x308d63caa82cbea1724ef5f553cc58746b4961a249f532bcd348bf1dcd7d1481", "price_changes": [{"asset_id": "55525688743544646903925873519970646229929512568670787069179430303507716488588", "price": "0.08", "size": "4372.32", "side": "BUY", "hash": "5827dd957216a41b4c50e62ed263e0f5e9fa7ccf", "best_bid": "0.8", "best_ask": "0.81"}, {"asset_id": "62431806276539591033590335100897678655126372979579504591646273319200453103179", "price": "0.92", "size": "4372.32", "side": "SELL", "hash": "1b65ca649db28ce8ff67e8379a9c50059da7ad65", "best_bid": "0.19", "best_ask": "0.2"}], "timestamp": "1769384502378", "event_type": "price_change"}}
{"_local_timestamp": "2026-01-25T23:41:42.599290+00:00", "data": {"market": "0x308d63caa82cbea1724ef5f553cc58746b4961a249f532bcd348bf1dcd7d1481", "price_changes": [{"asset_id": "62431806276539591033590335100897678655126372979579504591646273319200453103179", "price": "0.01", "size": "687.38", "side": "BUY", "hash": "b89e1eaa4fdd9cf24c2e207f566dee5c08212e90", "best_bid": "0.19", "best_ask": "0.2"}, {"asset_id": "55525688743544646903925873519970646229929512568670787069179430303507716488588", "price": "0.99", "size": "687.38", "side": "SELL", "hash": "9f1ecd415ca061b0f2379edf67378bf34dafe64d", "best_bid": "0.8", "best_ask": "0.81"}], "timestamp": "1769384502528", "event_type": "price_change"}}
{"_local_timestamp": "2026-01-25T23:41:42.734034+00:00", "data": {"market": "0x308d63caa82cbea1724ef5f553cc58746b4961a249f532bcd348bf1dcd7d1481", "price_changes": [{"asset_id": "55525688743544646903925873519970646229929512568670787069179430303507716488588", "price": "0.09", "size": "600", "side": "BUY", "hash": "b1f836244e1c05686db05d0362f1a0c1af236f67", "best_bid": "0.8", "best_ask": "0.81"}, {"asset_id": "62431806276539591033590335100897678655126372979579504591646273319200453103179", "price": "0.91", "size": "600", "side": "SELL", "hash": "1c60dd819efc2a83614f4f492f60b40d231ae9be", "best_bid": "0.19", "best_ask": "0.2"}], "timestamp": "1769384502662", "event_type": "price_change"}}
{"_local_timestamp": "2026-01-25T23:41:42.838403+00:00", "data": {"market": "0x308d63caa82cbea1724ef5f553cc58746b4961a249f532bcd348bf1dcd7d1481", "price_changes": [{"asset_id": "55525688743544646903925873519970646229929512568670787069179430303507716488588", "price": "0.1", "size": "1997.11", "side": "BUY", "hash": "7c6971a5ff5635fc9ee5594be02d6412fca7d0a8", "best_bid": "0.8", "best_ask": "0.81"}, {"asset_id": "62431806276539591033590335100897678655126372979579504591646273319200453103179", "price": "0.9", "size": "1997.11", "side": "SELL", "hash": "12b343f692583ab5918ba0eb9be5132c8a53dd4f", "best_bid": "0.19", "best_ask": "0.2"}], "timestamp": "1769384502773", "event_type": "price_change"}}
{"_local_timestamp": "2026-01-25T23:41:42.841681+00:00", "data": {"market": "0x308d63caa82cbea1724ef5f553cc58746b4961a249f532bcd348bf1dcd7d1481", "price_changes": [{"asset_id": "55525688743544646903925873519970646229929512568670787069179430303507716488588", "price": "0.1", "size": "2887.22", "side": "BUY", "hash": "9081dc3961828f0d977495da7aa9ad4284d85475", "best_bid": "0.8", "best_ask": "0.81"}, {"asset_id": "62431806276539591033590335100897678655126372979579504591646273319200453103179", "price": "0.9", "size": "2887.22", "side": "SELL", "hash": "97a58ea2eae501add7bebb66433b5d3a4126105f", "best_bid": "0.19", "best_ask": "0.2"}], "timestamp": "1769384502774", "event_type": "price_change"}}
{"_local_timestamp": "2026-01-25T23:41:42.855116+00:00", "data": {"market": "0x308d63caa82cbea1724ef5f553cc58746b4961a249f532bcd348bf1dcd7d1481", "price_changes": [{"asset_id": "55525688743544646903925873519970646229929512568670787069179430303507716488588", "price": "0.1", "size": "4157.32", "side": "BUY", "hash": "ebc629313fa1faff964dba6d93bc83c85d669694", "best_bid": "0.8", "best_ask": "0.81"}, {"asset_id": "62431806276539591033590335100897678655126372979579504591646273319200453103179", "price": "0.9", "size": "4157.32", "side": "SELL", "hash": "7d8d5825414fac03ac132e72af6c3608964ab3e1", "best_bid": "0.19", "best_ask": "0.2"}], "timestamp": "1769384502775", "event_type": "price_change"}}
{"_local_timestamp": "2026-01-25T23:41:45.866789+00:00", "data": {"market": "0x308d63caa82cbea1724ef5f553cc58746b4961a249f532bcd348bf1dcd7d1481", "price_changes": [{"asset_id": "62431806276539591033590335100897678655126372979579504591646273319200453103179", "price": "0.01", "size": "287.38", "side": "BUY", "hash": "990ad773591a35af809acf1a0687f6bd73a574a8", "best_bid": "0.19", "best_ask": "0.2"}, {"asset_id": "55525688743544646903925873519970646229929512568670787069179430303507716488588", "price": "0.99", "size": "287.38", "side": "SELL", "hash": "23d4be31c150863baf59cf4f573cda33ce3f6023", "best_bid": "0.8", "best_ask": "0.81"}], "timestamp": "1769384505796", "event_type": "price_change"}}
{"_local_timestamp": "2026-01-25T23:41:45.930627+00:00", "data": {"market": "0x308d63caa82cbea1724ef5f553cc58746b4961a249f532bcd348bf1dcd7d1481", "price_changes": [{"asset_id": "62431806276539591033590335100897678655126372979579504591646273319200453103179", "price": "0.01", "size": "2284.49", "side": "BUY", "hash": "8d74aef5e998415a94140ddfacb964ac23fed2c6", "best_bid": "0.19", "best_ask": "0.2"}, {"asset_id": "55525688743544646903925873519970646229929512568670787069179430303507716488588", "price": "0.99", "size": "2284.49", "side": "SELL", "hash": "1145d2cc77ee90e717fc469e583fbe462b435af1", "best_bid": "0.8", "best_ask": "0.81"}], "timestamp": "1769384505866", "event_type": "price_change"}}
{"_local_timestamp": "2026-01-25T23:41:45.940226+00:00", "data": {"market": "0x308d63caa82cbea1724ef5f553cc58746b4961a249f532bcd348bf1dcd7d1481", "price_changes": [{"asset_id": "62431806276539591033590335100897678655126372979579504591646273319200453103179", "price": "0.01", "size": "3174.6", "side": "BUY", "hash": "35ca291f509cd1c5483e21e5248957c9af5d73f7", "best_bid": "0.19", "best_ask": "0.2"}, {"asset_id": "55525688743544646903925873519970646229929512568670787069179430303507716488588", "price": "0.99", "size": "3174.6", "side": "SELL", "hash": "e0840275963d23c57070c008c5ebb2a97146e33f", "best_bid": "0.8", "best_ask": "0.81"}], "timestamp": "1769384505867", "event_type": "price_change"}}
{"_local_timestamp": "2026-01-25T23:41:45.942031+00:00", "data": {"market": "0x308d63caa82cbea1724ef5f553cc58746b4961a249f532bcd348bf1dcd7d1481", "price_changes": [{"asset_id": "62431806276539591033590335100897678655126372979579504591646273319200453103179", "price": "0.01", "size": "4444.7", "side": "BUY", "hash": "4b06d1619d738a413fb5eb87baeff134ef804947", "best_bid": "0.19", "best_ask": "0.2"}, {"asset_id": "55525688743544646903925873519970646229929512568670787069179430303507716488588", "price": "0.99", "size": "4444.7", "side": "SELL", "hash": "bf00b924b2fec710cad7dac4e17ff70086d41b6f", "best_bid": "0.8", "best_ask": "0.81"}], "timestamp": "1769384505867", "event_type": "price_change"}}
{"_local_timestamp": "2026-01-25T23:41:45.982382+00:00", "data": {"market": "0x308d63caa82cbea1724ef5f553cc58746b4961a249f532bcd348bf1dcd7d1481", "price_changes": [{"asset_id": "55525688743544646903925873519970646229929512568670787069179430303507716488588", "price": "0.08", "size": "215", "side": "BUY", "hash": "b12e67bf4c4b484871acc9809ae87caba58a32a6", "best_bid": "0.8", "best_ask": "0.81"}, {"asset_id": "62431806276539591033590335100897678655126372979579504591646273319200453103179", "price": "0.92", "size": "215", "side": "SELL", "hash": "6e949baecc5f44b8bbba7647b28b5a0014ebaebb", "best_bid": "0.19", "best_ask": "0.2"}], "timestamp": "1769384505906", "event_type": "price_change"}}
{"_local_timestamp": "2026-01-25T23:41:46.110887+00:00", "data": {"market": "0x308d63caa82cbea1724ef5f553cc58746b4961a249f532bcd348bf1dcd7d1481", "price_changes": [{"asset_id": "62431806276539591033590335100897678655126372979579504591646273319200453103179", "price": "0.02", "size": "4463.88", "side": "BUY", "hash": "5ca4fe6c97ce862a9da17e9dfdbf00e0806e9b8f", "best_bid": "0.19", "best_ask": "0.2"}, {"asset_id": "55525688743544646903925873519970646229929512568670787069179430303507716488588", "price": "0.98", "size": "4463.88", "side": "SELL", "hash": "868e04f2d7fadd8cb55813612b548f3c84c04acf", "best_bid": "0.8", "best_ask": "0.81"}], "timestamp": "1769384506019", "event_type": "price_change"}}
{"_local_timestamp": "2026-01-25T23:41:48.651664+00:00", "data": {"market": "0x308d63caa82cbea1724ef5f553cc58746b4961a249f532bcd348bf1dcd7d1481", "price_changes": [{"asset_id": "55525688743544646903925873519970646229929512568670787069179430303507716488588", "price": "0.09", "size": "200", "side": "BUY", "hash": "0f00a4c666729bf1af810404eed0f4d5b7e1b9c2", "best_bid": "0.8", "best_ask": "0.81"}, {"asset_id": "62431806276539591033590335100897678655126372979579504591646273319200453103179", "price": "0.91", "size": "200", "side": "SELL", "hash": "4cfbd26f4a02d11756ea43510f8465365d2dc3de", "best_bid": "0.19", "best_ask": "0.2"}], "timestamp": "1769384508574", "event_type": "price_change"}}
{"_local_timestamp": "2026-01-25T23:41:48.826296+00:00", "data": {"market": "0x308d63caa82cbea1724ef5f553cc58746b4961a249f532bcd348bf1dcd7d1481", "price_changes": [{"asset_id": "62431806276539591033590335100897678655126372979579504591646273319200453103179", "price": "0.02", "size": "306.56", "side": "BUY", "hash": "1ae3b82ebbdbf96880f362f6215b461ce28e4954", "best_bid": "0.19", "best_ask": "0.2"}, {"asset_id": "55525688743544646903925873519970646229929512568670787069179430303507716488588", "price": "0.98", "size": "306.56", "side": "SELL", "hash": "727d012cffaf7b738a78174e9ffd4e33debc8f8d", "best_bid": "0.8", "best_ask": "0.81"}], "timestamp": "1769384508758", "event_type": "price_change"}}
{"_local_timestamp": "2026-01-25T23:41:48.922264+00:00", "data": {"market": "0x308d63caa82cbea1724ef5f553cc58746b4961a249f532bcd348bf1dcd7d1481", "price_changes": [{"asset_id": "55525688743544646903925873519970646229929512568670787069179430303507716488588", "price": "0.08", "size": "615", "side": "BUY", "hash": "4477919b45c5c5dcf66ac22d748155eb32bd5d3a", "best_bid": "0.8", "best_ask": "0.81"}, {"asset_id": "62431806276539591033590335100897678655126372979579504591646273319200453103179", "price": "0.92", "size": "615", "side": "SELL", "hash": "906d19154e7c721d4dcacbc48cd551c271bcf945", "best_bid": "0.19", "best_ask": "0.2"}], "timestamp": "1769384508849", "event_type": "price_change"}}
{"_local_timestamp": "2026-01-25T23:41:48.927335+00:00", "data": {"market": "0x308d63caa82cbea1724ef5f553cc58746b4961a249f532bcd348bf1dcd7d1481", "price_changes": [{"asset_id": "55525688743544646903925873519970646229929512568670787069179430303507716488588", "price": "0.08", "size": "1885.1", "side": "BUY", "hash": "ca94bd02c5f1d859a5d81bc53628a3376800c48b", "best_bid": "0.8", "best_ask": "0.81"}, {"asset_id": "62431806276539591033590335100897678655126372979579504591646273319200453103179", "price": "0.92", "size": "1885.1", "side": "SELL", "hash": "d23cb7b9f15dd667a1c4a836291d8bc615de0709", "best_bid": "0.19", "best_ask": "0.2"}], "timestamp": "1769384508854", "event_type": "price_change"}}
{"_local_timestamp": "2026-01-25T23:41:48.931583+00:00", "data": {"market": "0x308d63caa82cbea1724ef5f553cc58746b4961a249f532bcd348bf1dcd7d1481", "price_changes": [{"asset_id": "55525688743544646903925873519970646229929512568670787069179430303507716488588", "price": "0.08", "size": "2775.21", "side": "BUY", "hash": "46460f353f32d0bc6c610d41025d0a27a9f77e05", "best_bid": "0.8", "best_ask": "0.81"}, {"asset_id": "62431806276539591033590335100897678655126372979579504591646273319200453103179", "price": "0.92", "size": "2775.21", "side": "SELL", "hash": "b65e5d7dd9ece3c86b213fd45b441fbb10c597f7", "best_bid": "0.19", "best_ask": "0.2"}], "timestamp": "1769384508855", "event_type": "price_change"}}
{"_local_timestamp": "2026-01-25T23:41:48.936766+00:00", "data": {"market": "0x308d63caa82cbea1724ef5f553cc58746b4961a249f532bcd348bf1dcd7d1481", "price_changes": [{"asset_id": "55525688743544646903925873519970646229929512568670787069179430303507716488588", "price": "0.08", "size": "4772.32", "side": "BUY", "hash": "eca8c9ceece9a8df40acfc614c2ab62c480f1e3a", "best_bid": "0.8", "best_ask": "0.81"}, {"asset_id": "62431806276539591033590335100897678655126372979579504591646273319200453103179", "price": "0.92", "size": "4772.32", "side": "SELL", "hash": "b2207a0d19438d62489f01ca3f7e56b841750a5b", "best_bid": "0.19", "best_ask": "0.2"}], "timestamp": "1769384508856", "event_type": "price_change"}}
{"_local_timestamp": "2026-01-25T23:41:49.174070+00:00", "data": {"market": "0x308d63caa82cbea1724ef5f553cc58746b4961a249f532bcd348bf1dcd7d1481", "price_changes": [{"asset_id": "55525688743544646903925873519970646229929512568670787069179430303507716488588", "price": "0.09", "size": "6199.11", "side": "BUY", "hash": "7225eee64f8fcd977380dca25328bae497efd683", "best_bid": "0.8", "best_ask": "0.81"}, {"asset_id": "62431806276539591033590335100897678655126372979579504591646273319200453103179", "price": "0.91", "size": "6199.11", "side": "SELL", "hash": "c0e55ca81095cff13f6dd6f91dd515282fc3197c", "best_bid": "0.19", "best_ask": "0.2"}], "timestamp": "1769384509085", "event_type": "price_change"}}
{"_local_timestamp": "2026-01-25T23:41:58.724155+00:00", "data": {"market": "0x308d63caa82cbea1724ef5f553cc58746b4961a249f532bcd348bf1dcd7d1481", "price_changes": [{"asset_id": "62431806276539591033590335100897678655126372979579504591646273319200453103179", "price": "0.02", "size": "6.56", "side": "BUY", "hash": "2901ae0d95485272b74cd303b4b94822ebbc49da", "best_bid": "0.19", "best_ask": "0.2"}, {"asset_id": "55525688743544646903925873519970646229929512568670787069179430303507716488588", "price": "0.98", "size": "6.56", "side": "SELL", "hash": "9d8ec44c4242272846f68d5cd26226e17f37a3c4", "best_bid": "0.8", "best_ask": "0.81"}], "timestamp": "1769384518654", "event_type": "price_change"}}
{"_local_timestamp": "2026-01-25T23:41:58.730045+00:00", "data": {"market": "0x308d63caa82cbea1724ef5f553cc58746b4961a249f532bcd348bf1dcd7d1481", "price_changes": [{"asset_id": "55525688743544646903925873519970646229929512568670787069179430303507716488588", "price": "0.09", "size": "6099.11", "side": "BUY", "hash": "e3423b08d2eace9d171b04ceeadb69276d9bb15f", "best_bid": "0.8", "best_ask": "0.81"}, {"asset_id": "62431806276539591033590335100897678655126372979579504591646273319200453103179", "price": "0.91", "size": "6099.11", "side": "SELL", "hash": "791da7b8634d4665cf73bad8661801a88bd6ff47", "best_bid": "0.19", "best_ask": "0.2"}], "timestamp": "1769384518654", "event_type": "price_change"}}
{"_local_timestamp": "2026-01-25T23:41:58.772580+00:00", "data": {"market": "0x308d63caa82cbea1724ef5f553cc58746b4961a249f532bcd348bf1dcd7d1481", "price_changes": [{"asset_id": "55525688743544646903925873519970646229929512568670787069179430303507716488588", "price": "0.09", "size": "100", "side": "BUY", "hash": "d9b67ef0b05439637f2a3ad7757d985c5802fc55", "best_bid": "0.8", "best_ask": "0.81"}, {"asset_id": "62431806276539591033590335100897678655126372979579504591646273319200453103179", "price": "0.91", "size": "100", "side": "SELL", "hash": "28964940011e1c5ecbf3aeb42bcc436680a21aab", "best_bid": "0.19", "best_ask": "0.2"}], "timestamp": "1769384518691", "event_type": "price_change"}}
{"_local_timestamp": "2026-01-25T23:41:58.774664+00:00", "data": {"market": "0x308d63caa82cbea1724ef5f553cc58746b4961a249f532bcd348bf1dcd7d1481", "price_changes": [{"asset_id": "55525688743544646903925873519970646229929512568670787069179430303507716488588", "price": "0.1", "size": "0", "side": "BUY", "hash": "d9b67ef0b05439637f2a3ad7757d985c5802fc55", "best_bid": "0.8", "best_ask": "0.81"}, {"asset_id": "62431806276539591033590335100897678655126372979579504591646273319200453103179", "price": "0.9", "size": "0", "side": "SELL", "hash": "28964940011e1c5ecbf3aeb42bcc436680a21aab", "best_bid": "0.19", "best_ask": "0.2"}], "timestamp": "1769384518691", "event_type": "price_change"}}
{"_local_timestamp": "2026-01-25T23:41:58.783520+00:00", "data": {"market": "0x308d63caa82cbea1724ef5f553cc58746b4961a249f532bcd348bf1dcd7d1481", "price_changes": [{"asset_id": "55525688743544646903925873519970646229929512568670787069179430303507716488588", "price": "0.08", "size": "615", "side": "BUY", "hash": "d9b67ef0b05439637f2a3ad7757d985c5802fc55", "best_bid": "0.8", "best_ask": "0.81"}, {"asset_id": "62431806276539591033590335100897678655126372979579504591646273319200453103179", "price": "0.92", "size": "615", "side": "SELL", "hash": "28964940011e1c5ecbf3aeb42bcc436680a21aab", "best_bid": "0.19", "best_ask": "0.2"}], "timestamp": "1769384518691", "event_type": "price_change"}}
{"_local_timestamp": "2026-01-25T23:41:58.812182+00:00", "data": {"market": "0x308d63caa82cbea1724ef5f553cc58746b4961a249f532bcd348bf1dcd7d1481", "price_changes": [{"asset_id": "55525688743544646903925873519970646229929512568670787069179430303507716488588", "price": "0.09", "size": "2097.11", "side": "BUY", "hash": "204e724035da81079fab3545b015e5bd87671c43", "best_bid": "0.8", "best_ask": "0.81"}, {"asset_id": "62431806276539591033590335100897678655126372979579504591646273319200453103179", "price": "0.91", "size": "2097.11", "side": "SELL", "hash": "ded1902424dfd7cf5b7a93ebfed7a6281779e60d", "best_bid": "0.19", "best_ask": "0.2"}], "timestamp": "1769384518747", "event_type": "price_change"}}
{"_local_timestamp": "2026-01-25T23:41:58.821182+00:00", "data": {"market": "0x308d63caa82cbea1724ef5f553cc58746b4961a249f532bcd348bf1dcd7d1481", "price_changes": [{"asset_id": "55525688743544646903925873519970646229929512568670787069179430303507716488588", "price": "0.09", "size": "3367.21", "side": "BUY", "hash": "9ecdf5255d5a266b2fb6ee22f49010677deed4ed", "best_bid": "0.8", "best_ask": "0.81"}, {"asset_id": "62431806276539591033590335100897678655126372979579504591646273319200453103179", "price": "0.91", "size": "3367.21", "side": "SELL", "hash": "9106b049f68f118bedad4a2a7ab9a79f374b827f", "best_bid": "0.19", "best_ask": "0.2"}], "timestamp": "1769384518747", "event_type": "price_change"}}
{"_local_timestamp": "2026-01-25T23:41:58.823218+00:00", "data": {"market": "0x308d63caa82cbea1724ef5f553cc58746b4961a249f532bcd348bf1dcd7d1481", "price_changes": [{"asset_id": "55525688743544646903925873519970646229929512568670787069179430303507716488588", "price": "0.09", "size": "4257.32", "side": "BUY", "hash": "0a5479f72a0b6b3700475d5853ebfbbf81424a53", "best_bid": "0.8", "best_ask": "0.81"}, {"asset_id": "62431806276539591033590335100897678655126372979579504591646273319200453103179", "price": "0.91", "size": "4257.32", "side": "SELL", "hash": "39dd1cf820e1a5930571ba2f49267181ecb40d1b", "best_bid": "0.19", "best_ask": "0.2"}], "timestamp": "1769384518748", "event_type": "price_change"}}
{"_local_timestamp": "2026-01-25T23:41:58.965069+00:00", "data": {"market": "0x308d63caa82cbea1724ef5f553cc58746b4961a249f532bcd348bf1dcd7d1481", "price_changes": [{"asset_id": "55525688743544646903925873519970646229929512568670787069179430303507716488588", "price": "0.1", "size": "100", "side": "BUY", "hash": "2c34957d2e8889d04a3861b8a1beed0e2353b5fb", "best_bid": "0.8", "best_ask": "0.81"}, {"asset_id": "62431806276539591033590335100897678655126372979579504591646273319200453103179", "price": "0.9", "size": "100", "side": "SELL", "hash": "b0869b4bf5bb8c67fd0f8f2beb10f7c415f93696", "best_bid": "0.19", "best_ask": "0.2"}], "timestamp": "1769384518889", "event_type": "price_change"}}
{"_local_timestamp": "2026-01-25T23:41:58.967319+00:00", "data": {"market": "0x308d63caa82cbea1724ef5f553cc58746b4961a249f532bcd348bf1dcd7d1481", "price_changes": [{"asset_id": "62431806276539591033590335100897678655126372979579504591646273319200453103179", "price": "0.01", "size": "4844.7", "side": "BUY", "hash": "5404bbde023623f7ce717a86f2d161067bfe20cb", "best_bid": "0.19", "best_ask": "0.2"}, {"asset_id": "55525688743544646903925873519970646229929512568670787069179430303507716488588", "price": "0.99", "size": "4844.7", "side": "SELL", "hash": "47b57780dc0104d5b57615dcfe9dc2bb075bf5c2", "best_bid": "0.8", "best_ask": "0.81"}], "timestamp": "1769384518898", "event_type": "price_change"}}
{"_local_timestamp": "2026-01-25T23:42:01.763109+00:00", "data": {"market": "0x308d63caa82cbea1724ef5f553cc58746b4961a249f532bcd348bf1dcd7d1481", "price_changes": [{"asset_id": "62431806276539591033590335100897678655126372979579504591646273319200453103179", "price": "0.01", "size": "4837.32", "side": "BUY", "hash": "f09461ad3afa5ded48c01b835e3c9b3a5d42279d", "best_bid": "0.19", "best_ask": "0.2"}, {"asset_id": "55525688743544646903925873519970646229929512568670787069179430303507716488588", "price": "0.99", "size": "4837.32", "side": "SELL", "hash": "f93272b28f2bee4f03053d720677a633abae5ef6", "best_bid": "0.8", "best_ask": "0.81"}], "timestamp": "1769384521697", "event_type": "price_change"}}
{"_local_timestamp": "2026-01-25T23:42:01.764919+00:00", "data": {"market": "0x308d63caa82cbea1724ef5f553cc58746b4961a249f532bcd348bf1dcd7d1481", "price_changes": [{"asset_id": "62431806276539591033590335100897678655126372979579504591646273319200453103179", "price": "0.03", "size": "0", "side": "BUY", "hash": "f09461ad3afa5ded48c01b835e3c9b3a5d42279d", "best_bid": "0.19", "best_ask": "0.2"}, {"asset_id": "55525688743544646903925873519970646229929512568670787069179430303507716488588", "price": "0.97", "size": "0", "side": "SELL", "hash": "f93272b28f2bee4f03053d720677a633abae5ef6", "best_bid": "0.8", "best_ask": "0.81"}], "timestamp": "1769384521697", "event_type": "price_change"}}
{"_local_timestamp": "2026-01-25T23:42:01.766684+00:00", "data": {"market": "0x308d63caa82cbea1724ef5f553cc58746b4961a249f532bcd348bf1dcd7d1481", "price_changes": [{"asset_id": "62431806276539591033590335100897678655126372979579504591646273319200453103179", "price": "0.04", "size": "132", "side": "BUY", "hash": "f09461ad3afa5ded48c01b835e3c9b3a5d42279d", "best_bid": "0.19", "best_ask": "0.2"}, {"asset_id": "55525688743544646903925873519970646229929512568670787069179430303507716488588", "price": "0.96", "size": "132", "side": "SELL", "hash": "f93272b28f2bee4f03053d720677a633abae5ef6", "best_bid": "0.8", "best_ask": "0.81"}], "timestamp": "1769384521697", "event_type": "price_change"}}
{"_local_timestamp": "2026-01-25T23:42:01.804449+00:00", "data": {"market": "0x308d63caa82cbea1724ef5f553cc58746b4961a249f532bcd348bf1dcd7d1481", "price_changes": [{"asset_id": "62431806276539591033590335100897678655126372979579504591646273319200453103179", "price": "0.02", "size": "138.56", "side": "BUY", "hash": "67bb151341124f520ff4c2cdc896b6d4269e7a69", "best_bid": "0.19", "best_ask": "0.2"}, {"asset_id": "55525688743544646903925873519970646229929512568670787069179430303507716488588", "price": "0.98", "size": "138.56", "side": "SELL", "hash": "4283899908a55f3ae8350861013ab1ac76b53c05", "best_bid": "0.8", "best_ask": "0.81"}], "timestamp": "1769384521736", "event_type": "price_change"}}
{"_local_timestamp": "2026-01-25T23:42:01.812389+00:00", "data": {"market": "0x308d63caa82cbea1724ef5f553cc58746b4961a249f532bcd348bf1dcd7d1481", "price_changes": [{"asset_id": "62431806276539591033590335100897678655126372979579504591646273319200453103179", "price": "0.04", "size": "0", "side": "BUY", "hash": "7d5b6bf9e0fdd7fc8b61c6a935df70c1cb6fc9d3", "best_bid": "0.19", "best_ask": "0.2"}, {"asset_id": "55525688743544646903925873519970646229929512568670787069179430303507716488588", "price": "0.96", "size": "0", "side": "SELL", "hash": "e979159a21ab4187997d5e99c7f5aa1bd65d3c81", "best_bid": "0.8", "best_ask": "0.81"}], "timestamp": "1769384521741", "event_type": "price_change"}}
{"_local_timestamp": "2026-01-25T23:42:01.814221+00:00", "data": {"market": "0x308d63caa82cbea1724ef5f553cc58746b4961a249f532bcd348bf1dcd7d1481", "price_changes": [{"asset_id": "62431806276539591033590335100897678655126372979579504591646273319200453103179", "price": "0.01", "size": "680", "side": "BUY", "hash": "a0f136d61faf41626e4c05f73499e854b3bb8039", "best_bid": "0.19", "best_ask": "0.2"}, {"asset_id": "55525688743544646903925873519970646229929512568670787069179430303507716488588", "price": "0.99", "size": "680", "side": "SELL", "hash": "618a61c77503fe3267f89a8103f8e8a2e023cda1", "best_bid": "0.8", "best_ask": "0.81"}], "timestamp": "1769384521742", "event_type": "price_change"}}
{"_local_timestamp": "2026-01-25T23:42:01.976376+00:00", "data": {"market": "0x308d63caa82cbea1724ef5f553cc58746b4961a249f532bcd348bf1dcd7d1481", "price_changes": [{"asset_id": "62431806276539591033590335100897678655126372979579504591646273319200453103179", "price": "0.02", "size": "2135.67", "side": "BUY", "hash": "faa6c77323d538d5a0b7fb3b0074403819701162", "best_bid": "0.19", "best_ask": "0.2"}, {"asset_id": "55525688743544646903925873519970646229929512568670787069179430303507716488588", "price": "0.98", "size": "2135.67", "side": "SELL", "hash": "391282bbd29bdb80e6c4e79867957e76b010ea1f", "best_bid": "0.8", "best_ask": "0.81"}], "timestamp": "1769384521911", "event_type": "price_change"}}
{"_local_timestamp": "2026-01-25T23:42:01.978236+00:00", "data": {"market": "0x308d63caa82cbea1724ef5f553cc58746b4961a249f532bcd348bf1dcd7d1481", "price_changes": [{"asset_id": "62431806276539591033590335100897678655126372979579504591646273319200453103179", "price": "0.02", "size": "3025.78", "side": "BUY", "hash": "28bbbd843c550d1a34862a6f530332b8ddc29870", "best_bid": "0.19", "best_ask": "0.2"}, {"asset_id": "55525688743544646903925873519970646229929512568670787069179430303507716488588", "price": "0.98", "size": "3025.78", "side": "SELL", "hash": "f585c3ca599b6f28e9c4434e01c110c99b313ebd", "best_bid": "0.8", "best_ask": "0.81"}], "timestamp": "1769384521912", "event_type": "price_change"}}
{"_local_timestamp": "2026-01-25T23:42:01.980067+00:00", "data": {"market": "0x308d63caa82cbea1724ef5f553cc58746b4961a249f532bcd348bf1dcd7d1481", "price_changes": [{"asset_id": "62431806276539591033590335100897678655126372979579504591646273319200453103179", "price": "0.02", "size": "4295.88", "side": "BUY", "hash": "8311db214ac94c5e4b4d413d637d1d52fdb90797", "best_bid": "0.19", "best_ask": "0.2"}, {"asset_id": "55525688743544646903925873519970646229929512568670787069179430303507716488588", "price": "0.98", "size": "4295.88", "side": "SELL", "hash": "814f71a6da0a49496901b1e90bebe0be2e34bc39", "best_bid": "0.8", "best_ask": "0.81"}], "timestamp": "1769384521913", "event_type": "price_change"}}
{"_local_timestamp": "2026-01-25T23:42:02.119180+00:00", "data": {"market": "0x308d63caa82cbea1724ef5f553cc58746b4961a249f532bcd348bf1dcd7d1481", "price_changes": [{"asset_id": "62431806276539591033590335100897678655126372979579504591646273319200453103179", "price": "0.03", "size": "26.82", "side": "BUY", "hash": "f3ce1a2dd4ff98418e0d5959db9c29ec26a70326", "best_bid": "0.19", "best_ask": "0.2"}, {"asset_id": "55525688743544646903925873519970646229929512568670787069179430303507716488588", "price": "0.97", "size": "26.82", "side": "SELL", "hash": "8885677026e1672d0ec8d76340db7fd74e6cc967", "best_bid": "0.8", "best_ask": "0.81"}], "timestamp": "1769384522046", "event_type": "price_change"}}
{"_local_timestamp": "2026-01-25T23:42:02.121099+00:00", "data": {"market": "0x308d63caa82cbea1724ef5f553cc58746b4961a249f532bcd348bf1dcd7d1481", "price_changes": [{"asset_id": "62431806276539591033590335100897678655126372979579504591646273319200453103179", "price": "0.01", "size": "686.41", "side": "BUY", "hash": "82acbcf8080037f01df20bf407f475d1b585ec75", "best_bid": "0.19", "best_ask": "0.2"}, {"asset_id": "55525688743544646903925873519970646229929512568670787069179430303507716488588", "price": "0.99", "size": "686.41", "side": "SELL", "hash": "c6dfc75e9fe0327eddf0f62c3e94e35363be98d1", "best_bid": "0.8", "best_ask": "0.81"}], "timestamp": "1769384522047", "event_type": "price_change"}}
{"_local_timestamp": "2026-01-25T23:42:03.059813+00:00", "data": {"market": "0xb18705bc12b4b247251cfbdc70ef5ea35459d1eeeeb0b2db75c121b5b787384e", "price_changes": [{"asset_id": "64706969525609814186270748812897873216756103384689804342678233310436054755856", "price": "0.01", "size": "10486.43", "side": "BUY", "hash": "697c94d34a16330edc36c0696010f4b64611e709", "best_bid": "0.28", "best_ask": "0.36"}, {"asset_id": "18157258742493335082590519979659273580182840843918396564069057423878518658064", "price": "0.99", "size": "10486.43", "side": "SELL", "hash": "b9cf14784b5b4f298c8a53c086c5357e6c95997d", "best_bid": "0.64", "best_ask": "0.72"}], "timestamp": "1769384522985", "event_type": "price_change"}}
{"_local_timestamp": "2026-01-25T23:42:03.061677+00:00", "data": {"market": "0xb18705bc12b4b247251cfbdc70ef5ea35459d1eeeeb0b2db75c121b5b787384e", "price_changes": [{"asset_id": "64706969525609814186270748812897873216756103384689804342678233310436054755856", "price": "0.03", "size": "0", "side": "BUY", "hash": "697c94d34a16330edc36c0696010f4b64611e709", "best_bid": "0.28", "best_ask": "0.36"}, {"asset_id": "18157258742493335082590519979659273580182840843918396564069057423878518658064", "price": "0.97", "size": "0", "side": "SELL", "hash": "b9cf14784b5b4f298c8a53c086c5357e6c95997d", "best_bid": "0.64", "best_ask": "0.72"}], "timestamp": "1769384522985", "event_type": "price_change"}}
{"_local_timestamp": "2026-01-25T23:42:03.120669+00:00", "data": {"market": "0xb18705bc12b4b247251cfbdc70ef5ea35459d1eeeeb0b2db75c121b5b787384e", "price_changes": [{"asset_id": "18157258742493335082590519979659273580182840843918396564069057423878518658064", "price": "0.28", "size": "0", "side": "BUY", "hash": "cffb2a007ad8f2caaed3e94600e11dd25b92d6d0", "best_bid": "0.64", "best_ask": "0.72"}, {"asset_id": "64706969525609814186270748812897873216756103384689804342678233310436054755856", "price": "0.72", "size": "0", "side": "SELL", "hash": "1d6ddf4f9a952e9a0ea5cf02ff14978129c739b6", "best_bid": "0.28", "best_ask": "0.36"}], "timestamp": "1769384523055", "event_type": "price_change"}}
{"_local_timestamp": "2026-01-25T23:42:03.130331+00:00", "data": {"market": "0xb18705bc12b4b247251cfbdc70ef5ea35459d1eeeeb0b2db75c121b5b787384e", "price_changes": [{"asset_id": "18157258742493335082590519979659273580182840843918396564069057423878518658064", "price": "0.27", "size": "200", "side": "BUY", "hash": "cffb2a007ad8f2caaed3e94600e11dd25b92d6d0", "best_bid": "0.64", "best_ask": "0.72"}, {"asset_id": "64706969525609814186270748812897873216756103384689804342678233310436054755856", "price": "0.73", "size": "200", "side": "SELL", "hash": "1d6ddf4f9a952e9a0ea5cf02ff14978129c739b6", "best_bid": "0.28", "best_ask": "0.36"}], "timestamp": "1769384523055", "event_type": "price_change"}}
{"_local_timestamp": "2026-01-25T23:42:03.132206+00:00", "data": {"market": "0xb18705bc12b4b247251cfbdc70ef5ea35459d1eeeeb0b2db75c121b5b787384e", "price_changes": [{"asset_id": "64706969525609814186270748812897873216756103384689804342678233310436054755856", "price": "0.05", "size": "100", "side": "BUY", "hash": "9603aed1ad63d8659e1b250d0eaf1336196d95d2", "best_bid": "0.28", "best_ask": "0.36"}, {"asset_id": "18157258742493335082590519979659273580182840843918396564069057423878518658064", "price": "0.95", "size": "100", "side": "SELL", "hash": "d2b51c4da6cdd1d874e8893fa1b9a3bb9dc5445b", "best_bid": "0.64", "best_ask": "0.72"}], "timestamp": "1769384523056", "event_type": "price_change"}}
{"_local_timestamp": "2026-01-25T23:42:03.133980+00:00", "data": {"market": "0xb18705bc12b4b247251cfbdc70ef5ea35459d1eeeeb0b2db75c121b5b787384e", "price_changes": [{"asset_id": "64706969525609814186270748812897873216756103384689804342678233310436054755856", "price": "0.04", "size": "0", "side": "BUY", "hash": "9603aed1ad63d8659e1b250d0eaf1336196d95d2", "best_bid": "0.28", "best_ask": "0.36"}, {"asset_id": "18157258742493335082590519979659273580182840843918396564069057423878518658064", "price": "0.96", "size": "0", "side": "SELL", "hash": "d2b51c4da6cdd1d874e8893fa1b9a3bb9dc5445b", "best_bid": "0.64", "best_ask": "0.72"}], "timestamp": "1769384523056", "event_type": "price_change"}}
{"_local_timestamp": "2026-01-25T23:42:03.319420+00:00", "data": {"market": "0xb18705bc12b4b247251cfbdc70ef5ea35459d1eeeeb0b2db75c121b5b787384e", "price_changes": [{"asset_id": "18157258742493335082590519979659273580182840843918396564069057423878518658064", "price": "0.28", "size": "1997.11", "side": "BUY", "hash": "5d981c6f6a02fe9afb01a830d2215b3e43acc839", "best_bid": "0.64", "best_ask": "0.72"}, {"asset_id": "64706969525609814186270748812897873216756103384689804342678233310436054755856", "price": "0.72", "size": "1997.11", "side": "SELL", "hash": "95522aef42a1fff6125f2ea9370dad8741075c9a", "best_bid": "0.28", "best_ask": "0.36"}], "timestamp": "1769384523256", "event_type": "price_change"}}
{"_local_timestamp": "2026-01-25T23:42:03.330709+00:00", "data": {"market": "0xb18705bc12b4b247251cfbdc70ef5ea35459d1eeeeb0b2db75c121b5b787384e", "price_changes": [{"asset_id": "64706969525609814186270748812897873216756103384689804342678233310436054755856", "price": "0.06", "size": "923.11", "side": "BUY", "hash": "54756ab3f04419036ebc9c8caa74992b6be4f896", "best_bid": "0.28", "best_ask": "0.36"}, {"asset_id": "18157258742493335082590519979659273580182840843918396564069057423878518658064", "price": "0.94", "size": "923.11", "side": "SELL", "hash": "0c6cdf65c848cbd882f969133dbfafe536af2bd7", "best_bid": "0.64", "best_ask": "0.72"}], "timestamp": "1769384523257", "event_type": "price_change"}}
{"_local_timestamp": "2026-01-25T23:42:03.332595+00:00", "data": {"market": "0xb18705bc12b4b247251cfbdc70ef5ea35459d1eeeeb0b2db75c121b5b787384e", "price_changes": [{"asset_id": "64706969525609814186270748812897873216756103384689804342678233310436054755856", "price": "0.06", "size": "2193.21", "side": "BUY", "hash": "716d09fc0722a1ab8d9b68202908e702d2e8ba3d", "best_bid": "0.28", "best_ask": "0.36"}, {"asset_id": "18157258742493335082590519979659273580182840843918396564069057423878518658064", "price": "0.94", "size": "2193.21", "side": "SELL", "hash": "13b48c157611520e0713605598e234a2c4325e81", "best_bid": "0.64", "best_ask": "0.72"}], "timestamp": "1769384523258", "event_type": "price_change"}}
{"_local_timestamp": "2026-01-25T23:42:03.334351+00:00", "data": {"market": "0xb18705bc12b4b247251cfbdc70ef5ea35459d1eeeeb0b2db75c121b5b787384e", "price_changes": [{"asset_id": "18157258742493335082590519979659273580182840843918396564069057423878518658064", "price": "0.28", "size": "2887.22", "side": "BUY", "hash": "1353eb99d26f0b9a7c181701bd6d1e7340b7cd97", "best_bid": "0.64", "best_ask": "0.72"}, {"asset_id": "64706969525609814186270748812897873216756103384689804342678233310436054755856", "price": "0.72", "size": "2887.22", "side": "SELL", "hash": "2410436d49a1b3d26143966bd6f93806be5a407d", "best_bid": "0.28", "best_ask": "0.36"}], "timestamp": "1769384523258", "event_type": "price_change"}}
{"_local_timestamp": "2026-01-25T23:42:03.336052+00:00", "data": {"market": "0xb18705bc12b4b247251cfbdc70ef5ea35459d1eeeeb0b2db75c121b5b787384e", "price_changes": [{"asset_id": "64706969525609814186270748812897873216756103384689804342678233310436054755856", "price": "0.06", "size": "8192.32", "side": "BUY", "hash": "e1a9e8fe5812b97f95791a76bb3d7aa809b52de8", "best_bid": "0.28", "best_ask": "0.36"}, {"asset_id": "18157258742493335082590519979659273580182840843918396564069057423878518658064", "price": "0.94", "size": "8192.32", "side": "SELL", "hash": "91135dde7df67739d0fc6ddf94371d636aafae3c", "best_bid": "0.64", "best_ask": "0.72"}], "timestamp": "1769384523259", "event_type": "price_change"}}
{"_local_timestamp": "2026-01-25T23:42:03.337804+00:00", "data": {"market": "0xb18705bc12b4b247251cfbdc70ef5ea35459d1eeeeb0b2db75c121b5b787384e", "price_changes": [{"asset_id": "18157258742493335082590519979659273580182840843918396564069057423878518658064", "price": "0.28", "size": "4157.32", "side": "BUY", "hash": "a8ef1ca3ffa509d3cd4b508180917bdbc9236a80", "best_bid": "0.64", "best_ask": "0.72"}, {"asset_id": "64706969525609814186270748812897873216756103384689804342678233310436054755856", "price": "0.72", "size": "4157.32", "side": "SELL", "hash": "045dca74d5467638e3f2ddd754ee619f9519fa2b", "best_bid": "0.28", "best_ask": "0.36"}], "timestamp": "1769384523260", "event_type": "price_change"}}
{"_local_timestamp": "2026-01-25T23:42:03.339510+00:00", "data": {"market": "0xb18705bc12b4b247251cfbdc70ef5ea35459d1eeeeb0b2db75c121b5b787384e", "price_changes": [{"asset_id": "64706969525609814186270748812897873216756103384689804342678233310436054755856", "price": "0.06", "size": "10189.43", "side": "BUY", "hash": "98506d3fe3d398ec8d9e14cff6de010959e74982", "best_bid": "0.28", "best_ask": "0.36"}, {"asset_id": "18157258742493335082590519979659273580182840843918396564069057423878518658064", "price": "0.94", "size": "10189.43", "side": "SELL", "hash": "058ddc8a094d3e1b8c9881c923afeb956c6b7a81", "best_bid": "0.64", "best_ask": "0.72"}], "timestamp": "1769384523260", "event_type": "price_change"}}
{"_local_timestamp": "2026-01-25T23:42:03.341241+00:00", "data": {"market": "0xb18705bc12b4b247251cfbdc70ef5ea35459d1eeeeb0b2db75c121b5b787384e", "price_changes": [{"asset_id": "64706969525609814186270748812897873216756103384689804342678233310436054755856", "price": "0.02", "size": "14.33", "side": "BUY", "hash": "2f11d227849ba73ec3051001fb81fcbb9a3b0425", "best_bid": "0.28", "best_ask": "0.36"}, {"asset_id": "18157258742493335082590519979659273580182840843918396564069057423878518658064", "price": "0.98", "size": "14.33", "side": "SELL", "hash": "2faf284cf7fd160ee04f3e645ef4ae8f3a26f488", "best_bid": "0.64", "best_ask": "0.72"}], "timestamp": "1769384523261", "event_type": "price_change"}}
{"_local_timestamp": "2026-01-25T23:42:05.848487+00:00", "data": {"market": "0x37a2a8f43108504d768012984de442ad727183c192ea4282bf22c28f467d1ae9", "price_changes": [{"asset_id": "20433031826617634564864446320072745267511700140444160083894490218868960052047", "price": "0.01", "size": "10586.43", "side": "BUY", "hash": "12462dfec8f81c615204157822d3aaaf5731394c", "best_bid": "0.28", "best_ask": "0.36"}, {"asset_id": "89570350404509332697294156260294498845013165173832862565969838165211473744715", "price": "0.99", "size": "10586.43", "side": "SELL", "hash": "b60c336ec1e1746550d7230a3d85bf419a474439", "best_bid": "0.64", "best_ask": "0.72"}], "timestamp": "1769384525776", "event_type": "price_change"}}
{"_local_timestamp": "2026-01-25T23:42:05.850477+00:00", "data": {"market": "0x37a2a8f43108504d768012984de442ad727183c192ea4282bf22c28f467d1ae9", "price_changes": [{"asset_id": "20433031826617634564864446320072745267511700140444160083894490218868960052047", "price": "0.03", "size": "0", "side": "BUY", "hash": "12462dfec8f81c615204157822d3aaaf5731394c", "best_bid": "0.28", "best_ask": "0.36"}, {"asset_id": "89570350404509332697294156260294498845013165173832862565969838165211473744715", "price": "0.97", "size": "0", "side": "SELL", "hash": "b60c336ec1e1746550d7230a3d85bf419a474439", "best_bid": "0.64", "best_ask": "0.72"}], "timestamp": "1769384525776", "event_type": "price_change"}}
{"_local_timestamp": "2026-01-25T23:42:05.889377+00:00", "data": {"market": "0x37a2a8f43108504d768012984de442ad727183c192ea4282bf22c28f467d1ae9", "price_changes": [{"asset_id": "89570350404509332697294156260294498845013165173832862565969838165211473744715", "price": "0.28", "size": "0", "side": "BUY", "hash": "52f6335cfbfe6ab923b663c0581b7827138fb02c", "best_bid": "0.64", "best_ask": "0.72"}, {"asset_id": "20433031826617634564864446320072745267511700140444160083894490218868960052047", "price": "0.72", "size": "0", "side": "SELL", "hash": "82bfd7d59efbc913cf7bc9cdadcd5a51dfbd89b2", "best_bid": "0.28", "best_ask": "0.36"}], "timestamp": "1769384525824", "event_type": "price_change"}}
{"_local_timestamp": "2026-01-25T23:42:05.893814+00:00", "data": {"market": "0x37a2a8f43108504d768012984de442ad727183c192ea4282bf22c28f467d1ae9", "price_changes": [{"asset_id": "89570350404509332697294156260294498845013165173832862565969838165211473744715", "price": "0.27", "size": "200", "side": "BUY", "hash": "52f6335cfbfe6ab923b663c0581b7827138fb02c", "best_bid": "0.64", "best_ask": "0.72"}, {"asset_id": "20433031826617634564864446320072745267511700140444160083894490218868960052047", "price": "0.73", "size": "200", "side": "SELL", "hash": "82bfd7d59efbc913cf7bc9cdadcd5a51dfbd89b2", "best_bid": "0.28", "best_ask": "0.36"}], "timestamp": "1769384525824", "event_type": "price_change"}}
{"_local_timestamp": "2026-01-25T23:42:06.106951+00:00", "data": {"market": "0x21478a9eda4795b21ef6b36dfe588d7b28b4b516c9c9a25005d80d1f1990e07a", "price_changes": [{"asset_id": "56547025957645419046099124619483344064997524271778931224912952948032844902449", "price": "0.72", "size": "555.54", "side": "BUY", "hash": "a3968afd0195b349973b99310747d588c7a617bf", "best_bid": "0.72", "best_ask": "0.76"}, {"asset_id": "7116510953894574046149959763012809728780191305039938095921645635539451683015", "price": "0.28", "size": "555.54", "side": "SELL", "hash": "fabb5be512345d2a132397e2651df2b69e4d8f5d", "best_bid": "0.24", "best_ask": "0.28"}], "timestamp": "1769384526026", "event_type": "price_change"}}
{"_local_timestamp": "2026-01-25T23:42:06.187744+00:00", "data": {"market": "0x37a2a8f43108504d768012984de442ad727183c192ea4282bf22c28f467d1ae9", "price_changes": [{"asset_id": "20433031826617634564864446320072745267511700140444160083894490218868960052047", "price": "0.02", "size": "13.21", "side": "BUY", "hash": "d3c8ee93146be413f938d495fce890842a3a2ea1", "best_bid": "0.28", "best_ask": "0.36"}, {"asset_id": "89570350404509332697294156260294498845013165173832862565969838165211473744715", "price": "0.98", "size": "13.21", "side": "SELL", "hash": "a13b5300039e05c37fca32bdbf261bac97f950c3", "best_bid": "0.64", "best_ask": "0.72"}], "timestamp": "1769384526113", "event_type": "price_change"}}
{"_local_timestamp": "2026-01-25T23:42:09.460111+00:00", "data": {"market": "0x21478a9eda4795b21ef6b36dfe588d7b28b4b516c9c9a25005d80d1f1990e07a", "price_changes": [{"asset_id": "7116510953894574046149959763012809728780191305039938095921645635539451683015", "price": "0.02", "size": "0", "side": "BUY", "hash": "8d803a2d727d1778ec4f39e5e818c9730f13a91c", "best_bid": "0.24", "best_ask": "0.28"}, {"asset_id": "56547025957645419046099124619483344064997524271778931224912952948032844902449", "price": "0.98", "size": "0", "side": "SELL", "hash": "82910f7f505ce152bbeefbf41237a52b9aea754e", "best_bid": "0.72", "best_ask": "0.76"}], "timestamp": "1769384529395", "event_type": "price_change"}}
{"_local_timestamp": "2026-01-25T23:42:09.462801+00:00", "data": {"market": "0xd336d08c566160ba048982cd3bcb6e7ec713ea9336a92446bc34f493f77842df", "price_changes": [{"asset_id": "93400981758791869645785192203990808057568260315269629518036730084578020466243", "price": "0.06", "size": "0", "side": "BUY", "hash": "f5d3753498a625646e1f5b4e7c68a3334ea442ae", "best_bid": "0.36", "best_ask": "0.45"}, {"asset_id": "89728433461109893353350426686433550158491124286474351310639172869545460692870", "price": "0.94", "size": "0", "side": "SELL", "hash": "4ed469497ddf7f188f22db3774343c3b88a8a33c", "best_bid": "0.55", "best_ask": "0.64"}], "timestamp": "1769384529395", "event_type": "price_change"}}
{"_local_timestamp": "2026-01-25T23:42:09.534557+00:00", "data": {"market": "0xd336d08c566160ba048982cd3bcb6e7ec713ea9336a92446bc34f493f77842df", "price_changes": [{"asset_id": "89728433461109893353350426686433550158491124286474351310639172869545460692870", "price": "0.21", "size": "0", "side": "BUY", "hash": "206d5774c95fd4d7bb4bea4cd8e1c006de713093", "best_bid": "0.55", "best_ask": "0.64"}, {"asset_id": "93400981758791869645785192203990808057568260315269629518036730084578020466243", "price": "0.79", "size": "0", "side": "SELL", "hash": "e6c876dc20d219ea07ebcf16a31afd888e4fd44f", "best_bid": "0.36", "best_ask": "0.45"}], "timestamp": "1769384529471", "event_type": "price_change"}}
{"_local_timestamp": "2026-01-25T23:42:09.537444+00:00", "data": {"market": "0xd336d08c566160ba048982cd3bcb6e7ec713ea9336a92446bc34f493f77842df", "price_changes": [{"asset_id": "89728433461109893353350426686433550158491124286474351310639172869545460692870", "price": "0.2", "size": "200", "side": "BUY", "hash": "206d5774c95fd4d7bb4bea4cd8e1c006de713093", "best_bid": "0.55", "best_ask": "0.64"}, {"asset_id": "93400981758791869645785192203990808057568260315269629518036730084578020466243", "price": "0.8", "size": "200", "side": "SELL", "hash": "e6c876dc20d219ea07ebcf16a31afd888e4fd44f", "best_bid": "0.36", "best_ask": "0.45"}], "timestamp": "1769384529471", "event_type": "price_change"}}
{"_local_timestamp": "2026-01-25T23:42:09.692093+00:00", "data": {"market": "0xd336d08c566160ba048982cd3bcb6e7ec713ea9336a92446bc34f493f77842df", "price_changes": [{"asset_id": "93400981758791869645785192203990808057568260315269629518036730084578020466243", "price": "0.03", "size": "29.88", "side": "BUY", "hash": "e7cce6dbef833d5231a8103683e2170fafd51694", "best_bid": "0.36", "best_ask": "0.45"}, {"asset_id": "89728433461109893353350426686433550158491124286474351310639172869545460692870", "price": "0.97", "size": "29.88", "side": "SELL", "hash": "10b78e19d1a9dd75c8146a60d325fe59ad0f5aa0", "best_bid": "0.55", "best_ask": "0.64"}], "timestamp": "1769384529620", "event_type": "price_change"}}
{"_local_timestamp": "2026-01-25T23:42:09.740392+00:00", "data": {"market": "0x21478a9eda4795b21ef6b36dfe588d7b28b4b516c9c9a25005d80d1f1990e07a", "price_changes": [{"asset_id": "7116510953894574046149959763012809728780191305039938095921645635539451683015", "price": "0.02", "size": "49.99", "side": "BUY", "hash": "28c53bc6be0158538a302fcc22dbf6ee326d1a9d", "best_bid": "0.24", "best_ask": "0.28"}, {"asset_id": "56547025957645419046099124619483344064997524271778931224912952948032844902449", "price": "0.98", "size": "49.99", "side": "SELL", "hash": "fe49ff1d72a973ed911fca19bb6f3c016ad9fb96", "best_bid": "0.72", "best_ask": "0.76"}], "timestamp": "1769384529676", "event_type": "price_change"}}
{"_local_timestamp": "2026-01-25T23:42:10.608425+00:00", "data": {"market": "0x308d63caa82cbea1724ef5f553cc58746b4961a249f532bcd348bf1dcd7d1481", "price_changes": [{"asset_id": "62431806276539591033590335100897678655126372979579504591646273319200453103179", "price": "0.01", "size": "286.41", "side": "BUY", "hash": "02e297aa617895f67451bf70e0ce1f6a65f03193", "best_bid": "0.19", "best_ask": "0.2"}, {"asset_id": "55525688743544646903925873519970646229929512568670787069179430303507716488588", "price": "0.99", "size": "286.41", "side": "SELL", "hash": "32cb269cff476886f2af491fae54b0f3a04bda50", "best_bid": "0.8", "best_ask": "0.81"}], "timestamp": "1769384530536", "event_type": "price_change"}}
{"_local_timestamp": "2026-01-25T23:42:10.610433+00:00", "data": {"market": "0x308d63caa82cbea1724ef5f553cc58746b4961a249f532bcd348bf1dcd7d1481", "price_changes": [{"asset_id": "55525688743544646903925873519970646229929512568670787069179430303507716488588", "price": "0.1", "size": "0", "side": "BUY", "hash": "8d78c9799aaaffb3d37eeb850c9e7f7a3f5aea6f", "best_bid": "0.8", "best_ask": "0.81"}, {"asset_id": "62431806276539591033590335100897678655126372979579504591646273319200453103179", "price": "0.9", "size": "0", "side": "SELL", "hash": "0d0a91e4951d3a14582ce515e2f6040c5bcab596", "best_bid": "0.19", "best_ask": "0.2"}], "timestamp": "1769384530537", "event_type": "price_change"}}
{"_local_timestamp": "2026-01-25T23:42:10.634674+00:00", "data": {"market": "0x308d63caa82cbea1724ef5f553cc58746b4961a249f532bcd348bf1dcd7d1481", "price_changes": [{"asset_id": "62431806276539591033590335100897678655126372979579504591646273319200453103179", "price": "0.03", "size": "158.82", "side": "BUY", "hash": "15027b73860132132e18ad0d89fd1ec06db2f994", "best_bid": "0.19", "best_ask": "0.2"}, {"asset_id": "55525688743544646903925873519970646229929512568670787069179430303507716488588", "price": "0.97", "size": "158.82", "side": "SELL", "hash": "38041fe0f47bfb4b99d4633bd95668f72a59a946", "best_bid": "0.8", "best_ask": "0.81"}], "timestamp": "1769384530572", "event_type": "price_change"}}
{"_local_timestamp": "2026-01-25T23:42:10.643520+00:00", "data": {"market": "0x308d63caa82cbea1724ef5f553cc58746b4961a249f532bcd348bf1dcd7d1481", "price_changes": [{"asset_id": "62431806276539591033590335100897678655126372979579504591646273319200453103179", "price": "0.02", "size": "4163.88", "side": "BUY", "hash": "399ca9937ee05fbb8662c9747cb764aa65016489", "best_bid": "0.19", "best_ask": "0.2"}, {"asset_id": "55525688743544646903925873519970646229929512568670787069179430303507716488588", "price": "0.98", "size": "4163.88", "side": "SELL", "hash": "137f32e23c2c323630ce67971f3bbb67382f7739", "best_bid": "0.8", "best_ask": "0.81"}], "timestamp": "1769384530574", "event_type": "price_change"}}
{"_local_timestamp": "2026-01-25T23:42:10.652973+00:00", "data": {"market": "0x308d63caa82cbea1724ef5f553cc58746b4961a249f532bcd348bf1dcd7d1481", "price_changes": [{"asset_id": "62431806276539591033590335100897678655126372979579504591646273319200453103179", "price": "0.01", "size": "2283.52", "side": "BUY", "hash": "48dec30e683f840abd586acf9141a9145e1f951a", "best_bid": "0.19", "best_ask": "0.2"}, {"asset_id": "55525688743544646903925873519970646229929512568670787069179430303507716488588", "price": "0.99", "size": "2283.52", "side": "SELL", "hash": "54428847e40df83656e388ef465f951dd0af3ac9", "best_bid": "0.8", "best_ask": "0.81"}], "timestamp": "1769384530576", "event_type": "price_change"}}
{"_local_timestamp": "2026-01-25T23:42:10.654928+00:00", "data": {"market": "0x308d63caa82cbea1724ef5f553cc58746b4961a249f532bcd348bf1dcd7d1481", "price_changes": [{"asset_id": "62431806276539591033590335100897678655126372979579504591646273319200453103179", "price": "0.01", "size": "3173.63", "side": "BUY", "hash": "643446895496ac6f086383da1351ec8502322817", "best_bid": "0.19", "best_ask": "0.2"}, {"asset_id": "55525688743544646903925873519970646229929512568670787069179430303507716488588", "price": "0.99", "size": "3173.63", "side": "SELL", "hash": "bc468a731c2d01a156fbafa02317917c36a9d443", "best_bid": "0.8", "best_ask": "0.81"}], "timestamp": "1769384530577", "event_type": "price_change"}}
{"_local_timestamp": "2026-01-25T23:42:10.656813+00:00", "data": {"market": "0x308d63caa82cbea1724ef5f553cc58746b4961a249f532bcd348bf1dcd7d1481", "price_changes": [{"asset_id": "62431806276539591033590335100897678655126372979579504591646273319200453103179", "price": "0.01", "size": "4443.73", "side": "BUY", "hash": "092d9df0dde3fcb2e299f92be56c5fe8f108c7f2", "best_bid": "0.19", "best_ask": "0.2"}, {"asset_id": "55525688743544646903925873519970646229929512568670787069179430303507716488588", "price": "0.99", "size": "4443.73", "side": "SELL", "hash": "15173e4d9a03a53c4a1d705b3baec144b981936e", "best_bid": "0.8", "best_ask": "0.81"}], "timestamp": "1769384530577", "event_type": "price_change"}}
{"_local_timestamp": "2026-01-25T23:42:10.861266+00:00", "data": {"market": "0x308d63caa82cbea1724ef5f553cc58746b4961a249f532bcd348bf1dcd7d1481", "price_changes": [{"asset_id": "55525688743544646903925873519970646229929512568670787069179430303507716488588", "price": "0.09", "size": "4357.32", "side": "BUY", "hash": "ab8f4c2417f04d158d0606c36f370a76f2de2176", "best_bid": "0.8", "best_ask": "0.81"}, {"asset_id": "62431806276539591033590335100897678655126372979579504591646273319200453103179", "price": "0.91", "size": "4357.32", "side": "SELL", "hash": "2c87b0210c072fc3ece8165c8f7f5d6260afda60", "best_bid": "0.19", "best_ask": "0.2"}], "timestamp": "1769384530771", "event_type": "price_change"}}
{"_local_timestamp": "2026-01-25T23:42:10.869010+00:00", "data": {"market": "0x308d63caa82cbea1724ef5f553cc58746b4961a249f532bcd348bf1dcd7d1481", "price_changes": [{"asset_id": "62431806276539591033590335100897678655126372979579504591646273319200453103179", "price": "0.02", "size": "4463.88", "side": "BUY", "hash": "ec9a416ce64eb4edb3b9363e4393508cc5c58d58", "best_bid": "0.19", "best_ask": "0.2"}, {"asset_id": "55525688743544646903925873519970646229929512568670787069179430303507716488588", "price": "0.98", "size": "4463.88", "side": "SELL", "hash": "635709772e2db3b33a3cc2787307b7d9689dcd0d", "best_bid": "0.8", "best_ask": "0.81"}], "timestamp": "1769384530771", "event_type": "price_change"}}
{"_local_timestamp": "2026-01-25T23:42:12.676162+00:00", "data": {"market": "0x308d63caa82cbea1724ef5f553cc58746b4961a249f532bcd348bf1dcd7d1481", "price_changes": [{"asset_id": "55525688743544646903925873519970646229929512568670787069179430303507716488588", "price": "0.08", "size": "215", "side": "BUY", "hash": "a10a58cd3ae9c806b1b721e6c196e8161f6046ec", "best_bid": "0.8", "best_ask": "0.81"}, {"asset_id": "62431806276539591033590335100897678655126372979579504591646273319200453103179", "price": "0.92", "size": "215", "side": "SELL", "hash": "e8bd86f87b020ec04e5570da43c58ab304fec1b3", "best_bid": "0.19", "best_ask": "0.2"}], "timestamp": "1769384532601", "event_type": "price_change"}}
{"_local_timestamp": "2026-01-25T23:42:12.976695+00:00", "data": {"market": "0x308d63caa82cbea1724ef5f553cc58746b4961a249f532bcd348bf1dcd7d1481", "price_changes": [{"asset_id": "55525688743544646903925873519970646229929512568670787069179430303507716488588", "price": "0.09", "size": "4757.32", "side": "BUY", "hash": "0b4c336f09273f224ecf703ba20e9d7a7dd2eddd", "best_bid": "0.8", "best_ask": "0.81"}, {"asset_id": "62431806276539591033590335100897678655126372979579504591646273319200453103179", "price": "0.91", "size": "4757.32", "side": "SELL", "hash": "739d9a1bfa761882b65d56b80f1b99ac2b2f4aac", "best_bid": "0.19", "best_ask": "0.2"}], "timestamp": "1769384532896", "event_type": "price_change"}}
{"_local_timestamp": "2026-01-25T23:42:13.019776+00:00", "data": {"market": "0x4596995ba5c1143eb024cd19b648a13a560d619469ee2801a0731eac1496f71c", "price_changes": [{"asset_id": "72924982117647498116945443519660964053965655312404924908951453050812570473090", "price": "0.02", "size": "890.11", "side": "BUY", "hash": "713e083144f50ff426bebd6832a0d1a0060f2999", "best_bid": "0.28", "best_ask": "0.36"}, {"asset_id": "64060812829424665171585620366786220342059168747392044980810273902188468128252", "price": "0.98", "size": "890.11", "side": "SELL", "hash": "c81c303e9e0c129a874e03d0010158c9eddd4014", "best_bid": "0.64", "best_ask": "0.72"}], "timestamp": "1769384532952", "event_type": "price_change"}}
{"_local_timestamp": "2026-01-25T23:42:13.112707+00:00", "data": {"market": "0x4596995ba5c1143eb024cd19b648a13a560d619469ee2801a0731eac1496f71c", "price_changes": [{"asset_id": "72924982117647498116945443519660964053965655312404924908951453050812570473090", "price": "0.02", "size": "0", "side": "BUY", "hash": "129939878c4173f920ec942f65b485a57ddea0a2", "best_bid": "0.28", "best_ask": "0.36"}, {"asset_id": "64060812829424665171585620366786220342059168747392044980810273902188468128252", "price": "0.98", "size": "0", "side": "SELL", "hash": "d6b455d4fdb72c6cd5a874a77dc18d791db42d1e", "best_bid": "0.64", "best_ask": "0.72"}], "timestamp": "1769384533036", "event_type": "price_change"}}
{"_local_timestamp": "2026-01-25T23:42:13.114668+00:00", "data": {"market": "0x4596995ba5c1143eb024cd19b648a13a560d619469ee2801a0731eac1496f71c", "price_changes": [{"asset_id": "72924982117647498116945443519660964053965655312404924908951453050812570473090", "price": "0.01", "size": "10536.43", "side": "BUY", "hash": "129939878c4173f920ec942f65b485a57ddea0a2", "best_bid": "0.28", "best_ask": "0.36"}, {"asset_id": "64060812829424665171585620366786220342059168747392044980810273902188468128252", "price": "0.99", "size": "10536.43", "side": "SELL", "hash": "d6b455d4fdb72c6cd5a874a77dc18d791db42d1e", "best_bid": "0.64", "best_ask": "0.72"}], "timestamp": "1769384533036", "event_type": "price_change"}}
{"_local_timestamp": "2026-01-25T23:42:13.116488+00:00", "data": {"market": "0x4596995ba5c1143eb024cd19b648a13a560d619469ee2801a0731eac1496f71c", "price_changes": [{"asset_id": "64060812829424665171585620366786220342059168747392044980810273902188468128252", "price": "0.28", "size": "0", "side": "BUY", "hash": "b87c1ae32786a7212b31d5aafbc0d005a46e8d9d", "best_bid": "0.64", "best_ask": "0.72"}, {"asset_id": "72924982117647498116945443519660964053965655312404924908951453050812570473090", "price": "0.72", "size": "0", "side": "SELL", "hash": "719eda5b977286be4fdba3a0e4a72933622c5de6", "best_bid": "0.28", "best_ask": "0.36"}], "timestamp": "1769384533037", "event_type": "price_change"}}
{"_local_timestamp": "2026-01-25T23:42:13.118338+00:00", "data": {"market": "0x4596995ba5c1143eb024cd19b648a13a560d619469ee2801a0731eac1496f71c", "price_changes": [{"asset_id": "64060812829424665171585620366786220342059168747392044980810273902188468128252", "price": "0.27", "size": "200", "side": "BUY", "hash": "b87c1ae32786a7212b31d5aafbc0d005a46e8d9d", "best_bid": "0.64", "best_ask": "0.72"}, {"asset_id": "72924982117647498116945443519660964053965655312404924908951453050812570473090", "price": "0.73", "size": "200", "side": "SELL", "hash": "719eda5b977286be4fdba3a0e4a72933622c5de6", "best_bid": "0.28", "best_ask": "0.36"}], "timestamp": "1769384533037", "event_type": "price_change"}}
{"_local_timestamp": "2026-01-25T23:42:13.248307+00:00", "data": {"market": "0x4596995ba5c1143eb024cd19b648a13a560d619469ee2801a0731eac1496f71c", "price_changes": [{"asset_id": "72924982117647498116945443519660964053965655312404924908951453050812570473090", "price": "0.03", "size": "6.75", "side": "BUY", "hash": "1cf9f1ead88ccb503631d57d6f76b81f9d32e8b6", "best_bid": "0.28", "best_ask": "0.36"}, {"asset_id": "64060812829424665171585620366786220342059168747392044980810273902188468128252", "price": "0.97", "size": "6.75", "side": "SELL", "hash": "f10fbdf75806b70ffe54ca389757d22e7c0e4a93", "best_bid": "0.64", "best_ask": "0.72"}], "timestamp": "1769384533172", "event_type": "price_change"}}
{"_local_timestamp": "2026-01-25T23:42:13.250410+00:00", "data": {"market": "0x4596995ba5c1143eb024cd19b648a13a560d619469ee2801a0731eac1496f71c", "price_changes": [{"asset_id": "72924982117647498116945443519660964053965655312404924908951453050812570473090", "price": "0.01", "size": "10544.89", "side": "BUY", "hash": "1807f753243feb73e6ba3f70c10e9d888d37e631", "best_bid": "0.28", "best_ask": "0.36"}, {"asset_id": "64060812829424665171585620366786220342059168747392044980810273902188468128252", "price": "0.99", "size": "10544.89", "side": "SELL", "hash": "9ba3f0e77906dff242d15cf3fa74717dad014c6b", "best_bid": "0.64", "best_ask": "0.72"}], "timestamp": "1769384533173", "event_type": "price_change"}}
{"_local_timestamp": "2026-01-25T23:42:13.271336+00:00", "data": {"market": "0x4596995ba5c1143eb024cd19b648a13a560d619469ee2801a0731eac1496f71c", "price_changes": [{"asset_id": "64060812829424665171585620366786220342059168747392044980810273902188468128252", "price": "0.29", "size": "1997.11", "side": "BUY", "hash": "6195aec3a9df5266e6f9b20ccb2c522503b42e3b", "best_bid": "0.64", "best_ask": "0.72"}, {"asset_id": "72924982117647498116945443519660964053965655312404924908951453050812570473090", "price": "0.71", "size": "1997.11", "side": "SELL", "hash": "e8d1456f24fb626a0d91b1649f553f1e1b0b1aa0", "best_bid": "0.28", "best_ask": "0.36"}], "timestamp": "1769384533208", "event_type": "price_change"}}
{"_local_timestamp": "2026-01-25T23:42:13.280408+00:00", "data": {"market": "0x4596995ba5c1143eb024cd19b648a13a560d619469ee2801a0731eac1496f71c", "price_changes": [{"asset_id": "64060812829424665171585620366786220342059168747392044980810273902188468128252", "price": "0.29", "size": "2887.22", "side": "BUY", "hash": "59e966aa472f406bfa4ba59ff06825dc4979688d", "best_bid": "0.64", "best_ask": "0.72"}, {"asset_id": "72924982117647498116945443519660964053965655312404924908951453050812570473090", "price": "0.71", "size": "2887.22", "side": "SELL", "hash": "3c070622599d24802a2a7f293fc8050b56b97acb", "best_bid": "0.28", "best_ask": "0.36"}], "timestamp": "1769384533209", "event_type": "price_change"}}
{"_local_timestamp": "2026-01-25T23:42:13.282559+00:00", "data": {"market": "0x4596995ba5c1143eb024cd19b648a13a560d619469ee2801a0731eac1496f71c", "price_changes": [{"asset_id": "64060812829424665171585620366786220342059168747392044980810273902188468128252", "price": "0.29", "size": "4157.32", "side": "BUY", "hash": "bd9f1caa4f51118ae7745638e4d4cb0b7d920c9c", "best_bid": "0.64", "best_ask": "0.72"}, {"asset_id": "72924982117647498116945443519660964053965655312404924908951453050812570473090", "price": "0.71", "size": "4157.32", "side": "SELL", "hash": "2ea697de7b5f6ba625d43ca28c947e5b18fd8876", "best_bid": "0.28", "best_ask": "0.36"}], "timestamp": "1769384533210", "event_type": "price_change"}}
{"_local_timestamp": "2026-01-25T23:42:13.584506+00:00", "data": {"market": "0x308d63caa82cbea1724ef5f553cc58746b4961a249f532bcd348bf1dcd7d1481", "price_changes": [{"asset_id": "55525688743544646903925873519970646229929512568670787069179430303507716488588", "price": "0.08", "size": "115", "side": "BUY", "hash": "bbc21353e27dd355ea0677f20e68f97aea11ff2b", "best_bid": "0.8", "best_ask": "0.81"}, {"asset_id": "62431806276539591033590335100897678655126372979579504591646273319200453103179", "price": "0.92", "size": "115", "side": "SELL", "hash": "53193446478b633d3d57ea15824f0c7e8ce8809e", "best_bid": "0.19", "best_ask": "0.2"}], "timestamp": "1769384533509", "event_type": "price_change"}}
{"_local_timestamp": "2026-01-25T23:42:13.644101+00:00", "data": {"market": "0x308d63caa82cbea1724ef5f553cc58746b4961a249f532bcd348bf1dcd7d1481", "price_changes": [{"asset_id": "62431806276539591033590335100897678655126372979579504591646273319200453103179", "price": "0.02", "size": "306.56", "side": "BUY", "hash": "1a9de118406f643fdd17304839ef52843106a025", "best_bid": "0.19", "best_ask": "0.2"}, {"asset_id": "55525688743544646903925873519970646229929512568670787069179430303507716488588", "price": "0.98", "size": "306.56", "side": "SELL", "hash": "31bc5740376c3f775a3194f82cd4b97500f4c3b7", "best_bid": "0.8", "best_ask": "0.81"}], "timestamp": "1769384533574", "event_type": "price_change"}}
{"_local_timestamp": "2026-01-25T23:42:13.685096+00:00", "data": {"market": "0x308d63caa82cbea1724ef5f553cc58746b4961a249f532bcd348bf1dcd7d1481", "price_changes": [{"asset_id": "55525688743544646903925873519970646229929512568670787069179430303507716488588", "price": "0.1", "size": "1997.11", "side": "BUY", "hash": "7254eae9b294bfd27b2b7ef1e7129972fd6999c4", "best_bid": "0.8", "best_ask": "0.81"}, {"asset_id": "62431806276539591033590335100897678655126372979579504591646273319200453103179", "price": "0.9", "size": "1997.11", "side": "SELL", "hash": "81c26920f9dc1265834f02da00419a2d1fa81c8b", "best_bid": "0.19", "best_ask": "0.2"}], "timestamp": "1769384533617", "event_type": "price_change"}}
{"_local_timestamp": "2026-01-25T23:42:13.834412+00:00", "data": {"market": "0x21478a9eda4795b21ef6b36dfe588d7b28b4b516c9c9a25005d80d1f1990e07a", "price_changes": [{"asset_id": "56547025957645419046099124619483344064997524271778931224912952948032844902449", "price": "0.72", "size": "0", "side": "BUY", "hash": "ce11f1e0b621cd5c6b1870ac66e5c10cd9ac302d", "best_bid": "0.68", "best_ask": "0.76"}, {"asset_id": "7116510953894574046149959763012809728780191305039938095921645635539451683015", "price": "0.28", "size": "0", "side": "SELL", "hash": "25eb3ce462fae600a99efb7923be28d0cb27bdf4", "best_bid": "0.24", "best_ask": "0.32"}], "timestamp": "1769384533772", "event_type": "price_change"}}
{"_local_timestamp": "2026-01-25T23:42:13.848537+00:00", "data": {"market": "0x308d63caa82cbea1724ef5f553cc58746b4961a249f532bcd348bf1dcd7d1481", "price_changes": [{"asset_id": "55525688743544646903925873519970646229929512568670787069179430303507716488588", "price": "0.09", "size": "4857.32", "side": "BUY", "hash": "4578167f7d055be8ba3366757a04690068d7c15f", "best_bid": "0.8", "best_ask": "0.81"}, {"asset_id": "62431806276539591033590335100897678655126372979579504591646273319200453103179", "price": "0.91", "size": "4857.32", "side": "SELL", "hash": "f44f741cf9f69ea5733c4bdd784a2e7e450f907c", "best_bid": "0.19", "best_ask": "0.2"}], "timestamp": "1769384533776", "event_type": "price_change"}}
{"_local_timestamp": "2026-01-25T23:42:13.908054+00:00", "data": {"market": "0x308d63caa82cbea1724ef5f553cc58746b4961a249f532bcd348bf1dcd7d1481", "price_changes": [{"asset_id": "55525688743544646903925873519970646229929512568670787069179430303507716488588", "price": "0.1", "size": "3267.21", "side": "BUY", "hash": "42318ae59e807deeef501c47a89e5fcce3d7a322", "best_bid": "0.8", "best_ask": "0.81"}, {"asset_id": "62431806276539591033590335100897678655126372979579504591646273319200453103179", "price": "0.9", "size": "3267.21", "side": "SELL", "hash": "ea2bf1569efd69463ed01fba84ed74bc75f01e16", "best_bid": "0.19", "best_ask": "0.2"}], "timestamp": "1769384533844", "event_type": "price_change"}}
{"_local_timestamp": "2026-01-25T23:42:13.911939+00:00", "data": {"market": "0x308d63caa82cbea1724ef5f553cc58746b4961a249f532bcd348bf1dcd7d1481", "price_changes": [{"asset_id": "55525688743544646903925873519970646229929512568670787069179430303507716488588", "price": "0.1", "size": "4157.32", "side": "BUY", "hash": "a7e94b2e2b4158ee57e9e80b74e06e2b3a2cb933", "best_bid": "0.8", "best_ask": "0.81"}, {"asset_id": "62431806276539591033590335100897678655126372979579504591646273319200453103179", "price": "0.9", "size": "4157.32", "side": "SELL", "hash": "76447431e499f88cc5f132d8cf6801e08a798a6d", "best_bid": "0.19", "best_ask": "0.2"}], "timestamp": "1769384533845", "event_type": "price_change"}}
{"_local_timestamp": "2026-01-25T23:42:22.450470+00:00", "data": {"market": "0xb18705bc12b4b247251cfbdc70ef5ea35459d1eeeeb0b2db75c121b5b787384e", "price_changes": [{"asset_id": "18157258742493335082590519979659273580182840843918396564069057423878518658064", "price": "0.27", "size": "0", "side": "BUY", "hash": "c7dc5e5c9d6a450d9e8e6304eeb348e4e2fb12d3", "best_bid": "0.64", "best_ask": "0.72"}, {"asset_id": "64706969525609814186270748812897873216756103384689804342678233310436054755856", "price": "0.73", "size": "0", "side": "SELL", "hash": "66e393183d3ccbbf24c14ae2be0618cb2d20ecdc", "best_bid": "0.28", "best_ask": "0.36"}], "timestamp": "1769384542347", "event_type": "price_change"}}
{"_local_timestamp": "2026-01-25T23:42:22.542671+00:00", "data": {"market": "0xb18705bc12b4b247251cfbdc70ef5ea35459d1eeeeb0b2db75c121b5b787384e", "price_changes": [{"asset_id": "18157258742493335082590519979659273580182840843918396564069057423878518658064", "price": "0.28", "size": "0", "side": "BUY", "hash": "53a4a929e8a78b476386bf5d9aeb6da50a465f13", "best_bid": "0.64", "best_ask": "0.72"}, {"asset_id": "64706969525609814186270748812897873216756103384689804342678233310436054755856", "price": "0.72", "size": "0", "side": "SELL", "hash": "ed25b8cd1efac9a40c54d615c732f9246cd42bfa", "best_bid": "0.28", "best_ask": "0.36"}], "timestamp": "1769384542430", "event_type": "price_change"}}
{"_local_timestamp": "2026-01-25T23:42:22.544695+00:00", "data": {"market": "0xb18705bc12b4b247251cfbdc70ef5ea35459d1eeeeb0b2db75c121b5b787384e", "price_changes": [{"asset_id": "64706969525609814186270748812897873216756103384689804342678233310436054755856", "price": "0.06", "size": "33", "side": "BUY", "hash": "c8f5c292fb5d158251479395889bd90cad9043e3", "best_bid": "0.28", "best_ask": "0.36"}, {"asset_id": "18157258742493335082590519979659273580182840843918396564069057423878518658064", "price": "0.94", "size": "33", "side": "SELL", "hash": "59cd60706c86c4497dc9e3e8468d25683788e6e2", "best_bid": "0.64", "best_ask": "0.72"}], "timestamp": "1769384542430", "event_type": "price_change"}}
{"_local_timestamp": "2026-01-25T23:42:22.723997+00:00", "data": {"market": "0xb18705bc12b4b247251cfbdc70ef5ea35459d1eeeeb0b2db75c121b5b787384e", "price_changes": [{"asset_id": "18157258742493335082590519979659273580182840843918396564069057423878518658064", "price": "0.28", "size": "200", "side": "BUY", "hash": "1b2425c4bda048b946811a4791c0ff4e4c5f8757", "best_bid": "0.64", "best_ask": "0.72"}, {"asset_id": "64706969525609814186270748812897873216756103384689804342678233310436054755856", "price": "0.72", "size": "200", "side": "SELL", "hash": "61cfefc62c9fd5a02b3895e227d63a10f094836d", "best_bid": "0.28", "best_ask": "0.36"}], "timestamp": "1769384542615", "event_type": "price_change"}}
{"_local_timestamp": "2026-01-25T23:42:23.152670+00:00", "data": {"market": "0x308d63caa82cbea1724ef5f553cc58746b4961a249f532bcd348bf1dcd7d1481", "price_changes": [{"asset_id": "62431806276539591033590335100897678655126372979579504591646273319200453103179", "price": "0.02", "size": "6.56", "side": "BUY", "hash": "beb44b3c048123a69c95ab23766e03fce0a99aeb", "best_bid": "0.19", "best_ask": "0.2"}, {"asset_id": "55525688743544646903925873519970646229929512568670787069179430303507716488588", "price": "0.98", "size": "6.56", "side": "SELL", "hash": "5f491f2935b234eff7a2a46ad35e84d183b93132", "best_bid": "0.8", "best_ask": "0.81"}], "timestamp": "1769384543021", "event_type": "price_change"}}
{"_local_timestamp": "2026-01-25T23:42:23.161278+00:00", "data": {"market": "0x308d63caa82cbea1724ef5f553cc58746b4961a249f532bcd348bf1dcd7d1481", "price_changes": [{"asset_id": "55525688743544646903925873519970646229929512568670787069179430303507716488588", "price": "0.09", "size": "4757.32", "side": "BUY", "hash": "f7d0c146f8fa61e6bd21978966ecccf2136bfb00", "best_bid": "0.8", "best_ask": "0.81"}, {"asset_id": "62431806276539591033590335100897678655126372979579504591646273319200453103179", "price": "0.91", "size": "4757.32", "side": "SELL", "hash": "9a9ab52f67313105f7e0734072572a26f86b2d89", "best_bid": "0.19", "best_ask": "0.2"}], "timestamp": "1769384543021", "event_type": "price_change"}}
{"_local_timestamp": "2026-01-25T23:42:23.221452+00:00", "data": {"market": "0x308d63caa82cbea1724ef5f553cc58746b4961a249f532bcd348bf1dcd7d1481", "price_changes": [{"asset_id": "55525688743544646903925873519970646229929512568670787069179430303507716488588", "price": "0.09", "size": "1490.11", "side": "BUY", "hash": "6351263dcf839bd0dbbebb7beec2af6e3dd77550", "best_bid": "0.8", "best_ask": "0.81"}, {"asset_id": "62431806276539591033590335100897678655126372979579504591646273319200453103179", "price": "0.91", "size": "1490.11", "side": "SELL", "hash": "7cc8857ce53162674b4c1d80152849488f14fad1", "best_bid": "0.19", "best_ask": "0.2"}], "timestamp": "1769384543116", "event_type": "price_change"}}
{"_local_timestamp": "2026-01-25T23:42:23.303462+00:00", "data": {"market": "0x308d63caa82cbea1724ef5f553cc58746b4961a249f532bcd348bf1dcd7d1481", "price_changes": [{"asset_id": "55525688743544646903925873519970646229929512568670787069179430303507716488588", "price": "0.09", "size": "600", "side": "BUY", "hash": "1295dc232a31807b7bb80c4ccf3364982b170e4a", "best_bid": "0.8", "best_ask": "0.81"}, {"asset_id": "62431806276539591033590335100897678655126372979579504591646273319200453103179", "price": "0.91", "size": "600", "side": "SELL", "hash": "236417240f50dfe694b439a5f6335d64504b5c4e", "best_bid": "0.19", "best_ask": "0.2"}], "timestamp": "1769384543200", "event_type": "price_change"}}
{"_local_timestamp": "2026-01-25T23:42:23.362437+00:00", "data": {"market": "0x308d63caa82cbea1724ef5f553cc58746b4961a249f532bcd348bf1dcd7d1481", "price_changes": [{"asset_id": "62431806276539591033590335100897678655126372979579504591646273319200453103179", "price": "0.01", "size": "4843.73", "side": "BUY", "hash": "06d409ea4309bb03bfb0d83646eef949ca61dae8", "best_bid": "0.19", "best_ask": "0.2"}, {"asset_id": "55525688743544646903925873519970646229929512568670787069179430303507716488588", "price": "0.99", "size": "4843.73", "side": "SELL", "hash": "956f4560dcde2007baed2912e74fae8ee8030eb2", "best_bid": "0.8", "best_ask": "0.81"}], "timestamp": "1769384543257", "event_type": "price_change"}}
