{"_local_timestamp": "2026-01-25T23:41:07.709157+00:00", "data": [{"market": "0x0bd390a2c7c8fce851fcfe72c02f347686c0a362f5aaab331ffa9c54416c6aa2", "asset_id": "17398793204722166217660817067265905985425481568989568628103768246608609488761", "timestamp": "1769384465356", "hash": "5b6ac514719e4265a06519279c135aea3cff1609", "bids": [{"price": "0.01", "size": "9881.81"}, {"price": "0.02", "size": "1800"}, {"price": "0.03", "size": "9.08"}, {"price": "0.07", "size": "1500"}, {"price": "0.08", "size": "4557.32"}, {"price": "0.09", "size": "19"}, {"price": "0.11", "size": "5.73"}, {"price": "0.12", "size": "300"}, {"price": "0.2", "size": "1090.11"}, {"price": "0.21", "size": "890.11"}, {"price": "0.5", "size": "20"}, {"price": "0.76", "size": "150"}, {"price": "0.77", "size": "50"}, {"price": "0.78", "size": "100"}, {"price": "0.79", "size": "150.92"}], "asks": [{"price": "0.99", "size": "5332.55"}, {"price": "0.98", "size": "898.75"}, {"price": "0.97", "size": "10.25"}, {"price": "0.92", "size": "60.72"}, {"price": "0.9", "size": "90"}, {"price": "0.88", "size": "110"}, {"price": "0.87", "size": "27"}, {"price": "0.86", "size": "737"}, {"price": "0.85", "size": "149"}, {"price": "0.84", "size": "715.86"}, {"price": "0.83", "size": "20994.01"}], "event_type": "book", "last_trade_price": "0.170"}, {"market": "0x0bd390a2c7c8fce851fcfe72c02f347686c0a362f5aaab331ffa9c54416c6aa2", "asset_id": "88768287981663040695907057042576315713786188072326767683529020944040826691423", "timestamp": "1769384465356", "hash": "0f2c9be8782b451f32d234ef80f7774401e8713c", "bids": [{"price": "0.01", "size": "5332.55"}, {"price": "0.02", "size": "898.75"}, {"price": "0.03", "size": "10.25"}, {"price": "0.08", "size": "60.72"}, {"price": "0.1", "size": "90"}, {"price": "0.12", "size": "110"}, {"price": "0.13", "size": "27"}, {"price": "0.14", "size": "737"}, {"price": "0.15", "size": "149"}, {"price": "0.16", "size": "715.86"}, {"price": "0.17", "size": "20994.01"}], "asks": [{"price": "0.99", "size": "9881.81"}, {"price": "0.98", "size": "1800"}, {"price": "0.97", "size": "9.08"}, {"price": "0.93", "size": "1500"}, {"price": "0.92", "size": "4557.32"}, {"price": "0.91", "size": "19"}, {"price": "0.89", "size": "5.73"}, {"price": "0.88", "size": "300"}, {"price": "0.8", "size": "1090.11"}, {"price": "0.79", "size": "890.11"}, {"price": "0.5", "size": "20"}, {"price": "0.24", "size": "150"}, {"price": "0.23", "size": "50"}, {"price": "0.22", "size": "100"}, {"price": "0.21", "size": "150.92"}], "event_type": "book", "last_trade_price": "0.170"}]}
{"_local_timestamp": "2026-01-25T23:41:09.381619+00:00", "data": {"market": "0x0bd390a2c7c8fce851fcfe72c02f347686c0a362f5aaab331ffa9c54416c6aa2", "price_changes": [{"asset_id": "17398793204722166217660817067265905985425481568989568628103768246608609488761", "price": "0.12", "size": "200", "side": "BUY", "hash": "a435e3646c51cacee502a1a551e3d65e5f6ed01b", "best_bid": "0.79", "best_ask": "0.83"}, {"asset_id": "88768287981663040695907057042576315713786188072326767683529020944040826691423", "price": "0.88", "size": "200", "side": "SELL", "hash": "96bc21b9d45182276cabf1b3b9d3244267add490", "best_bid": "0.17", "best_ask": "0.21"}], "timestamp": "1769384469302", "event_type": "price_change"}}
{"_local_timestamp": "2026-01-25T23:41:09.689605+00:00", "data": {"market": "0x0bd390a2c7c8fce851fcfe72c02f347686c0a362f5aaab331ffa9c54416c6aa2", "price_changes": [{"asset_id": "17398793204722166217660817067265905985425481568989568628103768246608609488761", "price": "0.08", "size": "4657.32", "side": "BUY", "hash": "d5c539e0e7d445ad71c93808295af4d117cb0c4c", "best_bid": "0.79", "best_ask": "0.83"}, {"asset_id": "88768287981663040695907057042576315713786188072326767683529020944040826691423", "price": "0.92", "size": "4657.32", "side": "SELL", "hash": "a1d89a0ab1bd83110ef2a11a32341f262abdd138", "best_bid": "0.17", "best_ask": "0.21"}], "timestamp": "1769384469599", "event_type": "price_change"}}
{"_local_timestamp": "2026-01-25T23:41:11.742861+00:00", "data": {"market": "0x0bd390a2c7c8fce851fcfe72c02f347686c0a362f5aaab331ffa9c54416c6aa2", "price_changes": [{"asset_id": "17398793204722166217660817067265905985425481568989568628103768246608609488761", "price": "0.12", "size": "100", "side": "BUY", "hash": "cbd35d04ee80290fa115e9bf723f7dc54eee97cf", "best_bid": "0.79", "best_ask": "0.83"}, {"asset_id": "88768287981663040695907057042576315713786188072326767683529020944040826691423", "price": "0.88", "size": "100", "side": "SELL", "hash": "7bb189bc068071338b2bc2f287880915be6e4b97", "best_bid": "0.17", "best_ask": "0.21"}], "timestamp": "1769384471657", "event_type": "price_change"}}
{"_local_timestamp": "2026-01-25T23:41:11.860144+00:00", "data": {"market": "0x0bd390a2c7c8fce851fcfe72c02f347686c0a362f5aaab331ffa9c54416c6aa2", "price_changes": [{"asset_id": "88768287981663040695907057042576315713786188072326767683529020944040826691423", "price": "0.21", "size": "69", "side": "SELL", "hash": "f12b838aa7645c928535dd5b4cda68d945a41d8b", "best_bid": "0.17", "best_ask": "0.21"}, {"asset_id": "17398793204722166217660817067265905985425481568989568628103768246608609488761", "price": "0.79", "size": "69", "side": "BUY", "hash": "2f6706a91445079d53593b710ca0c0909968edff", "best_bid": "0.79", "best_ask": "0.83"}], "timestamp": "1769384471788", "event_type": "price_change"}}
{"_local_timestamp": "2026-01-25T23:41:12.050359+00:00", "data": {"market": "0x0bd390a2c7c8fce851fcfe72c02f347686c0a362f5aaab331ffa9c54416c6aa2", "price_changes": [{"asset_id": "17398793204722166217660817067265905985425481568989568628103768246608609488761", "price": "0.08", "size": "4757.32", "side": "BUY", "hash": "20a6664cb060c8c2fcdf7c44d7933c266e81ffce", "best_bid": "0.79", "best_ask": "0.83"}, {"asset_id": "88768287981663040695907057042576315713786188072326767683529020944040826691423", "price": "0.92", "size": "4757.32", "side": "SELL", "hash": "cac0c53ee39f5021d097400999c877e800f4adfe", "best_bid": "0.17", "best_ask": "0.21"}], "timestamp": "1769384471944", "event_type": "price_change"}}
{"_local_timestamp": "2026-01-25T23:41:12.174148+00:00", "data": {"market": "0x0bd390a2c7c8fce851fcfe72c02f347686c0a362f5aaab331ffa9c54416c6aa2", "price_changes": [{"asset_id": "17398793204722166217660817067265905985425481568989568628103768246608609488761", "price": "0.09", "size": "1289.1", "side": "BUY", "hash": "fff12c92d4453f43988fc28cf260043e5ab25962", "best_bid": "0.79", "best_ask": "0.83"}, {"asset_id": "88768287981663040695907057042576315713786188072326767683529020944040826691423", "price": "0.91", "size": "1289.1", "side": "SELL", "hash": "93ccdcd11d6fc70e1d7e1ffb64638b78777f6b05", "best_bid": "0.17", "best_ask": "0.21"}], "timestamp": "1769384472048", "event_type": "price_change"}}
{"_local_timestamp": "2026-01-25T23:41:12.176457+00:00", "data": {"market": "0x0bd390a2c7c8fce851fcfe72c02f347686c0a362f5aaab331ffa9c54416c6aa2", "price_changes": [{"asset_id": "17398793204722166217660817067265905985425481568989568628103768246608609488761", "price": "0.09", "size": "2179.21", "side": "BUY", "hash": "a81aff73ec46a0c32bed85da0cb8d7798698cd8e", "best_bid": "0.79", "best_ask": "0.83"}, {"asset_id": "88768287981663040695907057042576315713786188072326767683529020944040826691423", "price": "0.91", "size": "2179.21", "side": "SELL", "hash": "7e1919646e0152a409f721799b958271f986140e", "best_bid": "0.17", "best_ask": "0.21"}], "timestamp": "1769384472050", "event_type": "price_change"}}
{"_local_timestamp": "2026-01-25T23:41:12.180204+00:00", "data": {"market": "0x0bd390a2c7c8fce851fcfe72c02f347686c0a362f5aaab331ffa9c54416c6aa2", "price_changes": [{"asset_id": "17398793204722166217660817067265905985425481568989568628103768246608609488761", "price": "0.09", "size": "4176.32", "side": "BUY", "hash": "114ec4677b23c10da84b918d53256b31ce078ee3", "best_bid": "0.79", "best_ask": "0.83"}, {"asset_id": "88768287981663040695907057042576315713786188072326767683529020944040826691423", "price": "0.91", "size": "4176.32", "side": "SELL", "hash": "e62a8d28ded51105c1738fca5f0c96a2f2887852", "best_bid": "0.17", "best_ask": "0.21"}], "timestamp": "1769384472053", "event_type": "price_change"}}
{"_local_timestamp": "2026-01-25T23:41:13.333203+00:00", "data": {"market": "0x0bd390a2c7c8fce851fcfe72c02f347686c0a362f5aaab331ffa9c54416c6aa2", "price_changes": [{"asset_id": "17398793204722166217660817067265905985425481568989568628103768246608609488761", "price": "0.12", "size": "0", "side": "BUY", "hash": "457e9eb1212e17d33f2c17b5bf2225e9abc4fcc7", "best_bid": "0.79", "best_ask": "0.83"}, {"asset_id": "88768287981663040695907057042576315713786188072326767683529020944040826691423", "price": "0.88", "size": "0", "side": "SELL", "hash": "80588a9f6340c9345f6fcf2eeb8b15caf7da2b62", "best_bid": "0.17", "best_ask": "0.21"}], "timestamp": "1769384473267", "event_type": "price_change"}}
{"_local_timestamp": "2026-01-25T23:41:13.613312+00:00", "data": {"market": "0x0bd390a2c7c8fce851fcfe72c02f347686c0a362f5aaab331ffa9c54416c6aa2", "price_changes": [{"asset_id": "17398793204722166217660817067265905985425481568989568628103768246608609488761", "price": "0.08", "size": "4857.32", "side": "BUY", "hash": "a65b1685c72c5834b62894ae72c4176e65b5f44d", "best_bid": "0.79", "best_ask": "0.83"}, {"asset_id": "88768287981663040695907057042576315713786188072326767683529020944040826691423", "price": "0.92", "size": "4857.32", "side": "SELL", "hash": "a0d9f952d06f89411633f48d57298537990c4d00", "best_bid": "0.17", "best_ask": "0.21"}], "timestamp": "1769384473540", "event_type": "price_change"}}
{"_local_timestamp": "2026-01-25T23:41:21.456803+00:00", "data": {"market": "0x0bd390a2c7c8fce851fcfe72c02f347686c0a362f5aaab331ffa9c54416c6aa2", "price_changes": [{"asset_id": "17398793204722166217660817067265905985425481568989568628103768246608609488761", "price": "0.09", "size": "4276.32", "side": "BUY", "hash": "6acf33a00fe1e9083044cf4589d16d8e144b9731", "best_bid": "0.79", "best_ask": "0.83"}, {"asset_id": "88768287981663040695907057042576315713786188072326767683529020944040826691423", "price": "0.91", "size": "4276.32", "side": "SELL", "hash": "181f7bb2f0b31fe8a22da839a73c1af232ab383b", "best_bid": "0.17", "best_ask": "0.21"}], "timestamp": "1769384481356", "event_type": "price_change"}}
{"_local_timestamp": "2026-01-25T23:41:21.462765+00:00", "data": {"market": "0x0bd390a2c7c8fce851fcfe72c02f347686c0a362f5aaab331ffa9c54416c6aa2", "price_changes": [{"asset_id": "88768287981663040695907057042576315713786188072326767683529020944040826691423", "price": "0.02", "size": "1198.75", "side": "BUY", "hash": "582a7f96dc5a666555a7d8e7af92e5fe90e129a3", "best_bid": "0.17", "best_ask": "0.21"}, {"asset_id": "17398793204722166217660817067265905985425481568989568628103768246608609488761", "price": "0.98", "size": "1198.75", "side": "SELL", "hash": "d0b4af44a80c134b41f916ac6fa939a984ab3e9b", "best_bid": "0.79", "best_ask": "0.83"}], "timestamp": "1769384481357", "event_type": "price_change"}}
{"_local_timestamp": "2026-01-25T23:41:21.504329+00:00", "data": {"market": "0x0bd390a2c7c8fce851fcfe72c02f347686c0a362f5aaab331ffa9c54416c6aa2", "price_changes": [{"asset_id": "17398793204722166217660817067265905985425481568989568628103768246608609488761", "price": "0.08", "size": "700", "side": "BUY", "hash": "218b02103604cbb411805a26c7b324af905de240", "best_bid": "0.79", "best_ask": "0.83"}, {"asset_id": "88768287981663040695907057042576315713786188072326767683529020944040826691423", "price": "0.92", "size": "700", "side": "SELL", "hash": "b26c9311d45c79dbc4732903d329751be0f5ed1e", "best_bid": "0.17", "best_ask": "0.21"}], "timestamp": "1769384481439", "event_type": "price_change"}}
{"_local_timestamp": "2026-01-25T23:41:21.661264+00:00", "data": {"market": "0x0bd390a2c7c8fce851fcfe72c02f347686c0a362f5aaab331ffa9c54416c6aa2", "price_changes": [{"asset_id": "88768287981663040695907057042576315713786188072326767683529020944040826691423", "price": "0.03", "size": "900.36", "side": "BUY", "hash": "c79f9db8ea3fb9ad62256ed576719def6d1d5007", "best_bid": "0.17", "best_ask": "0.21"}, {"asset_id": "17398793204722166217660817067265905985425481568989568628103768246608609488761", "price": "0.97", "size": "900.36", "side": "SELL", "hash": "ae7cfda23147da2c314bc21c1f26748140f30f43", "best_bid": "0.79", "best_ask": "0.83"}], "timestamp": "1769384481567", "event_type": "price_change"}}
{"_local_timestamp": "2026-01-25T23:41:25.662649+00:00", "data": {"market": "0x0bd390a2c7c8fce851fcfe72c02f347686c0a362f5aaab331ffa9c54416c6aa2", "price_changes": [{"asset_id": "88768287981663040695907057042576315713786188072326767683529020944040826691423", "price": "0.21", "size": "89.48", "side": "SELL", "hash": "d965090c4eed5aab667c575065061f56418ba686", "best_bid": "0.17", "best_ask": "0.21"}, {"asset_id": "17398793204722166217660817067265905985425481568989568628103768246608609488761", "price": "0.79", "size": "89.48", "side": "BUY", "hash": "73251763845342d9c28ff9d2077475e4ae70d017", "best_bid": "0.79", "best_ask": "0.83"}], "timestamp": "1769384485595", "event_type": "price_change"}}
{"_local_timestamp": "2026-01-25T23:41:25.668506+00:00", "data": {"market": "0x0bd390a2c7c8fce851fcfe72c02f347686c0a362f5aaab331ffa9c54416c6aa2", "price_changes": [{"asset_id": "88768287981663040695907057042576315713786188072326767683529020944040826691423", "price": "0.21", "size": "109.96", "side": "SELL", "hash": "9131b36b09053c3d38a2457e088d70ebbb1e2c6b", "best_bid": "0.17", "best_ask": "0.21"}, {"asset_id": "17398793204722166217660817067265905985425481568989568628103768246608609488761", "price": "0.79", "size": "109.96", "side": "BUY", "hash": "9f68c8a52a3e98c62f0828dbe364a81ab560a5fd", "best_bid": "0.79", "best_ask": "0.83"}], "timestamp": "1769384485595", "event_type": "price_change"}}
{"_local_timestamp": "2026-01-25T23:41:25.672547+00:00", "data": {"market": "0x0bd390a2c7c8fce851fcfe72c02f347686c0a362f5aaab331ffa9c54416c6aa2", "price_changes": [{"asset_id": "88768287981663040695907057042576315713786188072326767683529020944040826691423", "price": "0.21", "size": "130.44", "side": "SELL", "hash": "fffdae696a563382e4efd870072c6abfb0f40cf7", "best_bid": "0.17", "best_ask": "0.21"}, {"asset_id": "17398793204722166217660817067265905985425481568989568628103768246608609488761", "price": "0.79", "size": "130.44", "side": "BUY", "hash": "ddf6712032950397c90e0646f74bdb356a8b15ae", "best_bid": "0.79", "best_ask": "0.83"}], "timestamp": "1769384485596", "event_type": "price_change"}}
{"_local_timestamp": "2026-01-25T23:41:25.685536+00:00", "data": {"market": "0x0bd390a2c7c8fce851fcfe72c02f347686c0a362f5aaab331ffa9c54416c6aa2", "price_changes": [{"asset_id": "88768287981663040695907057042576315713786188072326767683529020944040826691423", "price": "0.21", "size": "150.92", "side": "SELL", "hash": "7b9c7e6ac9f17b5e6b1d9706aac7c495f3db1f0a", "best_bid": "0.17", "best_ask": "0.21"}, {"asset_id": "17398793204722166217660817067265905985425481568989568628103768246608609488761", "price": "0.79", "size": "150.92", "side": "BUY", "hash": "454761a47fb9d04b337f6487e9477dd83c968f3d", "best_bid": "0.79", "best_ask": "0.83"}], "timestamp": "1769384485596", "event_type": "price_change"}}
{"_local_timestamp": "2026-01-25T23:41:25.725112+00:00", "data": {"market": "0x0bd390a2c7c8fce851fcfe72c02f347686c0a362f5aaab331ffa9c54416c6aa2", "price_changes": [{"asset_id": "88768287981663040695907057042576315713786188072326767683529020944040826691423", "price": "0.01", "size": "4442.44", "side": "BUY", "hash": "550b41a4268f12df16421228fc8ad51b367ffbf1", "best_bid": "0.17", "best_ask": "0.21"}, {"asset_id": "17398793204722166217660817067265905985425481568989568628103768246608609488761", "price": "0.99", "size": "4442.44", "side": "SELL", "hash": "a4d951f644e208e335b9a17e7178ce64398c81fc", "best_bid": "0.79", "best_ask": "0.83"}], "timestamp": "1769384485656", "event_type": "price_change"}}
{"_local_timestamp": "2026-01-25T23:41:33.518597+00:00", "data": {"market": "0x0bd390a2c7c8fce851fcfe72c02f347686c0a362f5aaab331ffa9c54416c6aa2", "price_changes": [{"asset_id": "88768287981663040695907057042576315713786188072326767683529020944040826691423", "price": "0.02", "size": "898.75", "side": "BUY", "hash": "4917a79fb3b13f5b01fb207f7782cbcdfe588892", "best_bid": "0.17", "best_ask": "0.21"}, {"asset_id": "17398793204722166217660817067265905985425481568989568628103768246608609488761", "price": "0.98", "size": "898.75", "side": "SELL", "hash": "2145f41a539730af0b6133c1fa98e940da42c19f", "best_bid": "0.79", "best_ask": "0.83"}], "timestamp": "1769384493429", "event_type": "price_change"}}
{"_local_timestamp": "2026-01-25T23:41:33.604106+00:00", "data": {"market": "0x0bd390a2c7c8fce851fcfe72c02f347686c0a362f5aaab331ffa9c54416c6aa2", "price_changes": [{"asset_id": "88768287981663040695907057042576315713786188072326767683529020944040826691423", "price": "0.01", "size": "5332.55", "side": "BUY", "hash": "49b85ee9a32546a961bd0de878d08673d30c100f", "best_bid": "0.17", "best_ask": "0.21"}, {"asset_id": "17398793204722166217660817067265905985425481568989568628103768246608609488761", "price": "0.99", "size": "5332.55", "side": "SELL", "hash": "3474c92108be5f3879c2eecac94f7a01c899a1f2", "best_bid": "0.79", "best_ask": "0.83"}], "timestamp": "1769384493538", "event_type": "price_change"}}
{"_local_timestamp": "2026-01-25T23:41:33.714750+00:00", "data": {"market": "0x0bd390a2c7c8fce851fcfe72c02f347686c0a362f5aaab331ffa9c54416c6aa2", "price_changes": [{"asset_id": "88768287981663040695907057042576315713786188072326767683529020944040826691423", "price": "0.03", "size": "1200.36", "side": "BUY", "hash": "b21e59eed5d51e249a0322c1ca8db41a14c09e20", "best_bid": "0.17", "best_ask": "0.21"}, {"asset_id": "17398793204722166217660817067265905985425481568989568628103768246608609488761", "price": "0.97", "size": "1200.36", "side": "SELL", "hash": "c952d53608e78ea747c03b5f15108a2b49eccf7b", "best_bid": "0.79", "best_ask": "0.83"}], "timestamp": "1769384493645", "event_type": "price_change"}}
{"_local_timestamp": "2026-01-25T23:41:33.876386+00:00", "data": {"market": "0x0bd390a2c7c8fce851fcfe72c02f347686c0a362f5aaab331ffa9c54416c6aa2", "price_changes": [{"asset_id": "88768287981663040695907057042576315713786188072326767683529020944040826691423", "price": "0.02", "size": "2168.85", "side": "BUY", "hash": "41ebc4af84ee48ddab8be737ca4c4607a655e1e9", "best_bid": "0.17", "best_ask": "0.21"}, {"asset_id": "17398793204722166217660817067265905985425481568989568628103768246608609488761", "price": "0.98", "size": "2168.85", "side": "SELL", "hash": "02b50b7c671b3452d702459e241747adafd79cc4", "best_bid": "0.79", "best_ask": "0.83"}], "timestamp": "1769384493808", "event_type": "price_change"}}
{"_local_timestamp": "2026-01-25T23:41:33.880314+00:00", "data": {"market": "0x0bd390a2c7c8fce851fcfe72c02f347686c0a362f5aaab331ffa9c54416c6aa2", "price_changes": [{"asset_id": "88768287981663040695907057042576315713786188072326767683529020944040826691423", "price": "0.02", "size": "3058.96", "side": "BUY", "hash": "9e7ed4fe6be042dc027b966825ec3595d4646db4", "best_bid": "0.17", "best_ask": "0.21"}, {"asset_id": "17398793204722166217660817067265905985425481568989568628103768246608609488761", "price": "0.98", "size": "3058.96", "side": "SELL", "hash": "654d1a82a466254cd2884b64f5ad702fa4068b84", "best_bid": "0.79", "best_ask": "0.83"}], "timestamp": "1769384493809", "event_type": "price_change"}}
{"_local_timestamp": "2026-01-25T23:41:42.455983+00:00", "data": {"market": "0x0bd390a2c7c8fce851fcfe72c02f347686c0a362f5aaab331ffa9c54416c6aa2", "price_changes": [{"asset_id": "17398793204722166217660817067265905985425481568989568628103768246608609488761", "price": "0.08", "size": "600", "side": "BUY", "hash": "38b37603a79108212771e74c1bb01e40943b4ec9", "best_bid": "0.79", "best_ask": "0.83"}, {"asset_id": "88768287981663040695907057042576315713786188072326767683529020944040826691423", "price": "0.92", "size": "600", "side": "SELL", "hash": "de9a32c82ba5fbd27a97ef5b7cdc7dbcd1836ff1", "best_bid": "0.17", "best_ask": "0.21"}], "timestamp": "1769384502378", "event_type": "price_change"}}
{"_local_timestamp": "2026-01-25T23:41:42.574586+00:00", "data": {"market": "0x0bd390a2c7c8fce851fcfe72c02f347686c0a362f5aaab331ffa9c54416c6aa2", "price_changes": [{"asset_id": "88768287981663040695907057042576315713786188072326767683529020944040826691423", "price": "0.04", "size": "890.11", "side": "BUY", "hash": "ae536d03cdf85878e5f3beaff131901e3bddbc88", "best_bid": "0.17", "best_ask": "0.21"}, {"asset_id": "17398793204722166217660817067265905985425481568989568628103768246608609488761", "price": "0.96", "size": "890.11", "side": "SELL", "hash": "3942165ce9b62720f31a05abe1cdcf728d18af7e", "best_bid": "0.79", "best_ask": "0.83"}], "timestamp": "1769384502503", "event_type": "price_change"}}
{"_local_timestamp": "2026-01-25T23:41:42.599252+00:00", "data": {"market": "0x0bd390a2c7c8fce851fcfe72c02f347686c0a362f5aaab331ffa9c54416c6aa2", "price_changes": [{"asset_id": "88768287981663040695907057042576315713786188072326767683529020944040826691423", "price": "0.02", "size": "8.64", "side": "BUY", "hash": "ec051b20ec5ff08255023b60b8f9ec5739ca835d", "best_bid": "0.17", "best_ask": "0.21"}, {"asset_id": "17398793204722166217660817067265905985425481568989568628103768246608609488761", "price": "0.98", "size": "8.64", "side": "SELL", "hash": "53b45de40dd4ac91a59953929e701bd1f0e0582e", "best_bid": "0.79", "best_ask": "0.83"}], "timestamp": "1769384502528", "event_type": "price_change"}}
{"_local_timestamp": "2026-01-25T23:41:42.600882+00:00", "data": {"market": "0x0bd390a2c7c8fce851fcfe72c02f347686c0a362f5aaab331ffa9c54416c6aa2", "price_changes": [{"asset_id": "88768287981663040695907057042576315713786188072326767683529020944040826691423", "price": "0.01", "size": "4442.44", "side": "BUY", "hash": "ec051b20ec5ff08255023b60b8f9ec5739ca835d", "best_bid": "0.17", "best_ask": "0.21"}, {"asset_id": "17398793204722166217660817067265905985425481568989568628103768246608609488761", "price": "0.99", "size": "4442.44", "side": "SELL", "hash": "53b45de40dd4ac91a59953929e701bd1f0e0582e", "best_bid": "0.79", "best_ask": "0.83"}], "timestamp": "1769384502528", "event_type": "price_change"}}
{"_local_timestamp": "2026-01-25T23:41:42.613352+00:00", "data": {"market": "0x0bd390a2c7c8fce851fcfe72c02f347686c0a362f5aaab331ffa9c54416c6aa2", "price_changes": [{"asset_id": "88768287981663040695907057042576315713786188072326767683529020944040826691423", "price": "0.03", "size": "2090.47", "side": "BUY", "hash": "b43599f8eab399aa6dfa454e6900eed8db5bafe8", "best_bid": "0.17", "best_ask": "0.21"}, {"asset_id": "17398793204722166217660817067265905985425481568989568628103768246608609488761", "price": "0.97", "size": "2090.47", "side": "SELL", "hash": "0abbd3a75e7e700f643d1a2d907f5e9a1f12c305", "best_bid": "0.79", "best_ask": "0.83"}], "timestamp": "1769384502544", "event_type": "price_change"}}
{"_local_timestamp": "2026-01-25T23:41:42.730719+00:00", "data": {"market": "0x0bd390a2c7c8fce851fcfe72c02f347686c0a362f5aaab331ffa9c54416c6aa2", "price_changes": [{"asset_id": "17398793204722166217660817067265905985425481568989568628103768246608609488761", "price": "0.09", "size": "4376.32", "side": "BUY", "hash": "5e223a3f169fe92ba1873f85ebc66fd950b778aa", "best_bid": "0.79", "best_ask": "0.83"}, {"asset_id": "88768287981663040695907057042576315713786188072326767683529020944040826691423", "price": "0.91", "size": "4376.32", "side": "SELL", "hash": "b50c82b25a1725bff6300abf7c8f21470d876459", "best_bid": "0.17", "best_ask": "0.21"}], "timestamp": "1769384502662", "event_type": "price_change"}}
{"_local_timestamp": "2026-01-25T23:41:42.841737+00:00", "data": {"market": "0x0bd390a2c7c8fce851fcfe72c02f347686c0a362f5aaab331ffa9c54416c6aa2", "price_changes": [{"asset_id": "88768287981663040695907057042576315713786188072326767683529020944040826691423", "price": "0.03", "size": "3360.57", "side": "BUY", "hash": "090d6c33b8301948961344d217448df80ad1ee38", "best_bid": "0.17", "best_ask": "0.21"}, {"asset_id": "17398793204722166217660817067265905985425481568989568628103768246608609488761", "price": "0.97", "size": "3360.57", "side": "SELL", "hash": "5b0ad38d3b4ad7e2ffd0fd3214a4e03b553045bd", "best_bid": "0.79", "best_ask": "0.83"}], "timestamp": "1769384502773", "event_type": "price_change"}}
{"_local_timestamp": "2026-01-25T23:41:43.622294+00:00", "data": {"market": "0x0bd390a2c7c8fce851fcfe72c02f347686c0a362f5aaab331ffa9c54416c6aa2", "price_changes": [{"asset_id": "88768287981663040695907057042576315713786188072326767683529020944040826691423", "price": "0.21", "size": "69", "side": "SELL", "hash": "fab8982aadb9b211a2394e84980685c7853641c3", "best_bid": "0.17", "best_ask": "0.21"}, {"asset_id": "17398793204722166217660817067265905985425481568989568628103768246608609488761", "price": "0.79", "size": "69", "side": "BUY", "hash": "52d7e4f417c3b41aefc176b910e73c490957636e", "best_bid": "0.79", "best_ask": "0.83"}], "timestamp": "1769384503559", "event_type": "price_change"}}
{"_local_timestamp": "2026-01-25T23:41:48.633033+00:00", "data": {"market": "0x0bd390a2c7c8fce851fcfe72c02f347686c0a362f5aaab331ffa9c54416c6aa2", "price_changes": [{"asset_id": "17398793204722166217660817067265905985425481568989568628103768246608609488761", "price": "0.08", "size": "200", "side": "BUY", "hash": "ad9e91f7ad1b43b92c2a81c1f8ffb895cbd7fc5d", "best_bid": "0.79", "best_ask": "0.83"}, {"asset_id": "88768287981663040695907057042576315713786188072326767683529020944040826691423", "price": "0.92", "size": "200", "side": "SELL", "hash": "230c808f973580d12e6ddb2f079e5beb807d6941", "best_bid": "0.17", "best_ask": "0.21"}], "timestamp": "1769384508569", "event_type": "price_change"}}
{"_local_timestamp": "2026-01-25T23:41:48.713667+00:00", "data": {"market": "0x0bd390a2c7c8fce851fcfe72c02f347686c0a362f5aaab331ffa9c54416c6aa2", "price_changes": [{"asset_id": "17398793204722166217660817067265905985425481568989568628103768246608609488761", "price": "0.08", "size": "1470.1", "side": "BUY", "hash": "8e5b4b9f7cc20cee5ef3e5965630387aa546d584", "best_bid": "0.79", "best_ask": "0.83"}, {"asset_id": "88768287981663040695907057042576315713786188072326767683529020944040826691423", "price": "0.92", "size": "1470.1", "side": "SELL", "hash": "9a676df6ed60bffc83447ca7a8854c1e58f63f72", "best_bid": "0.17", "best_ask": "0.21"}], "timestamp": "1769384508647", "event_type": "price_change"}}
{"_local_timestamp": "2026-01-25T23:41:48.715380+00:00", "data": {"market": "0x0bd390a2c7c8fce851fcfe72c02f347686c0a362f5aaab331ffa9c54416c6aa2", "price_changes": [{"asset_id": "17398793204722166217660817067265905985425481568989568628103768246608609488761", "price": "0.08", "size": "3467.21", "side": "BUY", "hash": "2a49a21b4620015940418ed086e60ccc6a908ba0", "best_bid": "0.79", "best_ask": "0.83"}, {"asset_id": "88768287981663040695907057042576315713786188072326767683529020944040826691423", "price": "0.92", "size": "3467.21", "side": "SELL", "hash": "181a598e1ae18820da87978e3deb4085ca4c033a", "best_bid": "0.17", "best_ask": "0.21"}], "timestamp": "1769384508648", "event_type": "price_change"}}
{"_local_timestamp": "2026-01-25T23:41:48.723729+00:00", "data": {"market": "0x0bd390a2c7c8fce851fcfe72c02f347686c0a362f5aaab331ffa9c54416c6aa2", "price_changes": [{"asset_id": "17398793204722166217660817067265905985425481568989568628103768246608609488761", "price": "0.08", "size": "4357.32", "side": "BUY", "hash": "37ac8b92b38dfb6b8f8de7de16940e5552f29e5e", "best_bid": "0.79", "best_ask": "0.83"}, {"asset_id": "88768287981663040695907057042576315713786188072326767683529020944040826691423", "price": "0.92", "size": "4357.32", "side": "SELL", "hash": "4cff0f5dccfcfc31c8fd6b37f45f1bf9211b1fc2", "best_bid": "0.17", "best_ask": "0.21"}], "timestamp": "1769384508648", "event_type": "price_change"}}
{"_local_timestamp": "2026-01-25T23:41:48.725360+00:00", "data": {"market": "0x0bd390a2c7c8fce851fcfe72c02f347686c0a362f5aaab331ffa9c54416c6aa2", "price_changes": [{"asset_id": "88768287981663040695907057042576315713786188072326767683529020944040826691423", "price": "0.03", "size": "1200.36", "side": "BUY", "hash": "05336ff3dc69d013c25a8b6be6ef35f38fecd696", "best_bid": "0.17", "best_ask": "0.21"}, {"asset_id": "17398793204722166217660817067265905985425481568989568628103768246608609488761", "price": "0.97", "size": "1200.36", "side": "SELL", "hash": "db073fc4a2551c1554fd41d3e694c7d99c1fec9e", "best_bid": "0.79", "best_ask": "0.83"}], "timestamp": "1769384508649", "event_type": "price_change"}}
{"_local_timestamp": "2026-01-25T23:41:48.910158+00:00", "data": {"market": "0x0bd390a2c7c8fce851fcfe72c02f347686c0a362f5aaab331ffa9c54416c6aa2", "price_changes": [{"asset_id": "17398793204722166217660817067265905985425481568989568628103768246608609488761", "price": "0.09", "size": "4776.32", "side": "BUY", "hash": "82276a89f6f66a536d9e10d529936f13f641a424", "best_bid": "0.79", "best_ask": "0.83"}, {"asset_id": "88768287981663040695907057042576315713786188072326767683529020944040826691423", "price": "0.91", "size": "4776.32", "side": "SELL", "hash": "406627df1fa5467c37c84619682236e036e955be", "best_bid": "0.17", "best_ask": "0.21"}], "timestamp": "1769384508840", "event_type": "price_change"}}
{"_local_timestamp": "2026-01-25T23:41:58.117018+00:00", "data": {"market": "0x0bd390a2c7c8fce851fcfe72c02f347686c0a362f5aaab331ffa9c54416c6aa2", "price_changes": [{"asset_id": "88768287981663040695907057042576315713786188072326767683529020944040826691423", "price": "0.21", "size": "89.48", "side": "SELL", "hash": "6d5627341aaed191af7923045e730d4e25207a25", "best_bid": "0.17", "best_ask": "0.21"}, {"asset_id": "17398793204722166217660817067265905985425481568989568628103768246608609488761", "price": "0.79", "size": "89.48", "side": "BUY", "hash": "f27bd2a4472653c86ae55cd64883bb7d3ad5d246", "best_bid": "0.79", "best_ask": "0.83"}], "timestamp": "1769384518044", "event_type": "price_change"}}
{"_local_timestamp": "2026-01-25T23:41:58.121164+00:00", "data": {"market": "0x0bd390a2c7c8fce851fcfe72c02f347686c0a362f5aaab331ffa9c54416c6aa2", "price_changes": [{"asset_id": "88768287981663040695907057042576315713786188072326767683529020944040826691423", "price": "0.21", "size": "109.96", "side": "SELL", "hash": "b62e05134a024b0c2f9a6686512497672d891001", "best_bid": "0.17", "best_ask": "0.21"}, {"asset_id": "17398793204722166217660817067265905985425481568989568628103768246608609488761", "price": "0.79", "size": "109.96", "side": "BUY", "hash": "bee7b191faa8aa6299f757b6cc7cfc8b92727526", "best_bid": "0.79", "best_ask": "0.83"}], "timestamp": "1769384518045", "event_type": "price_change"}}
{"_local_timestamp": "2026-01-25T23:41:58.123150+00:00", "data": {"market": "0x0bd390a2c7c8fce851fcfe72c02f347686c0a362f5aaab331ffa9c54416c6aa2", "price_changes": [{"asset_id": "88768287981663040695907057042576315713786188072326767683529020944040826691423", "price": "0.21", "size": "130.44", "side": "SELL", "hash": "13491f5e35a820f1f64611e07fe64ae9cf5f1f46", "best_bid": "0.17", "best_ask": "0.21"}, {"asset_id": "17398793204722166217660817067265905985425481568989568628103768246608609488761", "price": "0.79", "size": "130.44", "side": "BUY", "hash": "5d97f682cc427b85b3fabaf0d0c5c27ac8de3309", "best_bid": "0.79", "best_ask": "0.83"}], "timestamp": "1769384518046", "event_type": "price_change"}}
{"_local_timestamp": "2026-01-25T23:41:58.124861+00:00", "data": {"market": "0x0bd390a2c7c8fce851fcfe72c02f347686c0a362f5aaab331ffa9c54416c6aa2", "price_changes": [{"asset_id": "88768287981663040695907057042576315713786188072326767683529020944040826691423", "price": "0.21", "size": "150.92", "side": "SELL", "hash": "1f25a62fd87e9817217d197e3fb003773a19b2a0", "best_bid": "0.17", "best_ask": "0.21"}, {"asset_id": "17398793204722166217660817067265905985425481568989568628103768246608609488761", "price": "0.79", "size": "150.92", "side": "BUY", "hash": "3bc770a4edc76389721ba26a6ca0ea416ba671d9", "best_bid": "0.79", "best_ask": "0.83"}], "timestamp": "1769384518046", "event_type": "price_change"}}
{"_local_timestamp": "2026-01-25T23:41:58.156235+00:00", "data": {"market": "0x0bd390a2c7c8fce851fcfe72c02f347686c0a362f5aaab331ffa9c54416c6aa2", "price_changes": [{"asset_id": "17398793204722166217660817067265905985425481568989568628103768246608609488761", "price": "0.09", "size": "619", "side": "BUY", "hash": "2e33b670bdf4be79367cc8ccb24b76fe081be582", "best_bid": "0.79", "best_ask": "0.83"}, {"asset_id": "88768287981663040695907057042576315713786188072326767683529020944040826691423", "price": "0.91", "size": "619", "side": "SELL", "hash": "a8376f6032174f0b0491d549d9d604fe28ffe4de", "best_bid": "0.17", "best_ask": "0.21"}], "timestamp": "1769384518088", "event_type": "price_change"}}
{"_local_timestamp": "2026-01-25T23:41:58.157852+00:00", "data": {"market": "0x0bd390a2c7c8fce851fcfe72c02f347686c0a362f5aaab331ffa9c54416c6aa2", "price_changes": [{"asset_id": "17398793204722166217660817067265905985425481568989568628103768246608609488761", "price": "0.08", "size": "200", "side": "BUY", "hash": "2e33b670bdf4be79367cc8ccb24b76fe081be582", "best_bid": "0.79", "best_ask": "0.83"}, {"asset_id": "88768287981663040695907057042576315713786188072326767683529020944040826691423", "price": "0.92", "size": "200", "side": "SELL", "hash": "a8376f6032174f0b0491d549d9d604fe28ffe4de", "best_bid": "0.17", "best_ask": "0.21"}], "timestamp": "1769384518088", "event_type": "price_change"}}
{"_local_timestamp": "2026-01-25T23:41:58.352189+00:00", "data": {"market": "0x0bd390a2c7c8fce851fcfe72c02f347686c0a362f5aaab331ffa9c54416c6aa2", "price_changes": [{"asset_id": "17398793204722166217660817067265905985425481568989568628103768246608609488761", "price": "0.1", "size": "1997.11", "side": "BUY", "hash": "08dc4031f1f32aee432452df964f0bab6d7af603", "best_bid": "0.79", "best_ask": "0.83"}, {"asset_id": "88768287981663040695907057042576315713786188072326767683529020944040826691423", "price": "0.9", "size": "1997.11", "side": "SELL", "hash": "cbf2e7b735855350d4d9b0ca3e45dbf353ed2a44", "best_bid": "0.17", "best_ask": "0.21"}], "timestamp": "1769384518288", "event_type": "price_change"}}
{"_local_timestamp": "2026-01-25T23:41:58.353783+00:00", "data": {"market": "0x0bd390a2c7c8fce851fcfe72c02f347686c0a362f5aaab331ffa9c54416c6aa2", "price_changes": [{"asset_id": "17398793204722166217660817067265905985425481568989568628103768246608609488761", "price": "0.1", "size": "3267.21", "side": "BUY", "hash": "39eb0c530e1ff08183998afc918031c547569a56", "best_bid": "0.79", "best_ask": "0.83"}, {"asset_id": "88768287981663040695907057042576315713786188072326767683529020944040826691423", "price": "0.9", "size": "3267.21", "side": "SELL", "hash": "fa9df60dc79f74d604462ede179993bc0981ff73", "best_bid": "0.17", "best_ask": "0.21"}], "timestamp": "1769384518288", "event_type": "price_change"}}
{"_local_timestamp": "2026-01-25T23:41:58.355422+00:00", "data": {"market": "0x0bd390a2c7c8fce851fcfe72c02f347686c0a362f5aaab331ffa9c54416c6aa2", "price_changes": [{"asset_id": "17398793204722166217660817067265905985425481568989568628103768246608609488761", "price": "0.1", "size": "4157.32", "side": "BUY", "hash": "3d25dc8787eb22e4999385e0490c94edefe8d818", "best_bid": "0.79", "best_ask": "0.83"}, {"asset_id": "88768287981663040695907057042576315713786188072326767683529020944040826691423", "price": "0.9", "size": "4157.32", "side": "SELL", "hash": "1216e7852d952a14dbe9505fe23fd54d2d1cf235", "best_bid": "0.17", "best_ask": "0.21"}], "timestamp": "1769384518289", "event_type": "price_change"}}
{"_local_timestamp": "2026-01-25T23:41:58.723268+00:00", "data": {"market": "0x0bd390a2c7c8fce851fcfe72c02f347686c0a362f5aaab331ffa9c54416c6aa2", "price_changes": [{"asset_id": "88768287981663040695907057042576315713786188072326767683529020944040826691423", "price": "0.03", "size": "900.36", "side": "BUY", "hash": "03f7b8979672d225ab0511affeb73b566fee08e8", "best_bid": "0.17", "best_ask": "0.21"}, {"asset_id": "17398793204722166217660817067265905985425481568989568628103768246608609488761", "price": "0.97", "size": "900.36", "side": "SELL", "hash": "67e04c34285ed15f023be1e99aca389cfc4bc178", "best_bid": "0.79", "best_ask": "0.83"}], "timestamp": "1769384518654", "event_type": "price_change"}}
{"_local_timestamp": "2026-01-25T23:41:58.812170+00:00", "data": {"market": "0x0bd390a2c7c8fce851fcfe72c02f347686c0a362f5aaab331ffa9c54416c6aa2", "price_changes": [{"asset_id": "88768287981663040695907057042576315713786188072326767683529020944040826691423", "price": "0.02", "size": "898.75", "side": "BUY", "hash": "fde2f81af130538b0a30d76d1dc678cf75e5a555", "best_bid": "0.17", "best_ask": "0.21"}, {"asset_id": "17398793204722166217660817067265905985425481568989568628103768246608609488761", "price": "0.98", "size": "898.75", "side": "SELL", "hash": "c35755cd59cec0f61cc214ab1c15d9d8b2ba4256", "best_bid": "0.79", "best_ask": "0.83"}], "timestamp": "1769384518747", "event_type": "price_change"}}
{"_local_timestamp": "2026-01-25T23:41:58.821176+00:00", "data": {"market": "0x0bd390a2c7c8fce851fcfe72c02f347686c0a362f5aaab331ffa9c54416c6aa2", "price_changes": [{"asset_id": "88768287981663040695907057042576315713786188072326767683529020944040826691423", "price": "0.01", "size": "5332.55", "side": "BUY", "hash": "0ac7485b6615d88cac14e36a6df4516f5b07c744", "best_bid": "0.17", "best_ask": "0.21"}, {"asset_id": "17398793204722166217660817067265905985425481568989568628103768246608609488761", "price": "0.99", "size": "5332.55", "side": "SELL", "hash": "6d75fa290e244d7b1b45162046ad3f37c9747d4c", "best_bid": "0.79", "best_ask": "0.83"}], "timestamp": "1769384518748", "event_type": "price_change"}}
{"_local_timestamp": "2026-01-25T23:41:58.975281+00:00", "data": {"market": "0x0bd390a2c7c8fce851fcfe72c02f347686c0a362f5aaab331ffa9c54416c6aa2", "price_changes": [{"asset_id": "88768287981663040695907057042576315713786188072326767683529020944040826691423", "price": "0.04", "size": "1190.11", "side": "BUY", "hash": "066d721bf42d7e3a6167955909b6a5ff189068d9", "best_bid": "0.17", "best_ask": "0.21"}, {"asset_id": "17398793204722166217660817067265905985425481568989568628103768246608609488761", "price": "0.96", "size": "1190.11", "side": "SELL", "hash": "fad637f4381e8734400a5f5fc7b2bc0ea762d274", "best_bid": "0.79", "best_ask": "0.83"}], "timestamp": "1769384518898", "event_type": "price_change"}}
{"_local_timestamp": "2026-01-25T23:41:59.937222+00:00", "data": {"market": "0x0bd390a2c7c8fce851fcfe72c02f347686c0a362f5aaab331ffa9c54416c6aa2", "price_changes": [{"asset_id": "17398793204722166217660817067265905985425481568989568628103768246608609488761", "price": "0.08", "size": "100", "side": "BUY", "hash": "bd79c39ef5f0139ba0341a16ed419954e41a3a23", "best_bid": "0.79", "best_ask": "0.83"}, {"asset_id": "88768287981663040695907057042576315713786188072326767683529020944040826691423", "price": "0.92", "size": "100", "side": "SELL", "hash": "b85c1be66114f86f20bdda1b94cf0c269f1659d5", "best_bid": "0.17", "best_ask": "0.21"}], "timestamp": "1769384519868", "event_type": "price_change"}}
{"_local_timestamp": "2026-01-25T23:42:00.211389+00:00", "data": {"market": "0x0bd390a2c7c8fce851fcfe72c02f347686c0a362f5aaab331ffa9c54416c6aa2", "price_changes": [{"asset_id": "17398793204722166217660817067265905985425481568989568628103768246608609488761", "price": "0.09", "size": "719", "side": "BUY", "hash": "51117ddcc224d8f457252c5d13b8a79a516fe70d", "best_bid": "0.79", "best_ask": "0.83"}, {"asset_id": "88768287981663040695907057042576315713786188072326767683529020944040826691423", "price": "0.91", "size": "719", "side": "SELL", "hash": "ce14ee64d9ac7b33131018a782d2bcbca67d1140", "best_bid": "0.17", "best_ask": "0.21"}], "timestamp": "1769384520149", "event_type": "price_change"}}
{"_local_timestamp": "2026-01-25T23:42:10.609416+00:00", "data": {"market": "0x0bd390a2c7c8fce851fcfe72c02f347686c0a362f5aaab331ffa9c54416c6aa2", "price_changes": [{"asset_id": "17398793204722166217660817067265905985425481568989568628103768246608609488761", "price": "0.09", "size": "619", "side": "BUY", "hash": "a879d7647cf7c11fdaa43bfdb684f330603b9145", "best_bid": "0.79", "best_ask": "0.83"}, {"asset_id": "88768287981663040695907057042576315713786188072326767683529020944040826691423", "price": "0.91", "size": "619", "side": "SELL", "hash": "7de1d20382993617dec8ae4813b877192d9013ef", "best_bid": "0.17", "best_ask": "0.21"}], "timestamp": "1769384530536", "event_type": "price_change"}}
{"_local_timestamp": "2026-01-25T23:42:10.669253+00:00", "data": {"market": "0x0bd390a2c7c8fce851fcfe72c02f347686c0a362f5aaab331ffa9c54416c6aa2", "price_changes": [{"asset_id": "88768287981663040695907057042576315713786188072326767683529020944040826691423", "price": "0.03", "size": "10.25", "side": "BUY", "hash": "0fa8ea579bbc1fc29654fc9cd441b6ca66f8bf40", "best_bid": "0.17", "best_ask": "0.21"}, {"asset_id": "17398793204722166217660817067265905985425481568989568628103768246608609488761", "price": "0.97", "size": "10.25", "side": "SELL", "hash": "f47ce89d83921151e0f4b00ac75277d3eb23cbcc", "best_bid": "0.79", "best_ask": "0.83"}], "timestamp": "1769384530604", "event_type": "price_change"}}
{"_local_timestamp": "2026-01-25T23:42:10.670945+00:00", "data": {"market": "0x0bd390a2c7c8fce851fcfe72c02f347686c0a362f5aaab331ffa9c54416c6aa2", "price_changes": [{"asset_id": "88768287981663040695907057042576315713786188072326767683529020944040826691423", "price": "0.02", "size": "8.64", "side": "BUY", "hash": "0fa8ea579bbc1fc29654fc9cd441b6ca66f8bf40", "best_bid": "0.17", "best_ask": "0.21"}, {"asset_id": "17398793204722166217660817067265905985425481568989568628103768246608609488761", "price": "0.98", "size": "8.64", "side": "SELL", "hash": "f47ce89d83921151e0f4b00ac75277d3eb23cbcc", "best_bid": "0.79", "best_ask": "0.83"}], "timestamp": "1769384530604", "event_type": "price_change"}}
{"_local_timestamp": "2026-01-25T23:42:10.672470+00:00", "data": {"market": "0x0bd390a2c7c8fce851fcfe72c02f347686c0a362f5aaab331ffa9c54416c6aa2", "price_changes": [{"asset_id": "88768287981663040695907057042576315713786188072326767683529020944040826691423", "price": "0.01", "size": "4442.44", "side": "BUY", "hash": "0fa8ea579bbc1fc29654fc9cd441b6ca66f8bf40", "best_bid": "0.17", "best_ask": "0.21"}, {"asset_id": "17398793204722166217660817067265905985425481568989568628103768246608609488761", "price": "0.99", "size": "4442.44", "side": "SELL", "hash": "f47ce89d83921151e0f4b00ac75277d3eb23cbcc", "best_bid": "0.79", "best_ask": "0.83"}], "timestamp": "1769384530604", "event_type": "price_change"}}
{"_local_timestamp": "2026-01-25T23:42:10.853080+00:00", "data": {"market": "0x0bd390a2c7c8fce851fcfe72c02f347686c0a362f5aaab331ffa9c54416c6aa2", "price_changes": [{"asset_id": "17398793204722166217660817067265905985425481568989568628103768246608609488761", "price": "0.1", "size": "4257.32", "side": "BUY", "hash": "99a431861cb9c7b938cbcb34f408337b2a4e14a0", "best_bid": "0.79", "best_ask": "0.83"}, {"asset_id": "88768287981663040695907057042576315713786188072326767683529020944040826691423", "price": "0.9", "size": "4257.32", "side": "SELL", "hash": "777ac5bc2613940057dc2c901b14ebb02b0b710d", "best_bid": "0.17", "best_ask": "0.21"}], "timestamp": "1769384530771", "event_type": "price_change"}}
{"_local_timestamp": "2026-01-25T23:42:10.885186+00:00", "data": {"market": "0x0bd390a2c7c8fce851fcfe72c02f347686c0a362f5aaab331ffa9c54416c6aa2", "price_changes": [{"asset_id": "88768287981663040695907057042576315713786188072326767683529020944040826691423", "price": "0.05", "size": "890.11", "side": "BUY", "hash": "738c5b4ef34e60e5d4c456f69f29a38f97bad4e5", "best_bid": "0.17", "best_ask": "0.21"}, {"asset_id": "17398793204722166217660817067265905985425481568989568628103768246608609488761", "price": "0.95", "size": "890.11", "side": "SELL", "hash": "74a491ecbac13fee97dd85395b2c9d0c86a47cfc", "best_bid": "0.79", "best_ask": "0.83"}], "timestamp": "1769384530806", "event_type": "price_change"}}
{"_local_timestamp": "2026-01-25T23:42:13.586516+00:00", "data": {"market": "0x0bd390a2c7c8fce851fcfe72c02f347686c0a362f5aaab331ffa9c54416c6aa2", "price_changes": [{"asset_id": "17398793204722166217660817067265905985425481568989568628103768246608609488761", "price": "0.08", "size": "0", "side": "BUY", "hash": "fc1214cdd1cad9325471f6199f3b83be042fec2b", "best_bid": "0.79", "best_ask": "0.83"}, {"asset_id": "88768287981663040695907057042576315713786188072326767683529020944040826691423", "price": "0.92", "size": "0", "side": "SELL", "hash": "3494a18cd254be99cfb3dbd742adab1c60fca3ce", "best_bid": "0.17", "best_ask": "0.21"}], "timestamp": "1769384533513", "event_type": "price_change"}}
{"_local_timestamp": "2026-01-25T23:42:13.848751+00:00", "data": {"market": "0x0bd390a2c7c8fce851fcfe72c02f347686c0a362f5aaab331ffa9c54416c6aa2", "price_changes": [{"asset_id": "17398793204722166217660817067265905985425481568989568628103768246608609488761", "price": "0.09", "size": "719", "side": "BUY", "hash": "9a2dc72a362771a5e24614a92df6e78ceabd443e", "best_bid": "0.79", "best_ask": "0.83"}, {"asset_id": "88768287981663040695907057042576315713786188072326767683529020944040826691423", "price": "0.91", "size": "719", "side": "SELL", "hash": "40f3f187f2d43ce64bdfe9e163022da390a88d9d", "best_bid": "0.17", "best_ask": "0.21"}], "timestamp": "1769384533776", "event_type": "price_change"}}
{"_local_timestamp": "2026-01-25T23:42:17.169407+00:00", "data": {"market": "0x0bd390a2c7c8fce851fcfe72c02f347686c0a362f5aaab331ffa9c54416c6aa2", "price_changes": [{"asset_id": "88768287981663040695907057042576315713786188072326767683529020944040826691423", "price": "0.21", "size": "69", "side": "SELL", "hash": "db7b7be287d93d508b01814e7b3bd0e51d499b2d", "best_bid": "0.17", "best_ask": "0.21"}, {"asset_id": "17398793204722166217660817067265905985425481568989568628103768246608609488761", "price": "0.79", "size": "69", "side": "BUY", "hash": "5d21f91652908bf4ce95c40ac6b46f31d863083b", "best_bid": "0.79", "best_ask": "0.83"}], "timestamp": "1769384537098", "event_type": "price_change"}}
{"_local_timestamp": "2026-01-25T23:42:23.153100+00:00", "data": {"market": "0x0bd390a2c7c8fce851fcfe72c02f347686c0a362f5aaab331ffa9c54416c6aa2", "price_changes": [{"asset_id": "88768287981663040695907057042576315713786188072326767683529020944040826691423", "price": "0.04", "size": "890.11", "side": "BUY", "hash": "94f2fb29353f3fce01643d23aa4e271c58939a70", "best_bid": "0.17", "best_ask": "0.21"}, {"asset_id": "17398793204722166217660817067265905985425481568989568628103768246608609488761", "price": "0.96", "size": "890.11", "side": "SELL", "hash": "3fb21b75bdafdc31a261cdd2df699b1d127c813d", "best_bid": "0.79", "best_ask": "0.83"}], "timestamp": "1769384543021", "event_type": "price_change"}}
{"_local_timestamp": "2026-01-25T23:42:23.229692+00:00", "data": {"market": "0x0bd390a2c7c8fce851fcfe72c02f347686c0a362f5aaab331ffa9c54416c6aa2", "price_changes": [{"asset_id": "88768287981663040695907057042576315713786188072326767683529020944040826691423", "price": "0.01", "size": "5332.55", "side": "BUY", "hash": "afdf6cbd9db39362973779a48879f13d6a347f4b", "best_bid": "0.17", "best_ask": "0.21"}, {"asset_id": "17398793204722166217660817067265905985425481568989568628103768246608609488761", "price": "0.99", "size": "5332.55", "side": "SELL", "hash": "e958454a1ef0877d79c73c19731339623d5d736e", "best_bid": "0.79", "best_ask": "0.83"}], "timestamp": "1769384543126", "event_type": "price_change"}}
{"_local_timestamp": "2026-01-25T23:42:23.231409+00:00", "data": {"market": "0x0bd390a2c7c8fce851fcfe72c02f347686c0a362f5aaab331ffa9c54416c6aa2", "price_changes": [{"asset_id": "88768287981663040695907057042576315713786188072326767683529020944040826691423", "price": "0.02", "size": "898.75", "side": "BUY", "hash": "52fe69ad87d84370351e0f509873cc55d6852371", "best_bid": "0.17", "best_ask": "0.21"}, {"asset_id": "17398793204722166217660817067265905985425481568989568628103768246608609488761", "price": "0.98", "size": "898.75", "side": "SELL", "hash": "dd7fa042e88e4ad5e659ec8d8f8e990d801f7f4e", "best_bid": "0.79", "best_ask": "0.83"}], "timestamp": "1769384543127", "event_type": "price_change"}}
{"_local_timestamp": "2026-01-25T23:42:23.263603+00:00", "data": {"market": "0x0bd390a2c7c8fce851fcfe72c02f347686c0a362f5aaab331ffa9c54416c6aa2", "price_changes": [{"asset_id": "88768287981663040695907057042576315713786188072326767683529020944040826691423", "price": "0.03", "size": "1280.35", "side": "BUY", "hash": "662d3947cbdd3463a839db8cc61699bc2e761dde", "best_bid": "0.17", "best_ask": "0.21"}, {"asset_id": "17398793204722166217660817067265905985425481568989568628103768246608609488761", "price": "0.97", "size": "1280.35", "side": "SELL", "hash": "be45991c8c3745f4576b8ca7c1eb50b97571e8b8", "best_bid": "0.79", "best_ask": "0.83"}], "timestamp": "1769384543168", "event_type": "price_change"}}
{"_local_timestamp": "2026-01-25T23:42:23.265427+00:00", "data": {"market": "0x0bd390a2c7c8fce851fcfe72c02f347686c0a362f5aaab331ffa9c54416c6aa2", "price_changes": [{"asset_id": "88768287981663040695907057042576315713786188072326767683529020944040826691423", "price": "0.03", "size": "2170.46", "side": "BUY", "hash": "c6555cf55440d555f25682c885e6152e96cdb7de", "best_bid": "0.17", "best_ask": "0.21"}, {"asset_id": "17398793204722166217660817067265905985425481568989568628103768246608609488761", "price": "0.97", "size": "2170.46", "side": "SELL", "hash": "139605349b82053b4be4fb6b25cbefe1ebffc0a7", "best_bid": "0.79", "best_ask": "0.83"}], "timestamp": "1769384543169", "event_type": "price_change"}}
{"_local_timestamp": "2026-01-25T23:42:23.930722+00:00", "data": {"market": "0x0bd390a2c7c8fce851fcfe72c02f347686c0a362f5aaab331ffa9c54416c6aa2", "price_changes": [{"asset_id": "17398793204722166217660817067265905985425481568989568628103768246608609488761", "price": "0.09", "size": "619", "side": "BUY", "hash": "95c71396b58bfd69ca7fa74a289eda66a4f75326", "best_bid": "0.79", "best_ask": "0.83"}, {"asset_id": "88768287981663040695907057042576315713786188072326767683529020944040826691423", "price": "0.91", "size": "619", "side": "SELL", "hash": "56a8bfd594b852c7833014927db39cdbc5957307", "best_bid": "0.17", "best_ask": "0.21"}], "timestamp": "1769384543831", "event_type": "price_change"}}
{"_local_timestamp": "2026-01-25T23:42:24.225962+00:00", "data": {"market": "0x0bd390a2c7c8fce851fcfe72c02f347686c0a362f5aaab331ffa9c54416c6aa2", "price_changes": [{"asset_id": "17398793204722166217660817067265905985425481568989568628103768246608609488761", "price": "0.1", "size": "4357.32", "side": "BUY", "hash": "d94407942363d684b2675bd8af0bb318e911b1c7", "best_bid": "0.79", "best_ask": "0.83"}, {"asset_id": "88768287981663040695907057042576315713786188072326767683529020944040826691423", "price": "0.9", "size": "4357.32", "side": "SELL", "hash": "6fc5c8df65a4c447af5b90f861b5289d465d387b", "best_bid": "0.17", "best_ask": "0.21"}], "timestamp": "1769384544125", "event_type": "price_change"}}
{"_local_timestamp": "2026-01-25T23:42:29.038199+00:00", "data": {"market": "0x0bd390a2c7c8fce851fcfe72c02f347686c0a362f5aaab331ffa9c54416c6aa2", "price_changes": [{"asset_id": "88768287981663040695907057042576315713786188072326767683529020944040826691423", "price": "0.21", "size": "89.48", "side": "SELL", "hash": "7281dd1e4a10177805ff1a7e4fab78bc387f92ad", "best_bid": "0.17", "best_ask": "0.21"}, {"asset_id": "17398793204722166217660817067265905985425481568989568628103768246608609488761", "price": "0.79", "size": "89.48", "side": "BUY", "hash": "17276b39be17d77687b4b8d2c3fceb1566bb612c", "best_bid": "0.79", "best_ask": "0.83"}], "timestamp": "1769384548930", "event_type": "price_change"}}
{"_local_timestamp": "2026-01-25T23:42:29.040213+00:00", "data": {"market": "0x0bd390a2c7c8fce851fcfe72c02f347686c0a362f5aaab331ffa9c54416c6aa2", "price_changes": [{"asset_id": "88768287981663040695907057042576315713786188072326767683529020944040826691423", "price": "0.21", "size": "109.96", "side": "SELL", "hash": "5259dc6b591066268147f2907602479084625bc9", "best_bid": "0.17", "best_ask": "0.21"}, {"asset_id": "17398793204722166217660817067265905985425481568989568628103768246608609488761", "price": "0.79", "size": "109.96", "side": "BUY", "hash": "100ff0b4e35338adc0a75bc96f9c5e4fe1c4816a", "best_bid": "0.79", "best_ask": "0.83"}], "timestamp": "1769384548931", "event_type": "price_change"}}
{"_local_timestamp": "2026-01-25T23:42:29.041982+00:00", "data": {"market": "0x0bd390a2c7c8fce851fcfe72c02f347686c0a362f5aaab331ffa9c54416c6aa2", "price_changes": [{"asset_id": "88768287981663040695907057042576315713786188072326767683529020944040826691423", "price": "0.21", "size": "130.44", "side": "SELL", "hash": "ede3ee9ac185b5611c8b7ee8ab5c5883293d3230", "best_bid": "0.17", "best_ask": "0.21"}, {"asset_id": "17398793204722166217660817067265905985425481568989568628103768246608609488761", "price": "0.79", "size": "130.44", "side": "BUY", "hash": "3eb93a25ac706059ac4870f001943f3a37b502a0", "best_bid": "0.79", "best_ask": "0.83"}], "timestamp": "1769384548931", "event_type": "price_change"}}
{"_local_timestamp": "2026-01-25T23:42:29.045519+00:00", "data": {"market": "0x0bd390a2c7c8fce851fcfe72c02f347686c0a362f5aaab331ffa9c54416c6aa2", "price_changes": [{"asset_id": "88768287981663040695907057042576315713786188072326767683529020944040826691423", "price": "0.21", "size": "150.92", "side": "SELL", "hash": "8114ee0a142b06baa0216ea3e969b2a8dac0704c", "best_bid": "0.17", "best_ask": "0.21"}, {"asset_id": "17398793204722166217660817067265905985425481568989568628103768246608609488761", "price": "0.79", "size": "150.92", "side": "BUY", "hash": "b6e11e6536e3ab6b50011c130d5a4daf57ecefec", "best_bid": "0.79", "best_ask": "0.83"}], "timestamp": "1769384548932", "event_type": "price_change"}}
{"_local_timestamp": "2026-01-25T23:42:29.099719+00:00", "data": {"market": "0x0bd390a2c7c8fce851fcfe72c02f347686c0a362f5aaab331ffa9c54416c6aa2", "price_changes": [{"asset_id": "88768287981663040695907057042576315713786188072326767683529020944040826691423", "price": "0.03", "size": "10.25", "side": "BUY", "hash": "e99a5e1b8e7e2ee6735bc3dd9216c963eb50b079", "best_bid": "0.17", "best_ask": "0.21"}, {"asset_id": "17398793204722166217660817067265905985425481568989568628103768246608609488761", "price": "0.97", "size": "10.25", "side": "SELL", "hash": "82f4ea64fafe54307ff41b86832a9c28e7e3a983", "best_bid": "0.79", "best_ask": "0.83"}], "timestamp": "1769384548989", "event_type": "price_change"}}
{"_local_timestamp": "2026-01-25T23:42:29.101523+00:00", "data": {"market": "0x0bd390a2c7c8fce851fcfe72c02f347686c0a362f5aaab331ffa9c54416c6aa2", "price_changes": [{"asset_id": "88768287981663040695907057042576315713786188072326767683529020944040826691423", "price": "0.04", "size": "0", "side": "BUY", "hash": "e99a5e1b8e7e2ee6735bc3dd9216c963eb50b079", "best_bid": "0.17", "best_ask": "0.21"}, {"asset_id": "17398793204722166217660817067265905985425481568989568628103768246608609488761", "price": "0.96", "size": "0", "side": "SELL", "hash": "82f4ea64fafe54307ff41b86832a9c28e7e3a983", "best_bid": "0.79", "best_ask": "0.83"}], "timestamp": "1769384548989", "event_type": "price_change"}}
{"_local_timestamp": "2026-01-25T23:42:29.103019+00:00", "data": {"market": "0x0bd390a2c7c8fce851fcfe72c02f347686c0a362f5aaab331ffa9c54416c6aa2", "price_changes": [{"asset_id": "88768287981663040695907057042576315713786188072326767683529020944040826691423", "price": "0.05", "size": "0", "side": "BUY", "hash": "e99a5e1b8e7e2ee6735bc3dd9216c963eb50b079", "best_bid": "0.17", "best_ask": "0.21"}, {"asset_id": "17398793204722166217660817067265905985425481568989568628103768246608609488761", "price": "0.95", "size": "0", "side": "SELL", "hash": "82f4ea64fafe54307ff41b86832a9c28e7e3a983", "best_bid": "0.79", "best_ask": "0.83"}], "timestamp": "1769384548989", "event_type": "price_change"}}
{"_local_timestamp": "2026-01-25T23:42:29.149953+00:00", "data": {"market": "0x0bd390a2c7c8fce851fcfe72c02f347686c0a362f5aaab331ffa9c54416c6aa2", "price_changes": [{"asset_id": "88768287981663040695907057042576315713786188072326767683529020944040826691423", "price": "0.06", "size": "890.11", "side": "BUY", "hash": "dc4fbba1e5284bbd69c67eec6238fbf900f2c71f", "best_bid": "0.17", "best_ask": "0.21"}, {"asset_id": "17398793204722166217660817067265905985425481568989568628103768246608609488761", "price": "0.94", "size": "890.11", "side": "SELL", "hash": "efa71d76daa759b35bfc556acfff294a77679600", "best_bid": "0.79", "best_ask": "0.83"}], "timestamp": "1769384549046", "event_type": "price_change"}}
{"_local_timestamp": "2026-01-25T23:42:29.155197+00:00", "data": {"market": "0x0bd390a2c7c8fce851fcfe72c02f347686c0a362f5aaab331ffa9c54416c6aa2", "price_changes": [{"asset_id": "88768287981663040695907057042576315713786188072326767683529020944040826691423", "price": "0.04", "size": "890.11", "side": "BUY", "hash": "654b145c0e615a02ca7cf5154e7c0864c43afdb0", "best_bid": "0.17", "best_ask": "0.21"}, {"asset_id": "17398793204722166217660817067265905985425481568989568628103768246608609488761", "price": "0.96", "size": "890.11", "side": "SELL", "hash": "61b67435d944efb94354e3b51ddc8614eb8fa322", "best_bid": "0.79", "best_ask": "0.83"}], "timestamp": "1769384549047", "event_type": "price_change"}}
{"_local_timestamp": "2026-01-25T23:42:29.156985+00:00", "data": {"market": "0x0bd390a2c7c8fce851fcfe72c02f347686c0a362f5aaab331ffa9c54416c6aa2", "price_changes": [{"asset_id": "88768287981663040695907057042576315713786188072326767683529020944040826691423", "price": "0.05", "size": "890.11", "side": "BUY", "hash": "6e619954dda44c415dfb971775a4e9bb427ceb2b", "best_bid": "0.17", "best_ask": "0.21"}, {"asset_id": "17398793204722166217660817067265905985425481568989568628103768246608609488761", "price": "0.95", "size": "890.11", "side": "SELL", "hash": "726ab0e36125ba79c5c353308b726a936e6de303", "best_bid": "0.79", "best_ask": "0.83"}], "timestamp": "1769384549048", "event_type": "price_change"}}
{"_local_timestamp": "2026-01-25T23:42:31.525654+00:00", "data": {"market": "0x0bd390a2c7c8fce851fcfe72c02f347686c0a362f5aaab331ffa9c54416c6aa2", "price_changes": [{"asset_id": "88768287981663040695907057042576315713786188072326767683529020944040826691423", "price": "0.12", "size": "100", "side": "BUY", "hash": "0bd8e42666572d7fe47f8523a82758c1328bdef9", "best_bid": "0.17", "best_ask": "0.21"}, {"asset_id": "17398793204722166217660817067265905985425481568989568628103768246608609488761", "price": "0.88", "size": "100", "side": "SELL", "hash": "1761a36e91b0abfabe614dbb7b47df27acaa4b96", "best_bid": "0.79", "best_ask": "0.83"}], "timestamp": "1769384551427", "event_type": "price_change"}}
{"_local_timestamp": "2026-01-25T23:42:31.573773+00:00", "data": {"market": "0x0bd390a2c7c8fce851fcfe72c02f347686c0a362f5aaab331ffa9c54416c6aa2", "price_changes": [{"asset_id": "88768287981663040695907057042576315713786188072326767683529020944040826691423", "price": "0.13", "size": "0", "side": "BUY", "hash": "7511007432a29f1bdd288ef84bdd6c6f47d77c3e", "best_bid": "0.17", "best_ask": "0.21"}, {"asset_id": "17398793204722166217660817067265905985425481568989568628103768246608609488761", "price": "0.87", "size": "0", "side": "SELL", "hash": "3d03ba0f5d64673739af43de6955d42cc5186a37", "best_bid": "0.79", "best_ask": "0.83"}], "timestamp": "1769384551464", "event_type": "price_change"}}
{"_local_timestamp": "2026-01-25T23:42:31.575743+00:00", "data": {"market": "0x0bd390a2c7c8fce851fcfe72c02f347686c0a362f5aaab331ffa9c54416c6aa2", "price_changes": [{"asset_id": "88768287981663040695907057042576315713786188072326767683529020944040826691423", "price": "0.1", "size": "10", "side": "BUY", "hash": "7511007432a29f1bdd288ef84bdd6c6f47d77c3e", "best_bid": "0.17", "best_ask": "0.21"}, {"asset_id": "17398793204722166217660817067265905985425481568989568628103768246608609488761", "price": "0.9", "size": "10", "side": "SELL", "hash": "3d03ba0f5d64673739af43de6955d42cc5186a37", "best_bid": "0.79", "best_ask": "0.83"}], "timestamp": "1769384551464", "event_type": "price_change"}}
{"_local_timestamp": "2026-01-25T23:42:31.577414+00:00", "data": {"market": "0x0bd390a2c7c8fce851fcfe72c02f347686c0a362f5aaab331ffa9c54416c6aa2", "price_changes": [{"asset_id": "88768287981663040695907057042576315713786188072326767683529020944040826691423", "price": "0.12", "size": "154", "side": "BUY", "hash": "83a36d37259f08c1d6ddab7eb8177c4efef83094", "best_bid": "0.17", "best_ask": "0.21"}, {"asset_id": "17398793204722166217660817067265905985425481568989568628103768246608609488761", "price": "0.88", "size": "154", "side": "SELL", "hash": "c986dcc75a4d26a9d9ab2d07d73a5946725d5852", "best_bid": "0.79", "best_ask": "0.83"}], "timestamp": "1769384551467", "event_type": "price_change"}}
{"_local_timestamp": "2026-01-25T23:42:31.640357+00:00", "data": {"market": "0x0bd390a2c7c8fce851fcfe72c02f347686c0a362f5aaab331ffa9c54416c6aa2", "price_changes": [{"asset_id": "88768287981663040695907057042576315713786188072326767683529020944040826691423", "price": "0.04", "size": "0", "side": "BUY", "hash": "3b6742351e7f607d311e94051e4611f65ff041d0", "best_bid": "0.17", "best_ask": "0.21"}, {"asset_id": "17398793204722166217660817067265905985425481568989568628103768246608609488761", "price": "0.96", "size": "0", "side": "SELL", "hash": "426c3c087f0370e6157429a79b405ebb0b06f29c", "best_bid": "0.79", "best_ask": "0.83"}], "timestamp": "1769384551542", "event_type": "price_change"}}
{"_local_timestamp": "2026-01-25T23:42:31.722131+00:00", "data": {"market": "0x0bd390a2c7c8fce851fcfe72c02f347686c0a362f5aaab331ffa9c54416c6aa2", "price_changes": [{"asset_id": "88768287981663040695907057042576315713786188072326767683529020944040826691423", "price": "0.06", "size": "0", "side": "BUY", "hash": "fd09c25d1b444d3e576a707f1fd3506ff7fa26da", "best_bid": "0.17", "best_ask": "0.21"}, {"asset_id": "17398793204722166217660817067265905985425481568989568628103768246608609488761", "price": "0.94", "size": "0", "side": "SELL", "hash": "acea2f9329222a777415ef7eddbf311b13ddce82", "best_bid": "0.79", "best_ask": "0.83"}], "timestamp": "1769384551617", "event_type": "price_change"}}
{"_local_timestamp": "2026-01-25T23:42:33.561858+00:00", "data": {"market": "0x0bd390a2c7c8fce851fcfe72c02f347686c0a362f5aaab331ffa9c54416c6aa2", "price_changes": [{"asset_id": "88768287981663040695907057042576315713786188072326767683529020944040826691423", "price": "0.1", "size": "65", "side": "BUY", "hash": "5999e60272a1d48d76964b2517d6d7993e49022e", "best_bid": "0.17", "best_ask": "0.21"}, {"asset_id": "17398793204722166217660817067265905985425481568989568628103768246608609488761", "price": "0.9", "size": "65", "side": "SELL", "hash": "610a1e249937a91cca436c3a98b7ef80fe0eca7b", "best_bid": "0.79", "best_ask": "0.83"}], "timestamp": "1769384553464", "event_type": "price_change"}}
{"_local_timestamp": "2026-01-25T23:42:34.032842+00:00", "data": {"market": "0x0bd390a2c7c8fce851fcfe72c02f347686c0a362f5aaab331ffa9c54416c6aa2", "price_changes": [{"asset_id": "17398793204722166217660817067265905985425481568989568628103768246608609488761", "price": "0.09", "size": "219", "side": "BUY", "hash": "cf8a4cb0437173f32a11c971023ca75d1c5b3d87", "best_bid": "0.79", "best_ask": "0.83"}, {"asset_id": "88768287981663040695907057042576315713786188072326767683529020944040826691423", "price": "0.91", "size": "219", "side": "SELL", "hash": "92d770598da95533c160789e72866feee332137e", "best_bid": "0.17", "best_ask": "0.21"}], "timestamp": "1769384553926", "event_type": "price_change"}}
{"_local_timestamp": "2026-01-25T23:42:34.140672+00:00", "data": {"market": "0x0bd390a2c7c8fce851fcfe72c02f347686c0a362f5aaab331ffa9c54416c6aa2", "price_changes": [{"asset_id": "17398793204722166217660817067265905985425481568989568628103768246608609488761", "price": "0.08", "size": "1270.1", "side": "BUY", "hash": "2f0540dfc3fa4d47ac558859a761ef80e8ed25a3", "best_bid": "0.79", "best_ask": "0.83"}, {"asset_id": "88768287981663040695907057042576315713786188072326767683529020944040826691423", "price": "0.92", "size": "1270.1", "side": "SELL", "hash": "0e725a18778cdfa1ebc53d9884c77782b4684be7", "best_bid": "0.17", "best_ask": "0.21"}], "timestamp": "1769384554012", "event_type": "price_change"}}
{"_local_timestamp": "2026-01-25T23:42:34.144053+00:00", "data": {"market": "0x0bd390a2c7c8fce851fcfe72c02f347686c0a362f5aaab331ffa9c54416c6aa2", "price_changes": [{"asset_id": "17398793204722166217660817067265905985425481568989568628103768246608609488761", "price": "0.08", "size": "2160.21", "side": "BUY", "hash": "fdf58ab917fe2ee5aaa608e035e7840eaa759bb5", "best_bid": "0.79", "best_ask": "0.83"}, {"asset_id": "88768287981663040695907057042576315713786188072326767683529020944040826691423", "price": "0.92", "size": "2160.21", "side": "SELL", "hash": "87f5264b6819a95882906dba17f8435111f79313", "best_bid": "0.17", "best_ask": "0.21"}], "timestamp": "1769384554012", "event_type": "price_change"}}
{"_local_timestamp": "2026-01-25T23:42:34.158467+00:00", "data": {"market": "0x0bd390a2c7c8fce851fcfe72c02f347686c0a362f5aaab331ffa9c54416c6aa2", "price_changes": [{"asset_id": "17398793204722166217660817067265905985425481568989568628103768246608609488761", "price": "0.08", "size": "4157.32", "side": "BUY", "hash": "cec945ba8ef8e7d37ea32b500452845984e5540c", "best_bid": "0.79", "best_ask": "0.83"}, {"asset_id": "88768287981663040695907057042576315713786188072326767683529020944040826691423", "price": "0.92", "size": "4157.32", "side": "SELL", "hash": "390a24d4334a5bb9bce6392c92672bb0823891a1", "best_bid": "0.17", "best_ask": "0.21"}], "timestamp": "1769384554013", "event_type": "price_change"}}
{"_local_timestamp": "2026-01-25T23:42:34.322449+00:00", "data": {"market": "0x0bd390a2c7c8fce851fcfe72c02f347686c0a362f5aaab331ffa9c54416c6aa2", "price_changes": [{"asset_id": "17398793204722166217660817067265905985425481568989568628103768246608609488761", "price": "0.1", "size": "4757.32", "side": "BUY", "hash": "56c8530e52751cd2e81efae2cc1fbc369e11e502", "best_bid": "0.79", "best_ask": "0.83"}, {"asset_id": "88768287981663040695907057042576315713786188072326767683529020944040826691423", "price": "0.9", "size": "4757.32", "side": "SELL", "hash": "ddc84bb8a8d0cf40b4890d455086dc63e10e1500", "best_bid": "0.17", "best_ask": "0.21"}], "timestamp": "1769384554214", "event_type": "price_change"}}
{"_local_timestamp": "2026-01-25T23:42:34.384466+00:00", "data": {"market": "0x0bd390a2c7c8fce851fcfe72c02f347686c0a362f5aaab331ffa9c54416c6aa2", "price_changes": [{"asset_id": "88768287981663040695907057042576315713786188072326767683529020944040826691423", "price": "0.05", "size": "0", "side": "BUY", "hash": "4745d85c039b96949dfb697482a02c906ed781fc", "best_bid": "0.17", "best_ask": "0.21"}, {"asset_id": "17398793204722166217660817067265905985425481568989568628103768246608609488761", "price": "0.95", "size": "0", "side": "SELL", "hash": "577fcdb59bfdb8de88c033194faaea2d2b6fc323", "best_bid": "0.79", "best_ask": "0.83"}], "timestamp": "1769384554269", "event_type": "price_change"}}
{"_local_timestamp": "2026-01-25T23:42:35.569599+00:00", "data": {"market": "0x0bd390a2c7c8fce851fcfe72c02f347686c0a362f5aaab331ffa9c54416c6aa2", "price_changes": [{"asset_id": "88768287981663040695907057042576315713786188072326767683529020944040826691423", "price": "0.1", "size": "120", "side": "BUY", "hash": "22d3fd4458bd11767db302c26c05f862fe41d372", "best_bid": "0.17", "best_ask": "0.21"}, {"asset_id": "17398793204722166217660817067265905985425481568989568628103768246608609488761", "price": "0.9", "size": "120", "side": "SELL", "hash": "34c9b81d03eddfdc56a96d1049bb5c1b5d285dd9", "best_bid": "0.79", "best_ask": "0.83"}], "timestamp": "1769384555465", "event_type": "price_change"}}
{"_local_timestamp": "2026-01-25T23:42:41.409970+00:00", "data": {"market": "0x0bd390a2c7c8fce851fcfe72c02f347686c0a362f5aaab331ffa9c54416c6aa2", "price_changes": [{"asset_id": "17398793204722166217660817067265905985425481568989568628103768246608609488761", "price": "0.09", "size": "119", "side": "BUY", "hash": "d3c6eadc5e3e066dffdcc33fd2e5525d3dff2657", "best_bid": "0.79", "best_ask": "0.83"}, {"asset_id": "88768287981663040695907057042576315713786188072326767683529020944040826691423", "price": "0.91", "size": "119", "side": "SELL", "hash": "270a8418266ac06c84bd19da2f99169b1b0b6b4a", "best_bid": "0.17", "best_ask": "0.21"}], "timestamp": "1769384561293", "event_type": "price_change"}}
{"_local_timestamp": "2026-01-25T23:42:41.433077+00:00", "data": {"market": "0x0bd390a2c7c8fce851fcfe72c02f347686c0a362f5aaab331ffa9c54416c6aa2", "price_changes": [{"asset_id": "88768287981663040695907057042576315713786188072326767683529020944040826691423", "price": "0.1", "size": "65", "side": "BUY", "hash": "5b623756ae14e659374b63de915ee027928a5900", "best_bid": "0.17", "best_ask": "0.21"}, {"asset_id": "17398793204722166217660817067265905985425481568989568628103768246608609488761", "price": "0.9", "size": "65", "side": "SELL", "hash": "ff153eb180458bde8f60aa746b863b1e6240c419", "best_bid": "0.79", "best_ask": "0.83"}], "timestamp": "1769384561320", "event_type": "price_change"}}
{"_local_timestamp": "2026-01-25T23:42:41.497897+00:00", "data": {"market": "0x0bd390a2c7c8fce851fcfe72c02f347686c0a362f5aaab331ffa9c54416c6aa2", "price_changes": [{"asset_id": "17398793204722166217660817067265905985425481568989568628103768246608609488761", "price": "0.11", "size": "2002.84", "side": "BUY", "hash": "8b05fee60fdb583d8e53d5ae1b7f845963cd92fb", "best_bid": "0.79", "best_ask": "0.83"}, {"asset_id": "88768287981663040695907057042576315713786188072326767683529020944040826691423", "price": "0.89", "size": "2002.84", "side": "SELL", "hash": "fc31bdd6da5acecf91692ce8d18ff844215696c3", "best_bid": "0.17", "best_ask": "0.21"}], "timestamp": "1769384561379", "event_type": "price_change"}}
{"_local_timestamp": "2026-01-25T23:42:41.499745+00:00", "data": {"market": "0x0bd390a2c7c8fce851fcfe72c02f347686c0a362f5aaab331ffa9c54416c6aa2", "price_changes": [{"asset_id": "17398793204722166217660817067265905985425481568989568628103768246608609488761", "price": "0.11", "size": "3272.94", "side": "BUY", "hash": "1d80981a2fb6b3953d1281d6929ddd142bf6e381", "best_bid": "0.79", "best_ask": "0.83"}, {"asset_id": "88768287981663040695907057042576315713786188072326767683529020944040826691423", "price": "0.89", "size": "3272.94", "side": "SELL", "hash": "b8b834c6777d277e072c4b844bd5c7fafbbe2c1a", "best_bid": "0.17", "best_ask": "0.21"}], "timestamp": "1769384561380", "event_type": "price_change"}}
{"_local_timestamp": "2026-01-25T23:42:41.501421+00:00", "data": {"market": "0x0bd390a2c7c8fce851fcfe72c02f347686c0a362f5aaab331ffa9c54416c6aa2", "price_changes": [{"asset_id": "17398793204722166217660817067265905985425481568989568628103768246608609488761", "price": "0.11", "size": "4163.05", "side": "BUY", "hash": "d3de597417e4d1bb65f031ec366ebe3d8902244c", "best_bid": "0.79", "best_ask": "0.83"}, {"asset_id": "88768287981663040695907057042576315713786188072326767683529020944040826691423", "price": "0.89", "size": "4163.05", "side": "SELL", "hash": "6383450e17b503d101ef2dfb1ec7985736d84e6a", "best_bid": "0.17", "best_ask": "0.21"}], "timestamp": "1769384561380", "event_type": "price_change"}}
{"_local_timestamp": "2026-01-25T23:42:41.578515+00:00", "data": {"market": "0x0bd390a2c7c8fce851fcfe72c02f347686c0a362f5aaab331ffa9c54416c6aa2", "price_changes": [{"asset_id": "17398793204722166217660817067265905985425481568989568628103768246608609488761", "price": "0.1", "size": "600", "side": "BUY", "hash": "a87e4123cde21f21fa43eafc27c45ea694655ce7", "best_bid": "0.79", "best_ask": "0.83"}, {"asset_id": "88768287981663040695907057042576315713786188072326767683529020944040826691423", "price": "0.9", "size": "600", "side": "SELL", "hash": "b85bbf3a7b04dde32bdd28f9f87e261cbfc15254", "best_bid": "0.17", "best_ask": "0.21"}], "timestamp": "1769384561456", "event_type": "price_change"}}
{"_local_timestamp": "2026-01-25T23:42:41.580251+00:00", "data": {"market": "0x0bd390a2c7c8fce851fcfe72c02f347686c0a362f5aaab331ffa9c54416c6aa2", "price_changes": [{"asset_id": "17398793204722166217660817067265905985425481568989568628103768246608609488761", "price": "0.08", "size": "0", "side": "BUY", "hash": "a87e4123cde21f21fa43eafc27c45ea694655ce7", "best_bid": "0.79", "best_ask": "0.83"}, {"asset_id": "88768287981663040695907057042576315713786188072326767683529020944040826691423", "price": "0.92", "size": "0", "side": "SELL", "hash": "b85bbf3a7b04dde32bdd28f9f87e261cbfc15254", "best_bid": "0.17", "best_ask": "0.21"}], "timestamp": "1769384561456", "event_type": "price_change"}}
{"_local_timestamp": "2026-01-25T23:42:41.581835+00:00", "data": {"market": "0x0bd390a2c7c8fce851fcfe72c02f347686c0a362f5aaab331ffa9c54416c6aa2", "price_changes": [{"asset_id": "17398793204722166217660817067265905985425481568989568628103768246608609488761", "price": "0.11", "size": "10162.16", "side": "BUY", "hash": "14dbb940fed46fa13bfd937449db66f12a7d64e9", "best_bid": "0.79", "best_ask": "0.83"}, {"asset_id": "88768287981663040695907057042576315713786188072326767683529020944040826691423", "price": "0.89", "size": "10162.16", "side": "SELL", "hash": "7c7c991589ebab9611cbf281a781a50b43ef3004", "best_bid": "0.17", "best_ask": "0.21"}], "timestamp": "1769384561459", "event_type": "price_change"}}
{"_local_timestamp": "2026-01-25T23:42:41.748393+00:00", "data": {"market": "0x0bd390a2c7c8fce851fcfe72c02f347686c0a362f5aaab331ffa9c54416c6aa2", "price_changes": [{"asset_id": "17398793204722166217660817067265905985425481568989568628103768246608609488761", "price": "0.1", "size": "700", "side": "BUY", "hash": "b57085827f41de749576be5b99840d117170ab54", "best_bid": "0.79", "best_ask": "0.83"}, {"asset_id": "88768287981663040695907057042576315713786188072326767683529020944040826691423", "price": "0.9", "size": "700", "side": "SELL", "hash": "c6c5f561625def4c4cb941da17edfc59dd16e8b1", "best_bid": "0.17", "best_ask": "0.21"}], "timestamp": "1769384561629", "event_type": "price_change"}}
{"_local_timestamp": "2026-01-25T23:42:42.875099+00:00", "data": {"market": "0x0bd390a2c7c8fce851fcfe72c02f347686c0a362f5aaab331ffa9c54416c6aa2", "price_changes": [{"asset_id": "17398793204722166217660817067265905985425481568989568628103768246608609488761", "price": "0.09", "size": "19", "side": "BUY", "hash": "4cff389315dfa82a331f1ce46ece09ad966426d8", "best_bid": "0.79", "best_ask": "0.83"}, {"asset_id": "88768287981663040695907057042576315713786188072326767683529020944040826691423", "price": "0.91", "size": "19", "side": "SELL", "hash": "f98afaae696282ce99eb91f18e0f7a71c3d408ff", "best_bid": "0.17", "best_ask": "0.21"}], "timestamp": "1769384562757", "event_type": "price_change"}}
{"_local_timestamp": "2026-01-25T23:42:43.142052+00:00", "data": {"market": "0x0bd390a2c7c8fce851fcfe72c02f347686c0a362f5aaab331ffa9c54416c6aa2", "price_changes": [{"asset_id": "17398793204722166217660817067265905985425481568989568628103768246608609488761", "price": "0.1", "size": "800", "side": "BUY", "hash": "1d0cc0b540c3bfaed5af78744ca85b6e2d552215", "best_bid": "0.79", "best_ask": "0.83"}, {"asset_id": "88768287981663040695907057042576315713786188072326767683529020944040826691423", "price": "0.9", "size": "800", "side": "SELL", "hash": "5ffb56419003eaf310177c416eceeb9bb060c7d5", "best_bid": "0.17", "best_ask": "0.21"}], "timestamp": "1769384563019", "event_type": "price_change"}}
{"_local_timestamp": "2026-01-25T23:42:45.162675+00:00", "data": {"market": "0x0bd390a2c7c8fce851fcfe72c02f347686c0a362f5aaab331ffa9c54416c6aa2", "price_changes": [{"asset_id": "88768287981663040695907057042576315713786188072326767683529020944040826691423", "price": "0.21", "size": "69", "side": "SELL", "hash": "e1bfefad10145eda7dcf66fd7945d7bb908af18d", "best_bid": "0.17", "best_ask": "0.21"}, {"asset_id": "17398793204722166217660817067265905985425481568989568628103768246608609488761", "price": "0.79", "size": "69", "side": "BUY", "hash": "6e509428577d0a72c3bcfbbdde903615d5d7228b", "best_bid": "0.79", "best_ask": "0.83"}], "timestamp": "1769384565052", "event_type": "price_change"}}
{"_local_timestamp": "2026-01-25T23:42:45.239578+00:00", "data": {"market": "0x0bd390a2c7c8fce851fcfe72c02f347686c0a362f5aaab331ffa9c54416c6aa2", "price_changes": [{"asset_id": "17398793204722166217660817067265905985425481568989568628103768246608609488761", "price": "0.11", "size": "4163.05", "side": "BUY", "hash": "3431e5e8acb453d729c6ce4307760daa6557d192", "best_bid": "0.79", "best_ask": "0.83"}, {"asset_id": "88768287981663040695907057042576315713786188072326767683529020944040826691423", "price": "0.89", "size": "4163.05", "side": "SELL", "hash": "ceb7ada569b321c99ffbc14a2849c88a5b1884c0", "best_bid": "0.17", "best_ask": "0.21"}], "timestamp": "1769384565094", "event_type": "price_change"}}
{"_local_timestamp": "2026-01-25T23:42:47.395326+00:00", "data": {"market": "0x0bd390a2c7c8fce851fcfe72c02f347686c0a362f5aaab331ffa9c54416c6aa2", "price_changes": [{"asset_id": "88768287981663040695907057042576315713786188072326767683529020944040826691423", "price": "0.02", "size": "1198.75", "side": "BUY", "hash": "ae147218d96e177a82e8e6251598d12cc7f8c4e6", "best_bid": "0.17", "best_ask": "0.21"}, {"asset_id": "17398793204722166217660817067265905985425481568989568628103768246608609488761", "price": "0.98", "size": "1198.75", "side": "SELL", "hash": "61d802c0375df3461f2788b7ef7792485349e999", "best_bid": "0.79", "best_ask": "0.83"}], "timestamp": "1769384567235", "event_type": "price_change"}}
{"_local_timestamp": "2026-01-25T23:42:47.505671+00:00", "data": {"market": "0x0bd390a2c7c8fce851fcfe72c02f347686c0a362f5aaab331ffa9c54416c6aa2", "price_changes": [{"asset_id": "88768287981663040695907057042576315713786188072326767683529020944040826691423", "price": "0.03", "size": "900.36", "side": "BUY", "hash": "9e4ed076d82a155183d1be876a1642a9534d8779", "best_bid": "0.17", "best_ask": "0.21"}, {"asset_id": "17398793204722166217660817067265905985425481568989568628103768246608609488761", "price": "0.97", "size": "900.36", "side": "SELL", "hash": "4ace726090968472a4d76c5dba3b85408b0945b9", "best_bid": "0.79", "best_ask": "0.83"}], "timestamp": "1769384567390", "event_type": "price_change"}}
{"_local_timestamp": "2026-01-25T23:42:56.684254+00:00", "data": {"market": "0x0bd390a2c7c8fce851fcfe72c02f347686c0a362f5aaab331ffa9c54416c6aa2", "price_changes": [{"asset_id": "88768287981663040695907057042576315713786188072326767683529020944040826691423", "price": "0.01", "size": "5326.41", "side": "BUY", "hash": "d437604cec4b66642e3d7e2db3a8d56f69893cd8", "best_bid": "0.17", "best_ask": "0.21"}, {"asset_id": "17398793204722166217660817067265905985425481568989568628103768246608609488761", "price": "0.99", "size": "5326.41", "side": "SELL", "hash": "360d7277c6464f90e478a584c5c863358005f65c", "best_bid": "0.79", "best_ask": "0.83"}], "timestamp": "1769384576592", "event_type": "price_change"}}
{"_local_timestamp": "2026-01-25T23:42:56.686780+00:00", "data": {"market": "0x0bd390a2c7c8fce851fcfe72c02f347686c0a362f5aaab331ffa9c54416c6aa2", "price_changes": [{"asset_id": "88768287981663040695907057042576315713786188072326767683529020944040826691423", "price": "0.03", "size": "890.11", "side": "BUY", "hash": "d437604cec4b66642e3d7e2db3a8d56f69893cd8", "best_bid": "0.17", "best_ask": "0.21"}, {"asset_id": "17398793204722166217660817067265905985425481568989568628103768246608609488761", "price": "0.97", "size": "890.11", "side": "SELL", "hash": "360d7277c6464f90e478a584c5c863358005f65c", "best_bid": "0.79", "best_ask": "0.83"}], "timestamp": "1769384576592", "event_type": "price_change"}}
{"_local_timestamp": "2026-01-25T23:42:56.688667+00:00", "data": {"market": "0x0bd390a2c7c8fce851fcfe72c02f347686c0a362f5aaab331ffa9c54416c6aa2", "price_changes": [{"asset_id": "88768287981663040695907057042576315713786188072326767683529020944040826691423", "price": "0.08", "size": "55", "side": "BUY", "hash": "d437604cec4b66642e3d7e2db3a8d56f69893cd8", "best_bid": "0.17", "best_ask": "0.21"}, {"asset_id": "17398793204722166217660817067265905985425481568989568628103768246608609488761", "price": "0.92", "size": "55", "side": "SELL", "hash": "360d7277c6464f90e478a584c5c863358005f65c", "best_bid": "0.79", "best_ask": "0.83"}], "timestamp": "1769384576592", "event_type": "price_change"}}
{"_local_timestamp": "2026-01-25T23:42:56.716770+00:00", "data": {"market": "0x0bd390a2c7c8fce851fcfe72c02f347686c0a362f5aaab331ffa9c54416c6aa2", "price_changes": [{"asset_id": "88768287981663040695907057042576315713786188072326767683529020944040826691423", "price": "0.01", "size": "4436.3", "side": "BUY", "hash": "57379997385dfb126549d9678a773ee8fad174d4", "best_bid": "0.17", "best_ask": "0.21"}, {"asset_id": "17398793204722166217660817067265905985425481568989568628103768246608609488761", "price": "0.99", "size": "4436.3", "side": "SELL", "hash": "f3901ba70608ad5a73b1cbc25fe8902915a8e5c7", "best_bid": "0.79", "best_ask": "0.83"}], "timestamp": "1769384576623", "event_type": "price_change"}}
{"_local_timestamp": "2026-01-25T23:42:56.723568+00:00", "data": {"market": "0x0bd390a2c7c8fce851fcfe72c02f347686c0a362f5aaab331ffa9c54416c6aa2", "price_changes": [{"asset_id": "88768287981663040695907057042576315713786188072326767683529020944040826691423", "price": "0.04", "size": "67", "side": "BUY", "hash": "127e5c727d9e2722f7da8779ef4154f6dc5edad3", "best_bid": "0.17", "best_ask": "0.21"}, {"asset_id": "17398793204722166217660817067265905985425481568989568628103768246608609488761", "price": "0.96", "size": "67", "side": "SELL", "hash": "71c37176c1a4c6e626c659fdbb92ca3d672b3c20", "best_bid": "0.79", "best_ask": "0.83"}], "timestamp": "1769384576630", "event_type": "price_change"}}
{"_local_timestamp": "2026-01-25T23:42:56.729636+00:00", "data": {"market": "0x0bd390a2c7c8fce851fcfe72c02f347686c0a362f5aaab331ffa9c54416c6aa2", "price_changes": [{"asset_id": "88768287981663040695907057042576315713786188072326767683529020944040826691423", "price": "0.08", "size": "0", "side": "BUY", "hash": "a3f45d798e780eb2c782ac7ef529dbb0c9899608", "best_bid": "0.17", "best_ask": "0.21"}, {"asset_id": "17398793204722166217660817067265905985425481568989568628103768246608609488761", "price": "0.92", "size": "0", "side": "SELL", "hash": "bf48d9c37c0aa717441df07667464291f3a4843c", "best_bid": "0.79", "best_ask": "0.83"}], "timestamp": "1769384576635", "event_type": "price_change"}}
{"_local_timestamp": "2026-01-25T23:42:57.174363+00:00", "data": {"market": "0x0bd390a2c7c8fce851fcfe72c02f347686c0a362f5aaab331ffa9c54416c6aa2", "price_changes": [{"asset_id": "88768287981663040695907057042576315713786188072326767683529020944040826691423", "price": "0.21", "size": "89.48", "side": "SELL", "hash": "95cc49045d24035b320f06da7420cca14aaa0386", "best_bid": "0.17", "best_ask": "0.21"}, {"asset_id": "17398793204722166217660817067265905985425481568989568628103768246608609488761", "price": "0.79", "size": "89.48", "side": "BUY", "hash": "15809d30d71b9be3e54344ce3ace3d4978c87acc", "best_bid": "0.79", "best_ask": "0.83"}], "timestamp": "1769384577081", "event_type": "price_change"}}
{"_local_timestamp": "2026-01-25T23:42:57.176107+00:00", "data": {"market": "0x0bd390a2c7c8fce851fcfe72c02f347686c0a362f5aaab331ffa9c54416c6aa2", "price_changes": [{"asset_id": "88768287981663040695907057042576315713786188072326767683529020944040826691423", "price": "0.21", "size": "109.96", "side": "SELL", "hash": "28322e1a145a84efce64876118fb03949a5536c7", "best_bid": "0.17", "best_ask": "0.21"}, {"asset_id": "17398793204722166217660817067265905985425481568989568628103768246608609488761", "price": "0.79", "size": "109.96", "side": "BUY", "hash": "4d090a576598c7e5aed80c536f0901e77182d183", "best_bid": "0.79", "best_ask": "0.83"}], "timestamp": "1769384577082", "event_type": "price_change"}}
{"_local_timestamp": "2026-01-25T23:42:57.177771+00:00", "data": {"market": "0x0bd390a2c7c8fce851fcfe72c02f347686c0a362f5aaab331ffa9c54416c6aa2", "price_changes": [{"asset_id": "88768287981663040695907057042576315713786188072326767683529020944040826691423", "price": "0.21", "size": "130.44", "side": "SELL", "hash": "5360ccfdc05a1b32dd76b766c882e98d01ee3c2e", "best_bid": "0.17", "best_ask": "0.21"}, {"asset_id": "17398793204722166217660817067265905985425481568989568628103768246608609488761", "price": "0.79", "size": "130.44", "side": "BUY", "hash": "ddc929f3796d464de64ec80940b9c0ff25726f21", "best_bid": "0.79", "best_ask": "0.83"}], "timestamp": "1769384577082", "event_type": "price_change"}}
{"_local_timestamp": "2026-01-25T23:42:57.195848+00:00", "data": {"market": "0x0bd390a2c7c8fce851fcfe72c02f347686c0a362f5aaab331ffa9c54416c6aa2", "price_changes": [{"asset_id": "88768287981663040695907057042576315713786188072326767683529020944040826691423", "price": "0.21", "size": "150.92", "side": "SELL", "hash": "ee95303c62c9295c7c1c150d8a94bfc8e0efa80e", "best_bid": "0.17", "best_ask": "0.21"}, {"asset_id": "17398793204722166217660817067265905985425481568989568628103768246608609488761", "price": "0.79", "size": "150.92", "side": "BUY", "hash": "ffa870d21351dba0ca63a9dde39637bd2842d61d", "best_bid": "0.79", "best_ask": "0.83"}], "timestamp": "1769384577092", "event_type": "price_change"}}
{"_local_timestamp": "2026-01-25T23:42:57.277113+00:00", "data": {"market": "0x0bd390a2c7c8fce851fcfe72c02f347686c0a362f5aaab331ffa9c54416c6aa2", "price_changes": [{"asset_id": "88768287981663040695907057042576315713786188072326767683529020944040826691423", "price": "0.04", "size": "87.67", "side": "BUY", "hash": "155ff7fef0c25c7343346235a6b25a4b30c1c24e", "best_bid": "0.17", "best_ask": "0.21"}, {"asset_id": "17398793204722166217660817067265905985425481568989568628103768246608609488761", "price": "0.96", "size": "87.67", "side": "SELL", "hash": "690b4e8ddad1b17f7923653cd77d8d0feb7733b9", "best_bid": "0.79", "best_ask": "0.83"}], "timestamp": "1769384577185", "event_type": "price_change"}}
{"_local_timestamp": "2026-01-25T23:42:59.869811+00:00", "data": {"market": "0x0bd390a2c7c8fce851fcfe72c02f347686c0a362f5aaab331ffa9c54416c6aa2", "price_changes": [{"asset_id": "17398793204722166217660817067265905985425481568989568628103768246608609488761", "price": "0.1", "size": "700", "side": "BUY", "hash": "44d3f37055d80467ce722173f8332d923d3d942e", "best_bid": "0.79", "best_ask": "0.83"}, {"asset_id": "88768287981663040695907057042576315713786188072326767683529020944040826691423", "price": "0.9", "size": "700", "side": "SELL", "hash": "8f3e3fa1d645a31e59e79f91b5e507fe95eb0df7", "best_bid": "0.17", "best_ask": "0.21"}], "timestamp": "1769384579763", "event_type": "price_change"}}
{"_local_timestamp": "2026-01-25T23:42:59.874385+00:00", "data": {"market": "0x0bd390a2c7c8fce851fcfe72c02f347686c0a362f5aaab331ffa9c54416c6aa2", "price_changes": [{"asset_id": "88768287981663040695907057042576315713786188072326767683529020944040826691423", "price": "0.02", "size": "898.75", "side": "BUY", "hash": "040ee7729baf78ef75f5a4153e6db4d95ef6340d", "best_bid": "0.17", "best_ask": "0.21"}, {"asset_id": "17398793204722166217660817067265905985425481568989568628103768246608609488761", "price": "0.98", "size": "898.75", "side": "SELL", "hash": "1ae1bd67a70818a1d53112c2c66d87e43822dacd", "best_bid": "0.79", "best_ask": "0.83"}], "timestamp": "1769384579763", "event_type": "price_change"}}
{"_local_timestamp": "2026-01-25T23:42:59.930645+00:00", "data": {"market": "0x0bd390a2c7c8fce851fcfe72c02f347686c0a362f5aaab331ffa9c54416c6aa2", "price_changes": [{"asset_id": "88768287981663040695907057042576315713786188072326767683529020944040826691423", "price": "0.01", "size": "5326.41", "side": "BUY", "hash": "eb7d32bd92d31deb46593798a6c3b98562b7871d", "best_bid": "0.17", "best_ask": "0.21"}, {"asset_id": "17398793204722166217660817067265905985425481568989568628103768246608609488761", "price": "0.99", "size": "5326.41", "side": "SELL", "hash": "1b34b05befb0d8caedb2acae7563e586501b392e", "best_bid": "0.79", "best_ask": "0.83"}], "timestamp": "1769384579819", "event_type": "price_change"}}
{"_local_timestamp": "2026-01-25T23:43:00.104949+00:00", "data": {"market": "0x0bd390a2c7c8fce851fcfe72c02f347686c0a362f5aaab331ffa9c54416c6aa2", "price_changes": [{"asset_id": "88768287981663040695907057042576315713786188072326767683529020944040826691423", "price": "0.03", "size": "1190.11", "side": "BUY", "hash": "3cad228a19c4ca1452fd1ae39b1440f354045ca2", "best_bid": "0.17", "best_ask": "0.21"}, {"asset_id": "17398793204722166217660817067265905985425481568989568628103768246608609488761", "price": "0.97", "size": "1190.11", "side": "SELL", "hash": "23a8de2bb31692efa9d4d4a1e09a09824cdf02d4", "best_bid": "0.79", "best_ask": "0.83"}], "timestamp": "1769384579998", "event_type": "price_change"}}
{"_local_timestamp": "2026-01-25T23:43:00.173273+00:00", "data": {"market": "0x0bd390a2c7c8fce851fcfe72c02f347686c0a362f5aaab331ffa9c54416c6aa2", "price_changes": [{"asset_id": "88768287981663040695907057042576315713786188072326767683529020944040826691423", "price": "0.02", "size": "2168.85", "side": "BUY", "hash": "4441984c3136302f842bd48c52f735372efb9bae", "best_bid": "0.17", "best_ask": "0.21"}, {"asset_id": "17398793204722166217660817067265905985425481568989568628103768246608609488761", "price": "0.98", "size": "2168.85", "side": "SELL", "hash": "76246b43939a38666ca6794cf5d64e86b253dc24", "best_bid": "0.79", "best_ask": "0.83"}], "timestamp": "1769384580055", "event_type": "price_change"}}
{"_local_timestamp": "2026-01-25T23:43:00.175127+00:00", "data": {"market": "0x0bd390a2c7c8fce851fcfe72c02f347686c0a362f5aaab331ffa9c54416c6aa2", "price_changes": [{"asset_id": "88768287981663040695907057042576315713786188072326767683529020944040826691423", "price": "0.02", "size": "3058.96", "side": "BUY", "hash": "1199c5d3ff7299744e528315c78dc6307642e469", "best_bid": "0.17", "best_ask": "0.21"}, {"asset_id": "17398793204722166217660817067265905985425481568989568628103768246608609488761", "price": "0.98", "size": "3058.96", "side": "SELL", "hash": "4555637cfc1bf61727b1a4886dee4d2d3a33bf7a", "best_bid": "0.79", "best_ask": "0.83"}], "timestamp": "1769384580056", "event_type": "price_change"}}
{"_local_timestamp": "2026-01-25T23:43:14.073016+00:00", "data": {"market": "0x0bd390a2c7c8fce851fcfe72c02f347686c0a362f5aaab331ffa9c54416c6aa2", "price_changes": [{"asset_id": "17398793204722166217660817067265905985425481568989568628103768246608609488761", "price": "0.1", "size": "600", "side": "BUY", "hash": "26de82e6684075046372de1e7956f913409cb7e5", "best_bid": "0.79", "best_ask": "0.83"}, {"asset_id": "88768287981663040695907057042576315713786188072326767683529020944040826691423", "price": "0.9", "size": "600", "side": "SELL", "hash": "6a3585c1903b2b64604b55d142ba85c58332cd3c", "best_bid": "0.17", "best_ask": "0.21"}], "timestamp": "1769384593940", "event_type": "price_change"}}
{"_local_timestamp": "2026-01-25T23:43:14.197613+00:00", "data": {"market": "0x0bd390a2c7c8fce851fcfe72c02f347686c0a362f5aaab331ffa9c54416c6aa2", "price_changes": [{"asset_id": "88768287981663040695907057042576315713786188072326767683529020944040826691423", "price": "0.02", "size": "8.64", "side": "BUY", "hash": "142607cbed313afec62c12f475cf59127fd779ec", "best_bid": "0.17", "best_ask": "0.21"}, {"asset_id": "17398793204722166217660817067265905985425481568989568628103768246608609488761", "price": "0.98", "size": "8.64", "side": "SELL", "hash": "b78dd93623eb4d8bf730a05a79d6c375026d50d4", "best_bid": "0.79", "best_ask": "0.83"}], "timestamp": "1769384594013", "event_type": "price_change"}}
{"_local_timestamp": "2026-01-25T23:43:14.199396+00:00", "data": {"market": "0x0bd390a2c7c8fce851fcfe72c02f347686c0a362f5aaab331ffa9c54416c6aa2", "price_changes": [{"asset_id": "88768287981663040695907057042576315713786188072326767683529020944040826691423", "price": "0.01", "size": "4436.3", "side": "BUY", "hash": "142607cbed313afec62c12f475cf59127fd779ec", "best_bid": "0.17", "best_ask": "0.21"}, {"asset_id": "17398793204722166217660817067265905985425481568989568628103768246608609488761", "price": "0.99", "size": "4436.3", "side": "SELL", "hash": "b78dd93623eb4d8bf730a05a79d6c375026d50d4", "best_bid": "0.79", "best_ask": "0.83"}], "timestamp": "1769384594013", "event_type": "price_change"}}
{"_local_timestamp": "2026-01-25T23:43:14.201044+00:00", "data": {"market": "0x0bd390a2c7c8fce851fcfe72c02f347686c0a362f5aaab331ffa9c54416c6aa2", "price_changes": [{"asset_id": "88768287981663040695907057042576315713786188072326767683529020944040826691423", "price": "0.04", "size": "977.78", "side": "BUY", "hash": "b805ab9543181a8a70362dc2008d5c8d0a38c6ac", "best_bid": "0.17", "best_ask": "0.21"}, {"asset_id": "17398793204722166217660817067265905985425481568989568628103768246608609488761", "price": "0.96", "size": "977.78", "side": "SELL", "hash": "4d0d6b2d70874bced5493f4276817a9bcd8114c5", "best_bid": "0.79", "best_ask": "0.83"}], "timestamp": "1769384594059", "event_type": "price_change"}}
{"_local_timestamp": "2026-01-25T23:43:14.256716+00:00", "data": {"market": "0x0bd390a2c7c8fce851fcfe72c02f347686c0a362f5aaab331ffa9c54416c6aa2", "price_changes": [{"asset_id": "88768287981663040695907057042576315713786188072326767683529020944040826691423", "price": "0.04", "size": "910.78", "side": "BUY", "hash": "fd1618e11ee0d0e4dd67a938b5777355aa69167b", "best_bid": "0.17", "best_ask": "0.21"}, {"asset_id": "17398793204722166217660817067265905985425481568989568628103768246608609488761", "price": "0.96", "size": "910.78", "side": "SELL", "hash": "cacc6c63aaf6ff0a42b45d7fd374fa06adb6a1c0", "best_bid": "0.79", "best_ask": "0.83"}], "timestamp": "1769384594101", "event_type": "price_change"}}
{"_local_timestamp": "2026-01-25T23:43:14.258681+00:00", "data": {"market": "0x0bd390a2c7c8fce851fcfe72c02f347686c0a362f5aaab331ffa9c54416c6aa2", "price_changes": [{"asset_id": "88768287981663040695907057042576315713786188072326767683529020944040826691423", "price": "0.05", "size": "67", "side": "BUY", "hash": "447201f5f9f3c7068982e02be777294fd5ccd48b", "best_bid": "0.17", "best_ask": "0.21"}, {"asset_id": "17398793204722166217660817067265905985425481568989568628103768246608609488761", "price": "0.95", "size": "67", "side": "SELL", "hash": "8421104ba4749daef813310450ad1d99a3a4fc00", "best_bid": "0.79", "best_ask": "0.83"}], "timestamp": "1769384594109", "event_type": "price_change"}}
{"_local_timestamp": "2026-01-25T23:43:14.385083+00:00", "data": {"market": "0x0bd390a2c7c8fce851fcfe72c02f347686c0a362f5aaab331ffa9c54416c6aa2", "price_changes": [{"asset_id": "17398793204722166217660817067265905985425481568989568628103768246608609488761", "price": "0.11", "size": "4263.05", "side": "BUY", "hash": "cadc11c6ed63827cb3a6472a8d20c039f26d3390", "best_bid": "0.79", "best_ask": "0.83"}, {"asset_id": "88768287981663040695907057042576315713786188072326767683529020944040826691423", "price": "0.89", "size": "4263.05", "side": "SELL", "hash": "f7b0e5c4e7b46340e38c4945c57c4d03b6f3afe5", "best_bid": "0.17", "best_ask": "0.21"}], "timestamp": "1769384594251", "event_type": "price_change"}}
{"_local_timestamp": "2026-01-25T23:43:14.578291+00:00", "data": {"market": "0x0bd390a2c7c8fce851fcfe72c02f347686c0a362f5aaab331ffa9c54416c6aa2", "price_changes": [{"asset_id": "88768287981663040695907057042576315713786188072326767683529020944040826691423", "price": "0.21", "size": "69", "side": "SELL", "hash": "7eb7dc32e34d545e68e4659c483c12919f7cc6f9", "best_bid": "0.17", "best_ask": "0.21"}, {"asset_id": "17398793204722166217660817067265905985425481568989568628103768246608609488761", "price": "0.79", "size": "69", "side": "BUY", "hash": "d4744b1a35b267d3ad0fef078b3a8ee81b798cea", "best_bid": "0.79", "best_ask": "0.83"}], "timestamp": "1769384594439", "event_type": "price_change"}}
{"_local_timestamp": "2026-01-25T23:43:15.581462+00:00", "data": {"market": "0x0bd390a2c7c8fce851fcfe72c02f347686c0a362f5aaab331ffa9c54416c6aa2", "price_changes": [{"asset_id": "17398793204722166217660817067265905985425481568989568628103768246608609488761", "price": "0.1", "size": "200", "side": "BUY", "hash": "5786673260b87894b3256902d5ef41fc305a27cf", "best_bid": "0.79", "best_ask": "0.83"}, {"asset_id": "88768287981663040695907057042576315713786188072326767683529020944040826691423", "price": "0.9", "size": "200", "side": "SELL", "hash": "fd63c10849052b2bb9b76f49a87c43caa39ef422", "best_bid": "0.17", "best_ask": "0.21"}], "timestamp": "1769384595443", "event_type": "price_change"}}
{"_local_timestamp": "2026-01-25T23:43:15.652850+00:00", "data": {"market": "0x0bd390a2c7c8fce851fcfe72c02f347686c0a362f5aaab331ffa9c54416c6aa2", "price_changes": [{"asset_id": "17398793204722166217660817067265905985425481568989568628103768246608609488761", "price": "0.08", "size": "890.11", "side": "BUY", "hash": "e480d585068982a9347befca7298f1ef86ee178b", "best_bid": "0.79", "best_ask": "0.83"}, {"asset_id": "88768287981663040695907057042576315713786188072326767683529020944040826691423", "price": "0.92", "size": "890.11", "side": "SELL", "hash": "5bd825c3c5cbaab4e720d233bd40f7f583d825b9", "best_bid": "0.17", "best_ask": "0.21"}], "timestamp": "1769384595517", "event_type": "price_change"}}
{"_local_timestamp": "2026-01-25T23:43:15.656723+00:00", "data": {"market": "0x0bd390a2c7c8fce851fcfe72c02f347686c0a362f5aaab331ffa9c54416c6aa2", "price_changes": [{"asset_id": "17398793204722166217660817067265905985425481568989568628103768246608609488761", "price": "0.08", "size": "2887.22", "side": "BUY", "hash": "03a977800c9a852553d323b573fee6af2b5346f8", "best_bid": "0.79", "best_ask": "0.83"}, {"asset_id": "88768287981663040695907057042576315713786188072326767683529020944040826691423", "price": "0.92", "size": "2887.22", "side": "SELL", "hash": "268a4fb8c88dc277aeb014e8e3e16aca0a23de27", "best_bid": "0.17", "best_ask": "0.21"}], "timestamp": "1769384595518", "event_type": "price_change"}}
{"_local_timestamp": "2026-01-25T23:43:15.708907+00:00", "data": {"market": "0x0bd390a2c7c8fce851fcfe72c02f347686c0a362f5aaab331ffa9c54416c6aa2", "price_changes": [{"asset_id": "17398793204722166217660817067265905985425481568989568628103768246608609488761", "price": "0.08", "size": "4157.32", "side": "BUY", "hash": "70fbeb9122a539cf6dbfbd60362c388b8bbd442d", "best_bid": "0.79", "best_ask": "0.83"}, {"asset_id": "88768287981663040695907057042576315713786188072326767683529020944040826691423", "price": "0.92", "size": "4157.32", "side": "SELL", "hash": "e3c9fffb90248f91714811c37a8c0ba290cf2a63", "best_bid": "0.17", "best_ask": "0.21"}], "timestamp": "1769384595574", "event_type": "price_change"}}
{"_local_timestamp": "2026-01-25T23:43:15.861347+00:00", "data": {"market": "0x0bd390a2c7c8fce851fcfe72c02f347686c0a362f5aaab331ffa9c54416c6aa2", "price_changes": [{"asset_id": "17398793204722166217660817067265905985425481568989568628103768246608609488761", "price": "0.11", "size": "4663.05", "side": "BUY", "hash": "64766c071e38c1a2331d0ea07da1fa96dc2c5b09", "best_bid": "0.79", "best_ask": "0.83"}, {"asset_id": "88768287981663040695907057042576315713786188072326767683529020944040826691423", "price": "0.89", "size": "4663.05", "side": "SELL", "hash": "049e9b44165ede94f872e3ae0eab72e8c52ca248", "best_bid": "0.17", "best_ask": "0.21"}], "timestamp": "1769384595723", "event_type": "price_change"}}
{"_local_timestamp": "2026-01-25T23:43:16.174172+00:00", "data": {"market": "0x0bd390a2c7c8fce851fcfe72c02f347686c0a362f5aaab331ffa9c54416c6aa2", "price_changes": [{"asset_id": "17398793204722166217660817067265905985425481568989568628103768246608609488761", "price": "0.1", "size": "100", "side": "BUY", "hash": "f22ba33d5a23dbf722771f35a6d9aafbd924cd6c", "best_bid": "0.79", "best_ask": "0.83"}, {"asset_id": "88768287981663040695907057042576315713786188072326767683529020944040826691423", "price": "0.9", "size": "100", "side": "SELL", "hash": "affa4ba76372c3397ebac7d4d0ba86e81afd7d08", "best_bid": "0.17", "best_ask": "0.21"}], "timestamp": "1769384596012", "event_type": "price_change"}}
