{"_local_timestamp": "2026-01-25T23:34:23.614650+00:00", "data": [{"market": "0x2cd5ce7a857857ee278f88a0b70571b9099536198193d2e9c33368bdf26f7091", "asset_id": "42344517171103205821512724044036048795777381658124834386631851649689374995523", "timestamp": "1769383983982", "hash": "1a12bcd47923e8aaa3bf3c18f1d40e8460a13702", "bids": [{"price": "0.01", "size": "10348.82"}, {"price": "0.02", "size": "49.27"}, {"price": "0.08", "size": "1140.11"}, {"price": "0.09", "size": "890.11"}], "asks": [{"price": "0.99", "size": "10355.24"}, {"price": "0.98", "size": "25.56"}, {"price": "0.97", "size": "4157.32"}, {"price": "0.96", "size": "1140.11"}, {"price": "0.95", "size": "896.12"}], "event_type": "book", "last_trade_price": ""}, {"market": "0x9b7f41d257380c960afe5baadf8224eafb78e1453258c4a5128ffca74d2d1ab3", "asset_id": "80236103211521680982574555212173852472688983117232368666043083870120280500550", "timestamp": "1769383983582", "hash": "1c57a5dce89ca7049d2e5a348b29b78b5af07ae0", "bids": [{"price": "0.01", "size": "7884.01"}, {"price": "0.02", "size": "11053.57"}, {"price": "0.03", "size": "12.74"}, {"price": "0.05", "size": "7"}, {"price": "0.06", "size": "177.95"}], "asks": [{"price": "0.99", "size": "1884.9"}, {"price": "0.98", "size": "5054.46"}, {"price": "0.97", "size": "23.71"}, {"price": "0.94", "size": "1140.11"}, {"price": "0.93", "size": "1033.11"}], "event_type": "book", "last_trade_price": ""}, {"market": "0x9e47145baaf2202a208c89b6cf418547d9dcd68594666cf18757c2fe15f5a279", "asset_id": "77527855928616728678227235523703347129752127670139127845926938071302229093565", "timestamp": "1769383983025", "hash": "22c1c4f89a9b86fe302c653e95b55899e6e8da4e", "bids": [{"price": "0.01", "size": "202.04"}, {"price": "0.02", "size": "117.48"}, {"price": "0.03", "size": "18.99"}, {"price": "0.04", "size": "29.99"}], "asks": [{"price": "0.99", "size": "194.79"}, {"price": "0.98", "size": "97.03"}, {"price": "0.97", "size": "23.71"}, {"price": "0.95", "size": "23.99"}, {"price": "0.94", "size": "5.47"}], "event_type": "book", "last_trade_price": ""}, {"market": "0x9b7f41d257380c960afe5baadf8224eafb78e1453258c4a5128ffca74d2d1ab3", "asset_id": "13591991151685092421746265884432176609286592051432586020242273140673134879650", "timestamp": "1769383983582", "hash": "f313fa808191120f7da9c9f86ea02a3b5148f500", "bids": [{"price": "0.01", "size": "1884.9"}, {"price": "0.02", "size": "5054.46"}, {"price": "0.03", "size": "23.71"}, {"price": "0.06", "size": "1140.11"}, {"price": "0.07", "size": "1033.11"}], "asks": [{"price": "0.99", "size": "7884.01"}, {"price": "0.98", "size": "11053.57"}, {"price": "0.97", "size": "12.74"}, {"price": "0.95", "size": "7"}, {"price": "0.94", "size": "177.95"}], "event_type": "book", "last_trade_price": ""}, {"market": "0x9e47145baaf2202a208c89b6cf418547d9dcd68594666cf18757c2fe15f5a279", "asset_id": "97691760742382012665107890681886880976366379104292070260202756391254813451500", "timestamp": "1769383983025", "hash": "e68d1c6869434fe38ecfbff433ca9fa6d409a8bb", "bids": [{"price": "0.01", "size": "194.79"}, {"price": "0.02", "size": "97.03"}, {"price": "0.03", "size": "23.71"}, {"price": "0.05", "size": "23.99"}, {"price": "0.06", "size": "5.47"}], "asks": [{"price": "0.99", "size": "202.04"}, {"price": "0.98", "size": "117.48"}, {"price": "0.97", "size": "18.99"}, {"price": "0.96", "size": "29.99"}], "event_type": "book", "last_trade_price": ""}, {"market": "0x8c03e43bdade2fc8b6d4b42641628ca4f2ebabce33f1408a97f97d6f07a2c551", "asset_id": "91127612877358479616534029335326292719506607413550073866497440380785160686994", "timestamp": "1769383985346", "hash": "aeafc9cb528d516de880407564ebeb5028aa8d3d", "bids": [{"price": "0.01", "size": "10404.22"}, {"price": "0.02", "size": "42.6"}, {"price": "0.06", "size": "1140.11"}, {"price": "0.07", "size": "895.58"}], "asks": [{"price": "0.99", "size": "11301.58"}, {"price": "0.98", "size": "910.57"}, {"price": "0.97", "size": "1140.11"}, {"price": "0.96", "size": "929.35"}], "event_type": "book", "last_trade_price": ""}, {"market": "0x2cd5ce7a857857ee278f88a0b70571b9099536198193d2e9c33368bdf26f7091", "asset_id": "52840474195495457424087329238387194188527647402715994812669547554156163206566", "timestamp": "1769383983982", "hash": "50768e7dd45692d346a95405247f9e7e7ab6c5d0", "bids": [{"price": "0.01", "size": "10355.24"}, {"price": "0.02", "size": "25.56"}, {"price": "0.03", "size": "4157.32"}, {"price": "0.04", "size": "1140.11"}, {"price": "0.05", "size": "896.12"}], "asks": [{"price": "0.99", "size": "10348.82"}, {"price": "0.98", "size": "49.27"}, {"price": "0.92", "size": "1140.11"}, {"price": "0.91", "size": "890.11"}], "event_type": "book", "last_trade_price": ""}, {"market": "0xaaf9c97d41fe3cd20f89434da4a2a30e6ac9e4571cb2e89543c15125c3334363", "asset_id": "19933571569591961478642798146195655663245214176035318039841478863062068099314", "timestamp": "1769383974421", "hash": "c04c05f5eceee33d8154d5fccd81f358dff284cb", "bids": [{"price": "0.01", "size": "11248.58"}, {"price": "0.02", "size": "20.46"}, {"price": "0.03", "size": "250"}, {"price": "0.04", "size": "39.24"}], "asks": [{"price": "0.99", "size": "11241.33"}, {"price": "0.98", "size": "26.15"}, {"price": "0.95", "size": "250"}, {"price": "0.94", "size": "10.95"}], "event_type": "book", "last_trade_price": ""}, {"market": "0x8c03e43bdade2fc8b6d4b42641628ca4f2ebabce33f1408a97f97d6f07a2c551", "asset_id": "77971686823944505245998654649570728138906483396386406032696700452891123471193", "timestamp": "1769383985346", "hash": "7c9ff7f0196f91e081233b2a072bd7390623b5e5", "bids": [{"price": "0.01", "size": "11301.58"}, {"price": "0.02", "size": "910.57"}, {"price": "0.03", "size": "1140.11"}, {"price": "0.04", "size": "929.35"}], "asks": [{"price": "0.99", "size": "10404.22"}, {"price": "0.98", "size": "42.6"}, {"price": "0.94", "size": "1140.11"}, {"price": "0.93", "size": "895.58"}], "event_type": "book", "last_trade_price": ""}, {"market": "0xaaf9c97d41fe3cd20f89434da4a2a30e6ac9e4571cb2e89543c15125c3334363", "asset_id": "17446002811121401295276676630411923177096509501182976889261615360225712433037", "timestamp": "1769383974421", "hash": "7962addc2b11cfec2860e4afe7e2688764efb509", "bids": [{"price": "0.01", "size": "11241.33"}, {"price": "0.02", "size": "26.15"}, {"price": "0.05", "size": "250"}, {"price": "0.06", "size": "10.95"}], "asks": [{"price": "0.99", "size": "11248.58"}, {"price": "0.98", "size": "20.46"}, {"price": "0.97", "size": "250"}, {"price": "0.96", "size": "39.24"}], "event_type": "book", "last_trade_price": ""}]}
{"_local_timestamp": "2026-01-25T23:34:33.665731+00:00", "data": {"market": "0x9e47145baaf2202a208c89b6cf418547d9dcd68594666cf18757c2fe15f5a279", "price_changes": [{"asset_id": "97691760742382012665107890681886880976366379104292070260202756391254813451500", "price": "0.05", "size": "0", "side": "BUY", "hash": "931e891c3322fc5505f881b6c59e9537adb9d78e", "best_bid": "0.06", "best_ask": "0.96"}, {"asset_id": "77527855928616728678227235523703347129752127670139127845926938071302229093565", "price": "0.95", "size": "0", "side": "SELL", "hash": "861724af03eeca977cc278969c595ca755036782", "best_bid": "0.04", "best_ask": "0.94"}], "timestamp": "1769384073594", "event_type": "price_change"}}
{"_local_timestamp": "2026-01-25T23:34:35.130686+00:00", "data": {"market": "0x9e47145baaf2202a208c89b6cf418547d9dcd68594666cf18757c2fe15f5a279", "price_changes": [{"asset_id": "97691760742382012665107890681886880976366379104292070260202756391254813451500", "price": "0.06", "size": "0", "side": "BUY", "hash": "a6349e6b941cdac5b99ec6b5c9aa8cc07b282633", "best_bid": "0.03", "best_ask": "0.96"}, {"asset_id": "77527855928616728678227235523703347129752127670139127845926938071302229093565", "price": "0.94", "size": "0", "side": "SELL", "hash": "a84020b2d47b467981241c5209a95d154138e591", "best_bid": "0.04", "best_ask": "0.97"}], "timestamp": "1769384075057", "event_type": "price_change"}}
{"_local_timestamp": "2026-01-25T23:34:35.469086+00:00", "data": {"market": "0x9e47145baaf2202a208c89b6cf418547d9dcd68594666cf18757c2fe15f5a279", "price_changes": [{"asset_id": "97691760742382012665107890681886880976366379104292070260202756391254813451500", "price": "0.04", "size": "5.47", "side": "BUY", "hash": "0960a59d753c01072753f7ba25aa2445e796b170", "best_bid": "0.04", "best_ask": "0.96"}, {"asset_id": "77527855928616728678227235523703347129752127670139127845926938071302229093565", "price": "0.96", "size": "5.47", "side": "SELL", "hash": "8c209f61427a28d84ea25ee87dbc94781ebbbaa0", "best_bid": "0.04", "best_ask": "0.96"}], "timestamp": "1769384075390", "event_type": "price_change"}}
{"_local_timestamp": "2026-01-25T23:35:45.967777+00:00", "data": {"market": "0x9e47145baaf2202a208c89b6cf418547d9dcd68594666cf18757c2fe15f5a279", "price_changes": [{"asset_id": "97691760742382012665107890681886880976366379104292070260202756391254813451500", "price": "0.03", "size": "12.74", "side": "BUY", "hash": "828bc328537fefbb0b196b3972c6759574df2cca", "best_bid": "0.04", "best_ask": "0.96"}, {"asset_id": "77527855928616728678227235523703347129752127670139127845926938071302229093565", "price": "0.97", "size": "12.74", "side": "SELL", "hash": "0087954e9cb77ddcc61d5446f68512bd8b990f1c", "best_bid": "0.04", "best_ask": "0.96"}], "timestamp": "1769384145902", "event_type": "price_change"}}
{"_local_timestamp": "2026-01-25T23:35:45.968960+00:00", "data": {"market": "0x8c03e43bdade2fc8b6d4b42641628ca4f2ebabce33f1408a97f97d6f07a2c551", "price_changes": [{"asset_id": "77971686823944505245998654649570728138906483396386406032696700452891123471193", "price": "0.02", "size": "890.11", "side": "BUY", "hash": "b62009a8e7209b0857e852b1c2f3b3610c0ada64", "best_bid": "0.04", "best_ask": "0.93"}, {"asset_id": "91127612877358479616534029335326292719506607413550073866497440380785160686994", "price": "0.98", "size": "890.11", "side": "SELL", "hash": "ba3cc621dd116014611a786bbf6f62bb564b8ba9", "best_bid": "0.07", "best_ask": "0.96"}], "timestamp": "1769384145902", "event_type": "price_change"}}
{"_local_timestamp": "2026-01-25T23:35:45.995666+00:00", "data": {"market": "0x8c03e43bdade2fc8b6d4b42641628ca4f2ebabce33f1408a97f97d6f07a2c551", "price_changes": [{"asset_id": "77971686823944505245998654649570728138906483396386406032696700452891123471193", "price": "0.02", "size": "0", "side": "BUY", "hash": "637f0d67ed3787b105e0e3ba62e6588723d07e8a", "best_bid": "0.04", "best_ask": "0.93"}, {"asset_id": "91127612877358479616534029335326292719506607413550073866497440380785160686994", "price": "0.98", "size": "0", "side": "SELL", "hash": "e51e3d729a5a552792d30d369e94f1c14d6049df", "best_bid": "0.07", "best_ask": "0.96"}], "timestamp": "1769384145932", "event_type": "price_change"}}
{"_local_timestamp": "2026-01-25T23:35:45.996076+00:00", "data": {"market": "0x8c03e43bdade2fc8b6d4b42641628ca4f2ebabce33f1408a97f97d6f07a2c551", "price_changes": [{"asset_id": "77971686823944505245998654649570728138906483396386406032696700452891123471193", "price": "0.01", "size": "10411.47", "side": "BUY", "hash": "637f0d67ed3787b105e0e3ba62e6588723d07e8a", "best_bid": "0.04", "best_ask": "0.93"}, {"asset_id": "91127612877358479616534029335326292719506607413550073866497440380785160686994", "price": "0.99", "size": "10411.47", "side": "SELL", "hash": "e51e3d729a5a552792d30d369e94f1c14d6049df", "best_bid": "0.07", "best_ask": "0.96"}], "timestamp": "1769384145932", "event_type": "price_change"}}
{"_local_timestamp": "2026-01-25T23:35:46.558623+00:00", "data": {"market": "0x9e47145baaf2202a208c89b6cf418547d9dcd68594666cf18757c2fe15f5a279", "price_changes": [{"asset_id": "97691760742382012665107890681886880976366379104292070260202756391254813451500", "price": "0.01", "size": "203.97", "side": "BUY", "hash": "fb48f3aa5873192e5f88738a8cca44934ca49000", "best_bid": "0.04", "best_ask": "0.96"}, {"asset_id": "77527855928616728678227235523703347129752127670139127845926938071302229093565", "price": "0.99", "size": "203.97", "side": "SELL", "hash": "64a56c8f053add18eee3a1c5cce26c450ddf6364", "best_bid": "0.04", "best_ask": "0.96"}], "timestamp": "1769384146496", "event_type": "price_change"}}
{"_local_timestamp": "2026-01-25T23:35:46.559002+00:00", "data": {"market": "0x8c03e43bdade2fc8b6d4b42641628ca4f2ebabce33f1408a97f97d6f07a2c551", "price_changes": [{"asset_id": "77971686823944505245998654649570728138906483396386406032696700452891123471193", "price": "0.02", "size": "20.48", "side": "BUY", "hash": "d1322176935643e6ea493d792acd046a7eded592", "best_bid": "0.04", "best_ask": "0.93"}, {"asset_id": "91127612877358479616534029335326292719506607413550073866497440380785160686994", "price": "0.98", "size": "20.48", "side": "SELL", "hash": "67cd48de6f2a510779c8e3e7db7c3bd90f5c5d23", "best_bid": "0.07", "best_ask": "0.96"}], "timestamp": "1769384146496", "event_type": "price_change"}}
{"_local_timestamp": "2026-01-25T23:35:46.559336+00:00", "data": {"market": "0x9e47145baaf2202a208c89b6cf418547d9dcd68594666cf18757c2fe15f5a279", "price_changes": [{"asset_id": "97691760742382012665107890681886880976366379104292070260202756391254813451500", "price": "0.03", "size": "20.65", "side": "BUY", "hash": "215862eb6f8da4ba05cd785d10169d09dbb607bf", "best_bid": "0.04", "best_ask": "0.96"}, {"asset_id": "77527855928616728678227235523703347129752127670139127845926938071302229093565", "price": "0.97", "size": "20.65", "side": "SELL", "hash": "d5ab75eeced7f10679c193930d42b3faaebfade1", "best_bid": "0.04", "best_ask": "0.96"}], "timestamp": "1769384146497", "event_type": "price_change"}}
{"_local_timestamp": "2026-01-25T23:36:05.856820+00:00", "data": {"market": "0x9e47145baaf2202a208c89b6cf418547d9dcd68594666cf18757c2fe15f5a279", "price_changes": [{"asset_id": "97691760742382012665107890681886880976366379104292070260202756391254813451500", "price": "0.05", "size": "23.99", "side": "BUY", "hash": "3bd253ab0df215db9cf638cf555e872d382b558b", "best_bid": "0.05", "best_ask": "0.96"}, {"asset_id": "77527855928616728678227235523703347129752127670139127845926938071302229093565", "price": "0.95", "size": "23.99", "side": "SELL", "hash": "cf81952b59682af3beb1bffdacd533684e3f0ad6", "best_bid": "0.04", "best_ask": "0.95"}], "timestamp": "1769384165775", "event_type": "price_change"}}
{"_local_timestamp": "2026-01-25T23:36:09.251766+00:00", "data": {"market": "0x9e47145baaf2202a208c89b6cf418547d9dcd68594666cf18757c2fe15f5a279", "price_changes": [{"asset_id": "97691760742382012665107890681886880976366379104292070260202756391254813451500", "price": "0.04", "size": "0", "side": "BUY", "hash": "e2a27a53ebbda0a20b6b4850342d76c519986eb5", "best_bid": "0.05", "best_ask": "0.96"}, {"asset_id": "77527855928616728678227235523703347129752127670139127845926938071302229093565", "price": "0.96", "size": "0", "side": "SELL", "hash": "027b949226d1a65829fe13e057d7a7632307cd60", "best_bid": "0.04", "best_ask": "0.95"}], "timestamp": "1769384169172", "event_type": "price_change"}}
{"_local_timestamp": "2026-01-25T23:36:09.630715+00:00", "data": {"market": "0x9e47145baaf2202a208c89b6cf418547d9dcd68594666cf18757c2fe15f5a279", "price_changes": [{"asset_id": "97691760742382012665107890681886880976366379104292070260202756391254813451500", "price": "0.06", "size": "5.47", "side": "BUY", "hash": "a3862e14e5cc23934beaf8d9ee737c93ec4ca8e8", "best_bid": "0.06", "best_ask": "0.96"}, {"asset_id": "77527855928616728678227235523703347129752127670139127845926938071302229093565", "price": "0.94", "size": "5.47", "side": "SELL", "hash": "b6e4317bea1df84d00a767ee50b47caa869d6dd4", "best_bid": "0.04", "best_ask": "0.94"}], "timestamp": "1769384169564", "event_type": "price_change"}}
{"_local_timestamp": "2026-01-25T23:37:43.245837+00:00", "data": {"market": "0x9e47145baaf2202a208c89b6cf418547d9dcd68594666cf18757c2fe15f5a279", "price_changes": [{"asset_id": "97691760742382012665107890681886880976366379104292070260202756391254813451500", "price": "0.05", "size": "0", "side": "BUY", "hash": "025f0f0f05e711efa1f4ddaaddf8f489b7773817", "best_bid": "0.06", "best_ask": "0.96"}, {"asset_id": "77527855928616728678227235523703347129752127670139127845926938071302229093565", "price": "0.95", "size": "0", "side": "SELL", "hash": "fc6a1d00266a04c434cff877364ed3e0f20173dd", "best_bid": "0.04", "best_ask": "0.94"}], "timestamp": "1769384263172", "event_type": "price_change"}}
{"_local_timestamp": "2026-01-25T23:37:46.243434+00:00", "data": {"market": "0x9e47145baaf2202a208c89b6cf418547d9dcd68594666cf18757c2fe15f5a279", "price_changes": [{"asset_id": "97691760742382012665107890681886880976366379104292070260202756391254813451500", "price": "0.06", "size": "0", "side": "BUY", "hash": "05f242fe8ab00f9c48e499ca99da4fe0ce517847", "best_bid": "0.03", "best_ask": "0.96"}, {"asset_id": "77527855928616728678227235523703347129752127670139127845926938071302229093565", "price": "0.94", "size": "0", "side": "SELL", "hash": "d2556631e2f222f808fd2fea6251eff32ca02ae9", "best_bid": "0.04", "best_ask": "0.97"}], "timestamp": "1769384266142", "event_type": "price_change"}}
{"_local_timestamp": "2026-01-25T23:37:46.543015+00:00", "data": {"market": "0x9e47145baaf2202a208c89b6cf418547d9dcd68594666cf18757c2fe15f5a279", "price_changes": [{"asset_id": "97691760742382012665107890681886880976366379104292070260202756391254813451500", "price": "0.04", "size": "5.47", "side": "BUY", "hash": "c6858c9ea2e166ceeb607ae3530f75f63f61a8b4", "best_bid": "0.04", "best_ask": "0.96"}, {"asset_id": "77527855928616728678227235523703347129752127670139127845926938071302229093565", "price": "0.96", "size": "5.47", "side": "SELL", "hash": "bde28dc7452bb366ec48e09be21e87963d8442e2", "best_bid": "0.04", "best_ask": "0.96"}], "timestamp": "1769384266466", "event_type": "price_change"}}
{"_local_timestamp": "2026-01-25T23:39:12.567452+00:00", "data": {"market": "0x9e47145baaf2202a208c89b6cf418547d9dcd68594666cf18757c2fe15f5a279", "price_changes": [{"asset_id": "97691760742382012665107890681886880976366379104292070260202756391254813451500", "price": "0.05", "size": "23.99", "side": "BUY", "hash": "35055e779f085acddc9345c66f18215b4c9841a8", "best_bid": "0.05", "best_ask": "0.96"}, {"asset_id": "77527855928616728678227235523703347129752127670139127845926938071302229093565", "price": "0.95", "size": "23.99", "side": "SELL", "hash": "024e176334e9ef3745194706a64a4ae5e2207269", "best_bid": "0.04", "best_ask": "0.95"}], "timestamp": "1769384352495", "event_type": "price_change"}}
{"_local_timestamp": "2026-01-25T23:39:15.223535+00:00", "data": {"market": "0x9e47145baaf2202a208c89b6cf418547d9dcd68594666cf18757c2fe15f5a279", "price_changes": [{"asset_id": "97691760742382012665107890681886880976366379104292070260202756391254813451500", "price": "0.04", "size": "0", "side": "BUY", "hash": "221e4a6b9affc31ac065b02c0ca779fd39f220a2", "best_bid": "0.05", "best_ask": "0.96"}, {"asset_id": "77527855928616728678227235523703347129752127670139127845926938071302229093565", "price": "0.96", "size": "0", "side": "SELL", "hash": "fcd3c6888c7d44acfca4618a73213a8b66c20912", "best_bid": "0.04", "best_ask": "0.95"}], "timestamp": "1769384355091", "event_type": "price_change"}}
{"_local_timestamp": "2026-01-25T23:39:15.649762+00:00", "data": {"market": "0x9e47145baaf2202a208c89b6cf418547d9dcd68594666cf18757c2fe15f5a279", "price_changes": [{"asset_id": "97691760742382012665107890681886880976366379104292070260202756391254813451500", "price": "0.06", "size": "5.47", "side": "BUY", "hash": "d9960a796a87734765e8e54a757d00a1958da3d6", "best_bid": "0.06", "best_ask": "0.96"}, {"asset_id": "77527855928616728678227235523703347129752127670139127845926938071302229093565", "price": "0.94", "size": "5.47", "side": "SELL", "hash": "ce3dfbdd7098654be4b29841e64a482474cce3d5", "best_bid": "0.04", "best_ask": "0.94"}], "timestamp": "1769384355576", "event_type": "price_change"}}
