{"_local_timestamp": "2026-01-25T23:33:59.909004+00:00", "data": [{"market": "0x0bd390a2c7c8fce851fcfe72c02f347686c0a362f5aaab331ffa9c54416c6aa2", "asset_id": "17398793204722166217660817067265905985425481568989568628103768246608609488761", "timestamp": "1769384039000", "hash": "dd77347d1cdf113179d2c519a75ffdad45bbc3da", "bids": [{"price": "0.01", "size": "9481.81"}, {"price": "0.02", "size": "1800"}, {"price": "0.03", "size": "9.08"}, {"price": "0.07", "size": "1500"}, {"price": "0.08", "size": "4357.32"}, {"price": "0.09", "size": "419"}, {"price": "0.1", "size": "106.3"}, {"price": "0.16", "size": "1090.11"}, {"price": "0.17", "size": "890.11"}, {"price": "0.5", "size": "20"}, {"price": "0.76", "size": "150"}, {"price": "0.77", "size": "50"}, {"price": "0.78", "size": "100"}, {"price": "0.79", "size": "69"}], "asks": [{"price": "0.99", "size": "5326.41"}, {"price": "0.98", "size": "3058.96"}, {"price": "0.96", "size": "895.56"}, {"price": "0.95", "size": "890.11"}, {"price": "0.93", "size": "76.7"}, {"price": "0.9", "size": "90"}, {"price": "0.88", "size": "110"}, {"price": "0.87", "size": "27"}, {"price": "0.86", "size": "737"}, {"price": "0.85", "size": "149"}, {"price": "0.84", "size": "715.86"}, {"price": "0.83", "size": "20994.01"}], "event_type": "book", "last_trade_price": "0.170"}, {"market": "0x0bd390a2c7c8fce851fcfe72c02f347686c0a362f5aaab331ffa9c54416c6aa2", "asset_id": "88768287981663040695907057042576315713786188072326767683529020944040826691423", "timestamp": "1769384039000", "hash": "f2fa26149a42bfbf5392ea1e6a5c04e28992202f", "bids": [{"price": "0.01", "size": "5326.41"}, {"price": "0.02", "size": "3058.96"}, {"price": "0.04", "size": "895.56"}, {"price": "0.05", "size": "890.11"}, {"price": "0.07", "size": "76.7"}, {"price": "0.1", "size": "90"}, {"price": "0.12", "size": "110"}, {"price": "0.13", "size": "27"}, {"price": "0.14", "size": "737"}, {"price": "0.15", "size": "149"}, {"price": "0.16", "size": "715.86"}, {"price": "0.17", "size": "20994.01"}], "asks": [{"price": "0.99", "size": "9481.81"}, {"price": "0.98", "size": "1800"}, {"price": "0.97", "size": "9.08"}, {"price": "0.93", "size": "1500"}, {"price": "0.92", "size": "4357.32"}, {"price": "0.91", "size": "419"}, {"price": "0.9", "size": "106.3"}, {"price": "0.84", "size": "1090.11"}, {"price": "0.83", "size": "890.11"}, {"price": "0.5", "size": "20"}, {"price": "0.24", "size": "150"}, {"price": "0.23", "size": "50"}, {"price": "0.22", "size": "100"}, {"price": "0.21", "size": "69"}], "event_type": "book", "last_trade_price": "0.170"}]}
{"_local_timestamp": "2026-01-25T23:34:03.733017+00:00", "data": {"market": "0x0bd390a2c7c8fce851fcfe72c02f347686c0a362f5aaab331ffa9c54416c6aa2", "price_changes": [{"asset_id": "17398793204722166217660817067265905985425481568989568628103768246608609488761", "price": "0.1", "size": "6.3", "side": "BUY", "hash": "e1c10bc2907124fc4ed62e1402dfec0ca59a5647", "best_bid": "0.79", "best_ask": "0.83"}, {"asset_id": "88768287981663040695907057042576315713786188072326767683529020944040826691423", "price": "0.9", "size": "6.3", "side": "SELL", "hash": "d281b1732f74d11c13df491103643b639c852bf4", "best_bid": "0.17", "best_ask": "0.21"}], "timestamp": "1769384043515", "event_type": "price_change"}}
{"_local_timestamp": "2026-01-25T23:34:04.025520+00:00", "data": {"market": "0x0bd390a2c7c8fce851fcfe72c02f347686c0a362f5aaab331ffa9c54416c6aa2", "price_changes": [{"asset_id": "17398793204722166217660817067265905985425481568989568628103768246608609488761", "price": "0.11", "size": "100", "side": "BUY", "hash": "3aea8df606d19d38b37f096edf611eac17013f01", "best_bid": "0.79", "best_ask": "0.83"}, {"asset_id": "88768287981663040695907057042576315713786188072326767683529020944040826691423", "price": "0.89", "size": "100", "side": "SELL", "hash": "9eec18ba568e114792c278468b962dea10716cd9", "best_bid": "0.17", "best_ask": "0.21"}], "timestamp": "1769384043807", "event_type": "price_change"}}
{"_local_timestamp": "2026-01-25T23:34:04.408928+00:00", "data": {"market": "0x0bd390a2c7c8fce851fcfe72c02f347686c0a362f5aaab331ffa9c54416c6aa2", "price_changes": [{"asset_id": "17398793204722166217660817067265905985425481568989568628103768246608609488761", "price": "0.08", "size": "4257.32", "side": "BUY", "hash": "b4334d44b4d36bd48aa09ab222aa785eeb1d06c7", "best_bid": "0.79", "best_ask": "0.83"}, {"asset_id": "88768287981663040695907057042576315713786188072326767683529020944040826691423", "price": "0.92", "size": "4257.32", "side": "SELL", "hash": "3f47def5c4eeef3e4c7a0ba53b14f2a400e0a820", "best_bid": "0.17", "best_ask": "0.21"}], "timestamp": "1769384044203", "event_type": "price_change"}}
{"_local_timestamp": "2026-01-25T23:34:04.685909+00:00", "data": {"market": "0x0bd390a2c7c8fce851fcfe72c02f347686c0a362f5aaab331ffa9c54416c6aa2", "price_changes": [{"asset_id": "17398793204722166217660817067265905985425481568989568628103768246608609488761", "price": "0.12", "size": "100", "side": "BUY", "hash": "f41cb468366296d2b6e319664034e9e5c9f13b7e", "best_bid": "0.79", "best_ask": "0.83"}, {"asset_id": "88768287981663040695907057042576315713786188072326767683529020944040826691423", "price": "0.88", "size": "100", "side": "SELL", "hash": "4d7292fb6471403904092c53589f9ce107719c97", "best_bid": "0.17", "best_ask": "0.21"}], "timestamp": "1769384044473", "event_type": "price_change"}}
{"_local_timestamp": "2026-01-25T23:34:07.010644+00:00", "data": {"market": "0x0bd390a2c7c8fce851fcfe72c02f347686c0a362f5aaab331ffa9c54416c6aa2", "price_changes": [{"asset_id": "17398793204722166217660817067265905985425481568989568628103768246608609488761", "price": "0.16", "size": "890.11", "side": "BUY", "hash": "c73710adee48de63df941f4475d282267097fbc7", "best_bid": "0.79", "best_ask": "0.83"}, {"asset_id": "88768287981663040695907057042576315713786188072326767683529020944040826691423", "price": "0.84", "size": "890.11", "side": "SELL", "hash": "01081cb68355f8ae37f507e24139f46369535479", "best_bid": "0.17", "best_ask": "0.21"}], "timestamp": "1769384046762", "event_type": "price_change"}}
{"_local_timestamp": "2026-01-25T23:34:07.014861+00:00", "data": {"market": "0x0bd390a2c7c8fce851fcfe72c02f347686c0a362f5aaab331ffa9c54416c6aa2", "price_changes": [{"asset_id": "17398793204722166217660817067265905985425481568989568628103768246608609488761", "price": "0.09", "size": "19", "side": "BUY", "hash": "c73710adee48de63df941f4475d282267097fbc7", "best_bid": "0.79", "best_ask": "0.83"}, {"asset_id": "88768287981663040695907057042576315713786188072326767683529020944040826691423", "price": "0.91", "size": "19", "side": "SELL", "hash": "01081cb68355f8ae37f507e24139f46369535479", "best_bid": "0.17", "best_ask": "0.21"}], "timestamp": "1769384046762", "event_type": "price_change"}}
{"_local_timestamp": "2026-01-25T23:34:07.080989+00:00", "data": {"market": "0x0bd390a2c7c8fce851fcfe72c02f347686c0a362f5aaab331ffa9c54416c6aa2", "price_changes": [{"asset_id": "17398793204722166217660817067265905985425481568989568628103768246608609488761", "price": "0.07", "size": "2390.11", "side": "BUY", "hash": "f9297b7404a85ca22f259e36a478d2f07bba18c1", "best_bid": "0.79", "best_ask": "0.83"}, {"asset_id": "88768287981663040695907057042576315713786188072326767683529020944040826691423", "price": "0.93", "size": "2390.11", "side": "SELL", "hash": "d00ced5a427ea6a0ec4e90e1aefb6c61399165f6", "best_bid": "0.17", "best_ask": "0.21"}], "timestamp": "1769384046836", "event_type": "price_change"}}
{"_local_timestamp": "2026-01-25T23:34:07.081422+00:00", "data": {"market": "0x0bd390a2c7c8fce851fcfe72c02f347686c0a362f5aaab331ffa9c54416c6aa2", "price_changes": [{"asset_id": "17398793204722166217660817067265905985425481568989568628103768246608609488761", "price": "0.08", "size": "5147.43", "side": "BUY", "hash": "a3f05abc91d71580ead504c340f8f319c7537ea6", "best_bid": "0.79", "best_ask": "0.83"}, {"asset_id": "88768287981663040695907057042576315713786188072326767683529020944040826691423", "price": "0.92", "size": "5147.43", "side": "SELL", "hash": "8d02b19e4e715e085cea3b84026372df5f7366c4", "best_bid": "0.17", "best_ask": "0.21"}], "timestamp": "1769384046836", "event_type": "price_change"}}
{"_local_timestamp": "2026-01-25T23:34:07.202607+00:00", "data": {"market": "0x0bd390a2c7c8fce851fcfe72c02f347686c0a362f5aaab331ffa9c54416c6aa2", "price_changes": [{"asset_id": "17398793204722166217660817067265905985425481568989568628103768246608609488761", "price": "0.09", "size": "909.11", "side": "BUY", "hash": "d5eadd00a500f59e0b947ae58489a9ce3b55d73e", "best_bid": "0.79", "best_ask": "0.83"}, {"asset_id": "88768287981663040695907057042576315713786188072326767683529020944040826691423", "price": "0.91", "size": "909.11", "side": "SELL", "hash": "9aee07fa2eb9395b739477a8e423fa41b81fc08b", "best_bid": "0.17", "best_ask": "0.21"}], "timestamp": "1769384046960", "event_type": "price_change"}}
{"_local_timestamp": "2026-01-25T23:34:07.203378+00:00", "data": {"market": "0x0bd390a2c7c8fce851fcfe72c02f347686c0a362f5aaab331ffa9c54416c6aa2", "price_changes": [{"asset_id": "17398793204722166217660817067265905985425481568989568628103768246608609488761", "price": "0.09", "size": "2179.21", "side": "BUY", "hash": "e233b380c957ccce8c83f03d1568a0c7f80389ed", "best_bid": "0.79", "best_ask": "0.83"}, {"asset_id": "88768287981663040695907057042576315713786188072326767683529020944040826691423", "price": "0.91", "size": "2179.21", "side": "SELL", "hash": "9c9bd9521b311b00745d37e0d5c9696c987dcb7e", "best_bid": "0.17", "best_ask": "0.21"}], "timestamp": "1769384046961", "event_type": "price_change"}}
{"_local_timestamp": "2026-01-25T23:34:07.203822+00:00", "data": {"market": "0x0bd390a2c7c8fce851fcfe72c02f347686c0a362f5aaab331ffa9c54416c6aa2", "price_changes": [{"asset_id": "17398793204722166217660817067265905985425481568989568628103768246608609488761", "price": "0.09", "size": "4176.32", "side": "BUY", "hash": "a6dcac2fc7e5aff7a9cc7470d36afb6fab9ecc96", "best_bid": "0.79", "best_ask": "0.83"}, {"asset_id": "88768287981663040695907057042576315713786188072326767683529020944040826691423", "price": "0.91", "size": "4176.32", "side": "SELL", "hash": "02eba6c908118b214d6663760a5b52c69bd75bc8", "best_bid": "0.17", "best_ask": "0.21"}], "timestamp": "1769384046962", "event_type": "price_change"}}
{"_local_timestamp": "2026-01-25T23:34:07.282416+00:00", "data": {"market": "0x0bd390a2c7c8fce851fcfe72c02f347686c0a362f5aaab331ffa9c54416c6aa2", "price_changes": [{"asset_id": "17398793204722166217660817067265905985425481568989568628103768246608609488761", "price": "0.18", "size": "200", "side": "BUY", "hash": "d869037e6dc9801e7789357fc1dd439e28017821", "best_bid": "0.79", "best_ask": "0.83"}, {"asset_id": "88768287981663040695907057042576315713786188072326767683529020944040826691423", "price": "0.82", "size": "200", "side": "SELL", "hash": "c1a8d19fbc8939c225d6412f3ac9e304bb33baa0", "best_bid": "0.17", "best_ask": "0.21"}], "timestamp": "1769384047053", "event_type": "price_change"}}
{"_local_timestamp": "2026-01-25T23:34:07.286722+00:00", "data": {"market": "0x0bd390a2c7c8fce851fcfe72c02f347686c0a362f5aaab331ffa9c54416c6aa2", "price_changes": [{"asset_id": "17398793204722166217660817067265905985425481568989568628103768246608609488761", "price": "0.08", "size": "5547.43", "side": "BUY", "hash": "33ac0cfd7d52e8f3a944f9bec6b3efe48993618a", "best_bid": "0.79", "best_ask": "0.83"}, {"asset_id": "88768287981663040695907057042576315713786188072326767683529020944040826691423", "price": "0.92", "size": "5547.43", "side": "SELL", "hash": "2b4274f4411143c67e7c0f226c510b6c98fd1337", "best_bid": "0.17", "best_ask": "0.21"}], "timestamp": "1769384047055", "event_type": "price_change"}}
{"_local_timestamp": "2026-01-25T23:34:14.478879+00:00", "data": {"market": "0x0bd390a2c7c8fce851fcfe72c02f347686c0a362f5aaab331ffa9c54416c6aa2", "price_changes": [{"asset_id": "88768287981663040695907057042576315713786188072326767683529020944040826691423", "price": "0.21", "size": "89.48", "side": "SELL", "hash": "0df24d2a57d211fde7f752137320195dde162859", "best_bid": "0.17", "best_ask": "0.21"}, {"asset_id": "17398793204722166217660817067265905985425481568989568628103768246608609488761", "price": "0.79", "size": "89.48", "side": "BUY", "hash": "55e6098ca736b47eef4f460a6d0901f52f9eca56", "best_bid": "0.79", "best_ask": "0.83"}], "timestamp": "1769384054229", "event_type": "price_change"}}
{"_local_timestamp": "2026-01-25T23:34:14.481749+00:00", "data": {"market": "0x0bd390a2c7c8fce851fcfe72c02f347686c0a362f5aaab331ffa9c54416c6aa2", "price_changes": [{"asset_id": "88768287981663040695907057042576315713786188072326767683529020944040826691423", "price": "0.21", "size": "109.96", "side": "SELL", "hash": "30e37fb81cf54f387e08d6603c0a1e2ed52a384f", "best_bid": "0.17", "best_ask": "0.21"}, {"asset_id": "17398793204722166217660817067265905985425481568989568628103768246608609488761", "price": "0.79", "size": "109.96", "side": "BUY", "hash": "416ac1b8c74ad3cca2ecd18ab7c0a35a64c2c046", "best_bid": "0.79", "best_ask": "0.83"}], "timestamp": "1769384054230", "event_type": "price_change"}}
{"_local_timestamp": "2026-01-25T23:34:14.485707+00:00", "data": {"market": "0x0bd390a2c7c8fce851fcfe72c02f347686c0a362f5aaab331ffa9c54416c6aa2", "price_changes": [{"asset_id": "88768287981663040695907057042576315713786188072326767683529020944040826691423", "price": "0.21", "size": "130.44", "side": "SELL", "hash": "b223f54d669eb8664856f570883f0763da29a702", "best_bid": "0.17", "best_ask": "0.21"}, {"asset_id": "17398793204722166217660817067265905985425481568989568628103768246608609488761", "price": "0.79", "size": "130.44", "side": "BUY", "hash": "e78390488f91733790ba5694ef32b3188d4bb54a", "best_bid": "0.79", "best_ask": "0.83"}], "timestamp": "1769384054230", "event_type": "price_change"}}
{"_local_timestamp": "2026-01-25T23:34:14.490261+00:00", "data": {"market": "0x0bd390a2c7c8fce851fcfe72c02f347686c0a362f5aaab331ffa9c54416c6aa2", "price_changes": [{"asset_id": "88768287981663040695907057042576315713786188072326767683529020944040826691423", "price": "0.21", "size": "150.92", "side": "SELL", "hash": "f161bb97750e1f53fa6616eba2106dcd0f251732", "best_bid": "0.17", "best_ask": "0.21"}, {"asset_id": "17398793204722166217660817067265905985425481568989568628103768246608609488761", "price": "0.79", "size": "150.92", "side": "BUY", "hash": "e14657ce4675e170f56a400686a411ff712d817c", "best_bid": "0.79", "best_ask": "0.83"}], "timestamp": "1769384054231", "event_type": "price_change"}}
{"_local_timestamp": "2026-01-25T23:34:14.514025+00:00", "data": {"market": "0x0bd390a2c7c8fce851fcfe72c02f347686c0a362f5aaab331ffa9c54416c6aa2", "price_changes": [{"asset_id": "17398793204722166217660817067265905985425481568989568628103768246608609488761", "price": "0.16", "size": "0", "side": "BUY", "hash": "1fde8ac4d9fec9e63df37dcf279c607ed02f3463", "best_bid": "0.79", "best_ask": "0.83"}, {"asset_id": "88768287981663040695907057042576315713786188072326767683529020944040826691423", "price": "0.84", "size": "0", "side": "SELL", "hash": "3815042cbb5aab1f6268b2c65482ce0c796305d2", "best_bid": "0.17", "best_ask": "0.21"}], "timestamp": "1769384054273", "event_type": "price_change"}}
{"_local_timestamp": "2026-01-25T23:34:14.514565+00:00", "data": {"market": "0x0bd390a2c7c8fce851fcfe72c02f347686c0a362f5aaab331ffa9c54416c6aa2", "price_changes": [{"asset_id": "17398793204722166217660817067265905985425481568989568628103768246608609488761", "price": "0.17", "size": "0", "side": "BUY", "hash": "1fde8ac4d9fec9e63df37dcf279c607ed02f3463", "best_bid": "0.79", "best_ask": "0.83"}, {"asset_id": "88768287981663040695907057042576315713786188072326767683529020944040826691423", "price": "0.83", "size": "0", "side": "SELL", "hash": "3815042cbb5aab1f6268b2c65482ce0c796305d2", "best_bid": "0.17", "best_ask": "0.21"}], "timestamp": "1769384054273", "event_type": "price_change"}}
{"_local_timestamp": "2026-01-25T23:34:14.515212+00:00", "data": {"market": "0x0bd390a2c7c8fce851fcfe72c02f347686c0a362f5aaab331ffa9c54416c6aa2", "price_changes": [{"asset_id": "17398793204722166217660817067265905985425481568989568628103768246608609488761", "price": "0.08", "size": "4657.32", "side": "BUY", "hash": "1fde8ac4d9fec9e63df37dcf279c607ed02f3463", "best_bid": "0.79", "best_ask": "0.83"}, {"asset_id": "88768287981663040695907057042576315713786188072326767683529020944040826691423", "price": "0.92", "size": "4657.32", "side": "SELL", "hash": "3815042cbb5aab1f6268b2c65482ce0c796305d2", "best_bid": "0.17", "best_ask": "0.21"}], "timestamp": "1769384054273", "event_type": "price_change"}}
{"_local_timestamp": "2026-01-25T23:34:14.516655+00:00", "data": {"market": "0x0bd390a2c7c8fce851fcfe72c02f347686c0a362f5aaab331ffa9c54416c6aa2", "price_changes": [{"asset_id": "17398793204722166217660817067265905985425481568989568628103768246608609488761", "price": "0.07", "size": "1500", "side": "BUY", "hash": "1fde8ac4d9fec9e63df37dcf279c607ed02f3463", "best_bid": "0.79", "best_ask": "0.83"}, {"asset_id": "88768287981663040695907057042576315713786188072326767683529020944040826691423", "price": "0.93", "size": "1500", "side": "SELL", "hash": "3815042cbb5aab1f6268b2c65482ce0c796305d2", "best_bid": "0.17", "best_ask": "0.21"}], "timestamp": "1769384054273", "event_type": "price_change"}}
{"_local_timestamp": "2026-01-25T23:34:14.517307+00:00", "data": {"market": "0x0bd390a2c7c8fce851fcfe72c02f347686c0a362f5aaab331ffa9c54416c6aa2", "price_changes": [{"asset_id": "17398793204722166217660817067265905985425481568989568628103768246608609488761", "price": "0.09", "size": "19", "side": "BUY", "hash": "1fde8ac4d9fec9e63df37dcf279c607ed02f3463", "best_bid": "0.79", "best_ask": "0.83"}, {"asset_id": "88768287981663040695907057042576315713786188072326767683529020944040826691423", "price": "0.91", "size": "19", "side": "SELL", "hash": "3815042cbb5aab1f6268b2c65482ce0c796305d2", "best_bid": "0.17", "best_ask": "0.21"}], "timestamp": "1769384054273", "event_type": "price_change"}}
{"_local_timestamp": "2026-01-25T23:34:14.648101+00:00", "data": {"market": "0x0bd390a2c7c8fce851fcfe72c02f347686c0a362f5aaab331ffa9c54416c6aa2", "price_changes": [{"asset_id": "17398793204722166217660817067265905985425481568989568628103768246608609488761", "price": "0.18", "size": "2197.11", "side": "BUY", "hash": "6ef18b57ba3761566d28e65e8bce00ec91ce7d2a", "best_bid": "0.79", "best_ask": "0.83"}, {"asset_id": "88768287981663040695907057042576315713786188072326767683529020944040826691423", "price": "0.82", "size": "2197.11", "side": "SELL", "hash": "646ec1ae0467494f36b0e21a9a73d9d540ce6a0a", "best_bid": "0.17", "best_ask": "0.21"}], "timestamp": "1769384054405", "event_type": "price_change"}}
{"_local_timestamp": "2026-01-25T23:34:14.774518+00:00", "data": {"market": "0x0bd390a2c7c8fce851fcfe72c02f347686c0a362f5aaab331ffa9c54416c6aa2", "price_changes": [{"asset_id": "17398793204722166217660817067265905985425481568989568628103768246608609488761", "price": "0.19", "size": "890.11", "side": "BUY", "hash": "3460fe85899f4cfbea70f1b428b255f0d35eee9b", "best_bid": "0.79", "best_ask": "0.83"}, {"asset_id": "88768287981663040695907057042576315713786188072326767683529020944040826691423", "price": "0.81", "size": "890.11", "side": "SELL", "hash": "5f3041c3fedf9bcd2ecdef87aff7f0471738c140", "best_bid": "0.17", "best_ask": "0.21"}], "timestamp": "1769384054406", "event_type": "price_change"}}
{"_local_timestamp": "2026-01-25T23:34:14.775037+00:00", "data": {"market": "0x0bd390a2c7c8fce851fcfe72c02f347686c0a362f5aaab331ffa9c54416c6aa2", "price_changes": [{"asset_id": "17398793204722166217660817067265905985425481568989568628103768246608609488761", "price": "0.18", "size": "3087.22", "side": "BUY", "hash": "163fe6b62dc09fb30ceae8206015cf3ac8f94fff", "best_bid": "0.79", "best_ask": "0.83"}, {"asset_id": "88768287981663040695907057042576315713786188072326767683529020944040826691423", "price": "0.82", "size": "3087.22", "side": "SELL", "hash": "fe25d0ed126bf9163ddcb0b8096b69699b53a49b", "best_bid": "0.17", "best_ask": "0.21"}], "timestamp": "1769384054406", "event_type": "price_change"}}
{"_local_timestamp": "2026-01-25T23:34:14.777181+00:00", "data": {"market": "0x0bd390a2c7c8fce851fcfe72c02f347686c0a362f5aaab331ffa9c54416c6aa2", "price_changes": [{"asset_id": "17398793204722166217660817067265905985425481568989568628103768246608609488761", "price": "0.18", "size": "3977.33", "side": "BUY", "hash": "5da6d8f1a6aa924df9754d9e564edcc59dcead17", "best_bid": "0.79", "best_ask": "0.83"}, {"asset_id": "88768287981663040695907057042576315713786188072326767683529020944040826691423", "price": "0.82", "size": "3977.33", "side": "SELL", "hash": "f9c071d2383e26772218da767cb32473dfe29a64", "best_bid": "0.17", "best_ask": "0.21"}], "timestamp": "1769384054407", "event_type": "price_change"}}
{"_local_timestamp": "2026-01-25T23:34:14.777673+00:00", "data": {"market": "0x0bd390a2c7c8fce851fcfe72c02f347686c0a362f5aaab331ffa9c54416c6aa2", "price_changes": [{"asset_id": "17398793204722166217660817067265905985425481568989568628103768246608609488761", "price": "0.18", "size": "5247.43", "side": "BUY", "hash": "3e0f0bcaa7eaaab6d9ba6a91ebbeda47d04eda7b", "best_bid": "0.79", "best_ask": "0.83"}, {"asset_id": "88768287981663040695907057042576315713786188072326767683529020944040826691423", "price": "0.82", "size": "5247.43", "side": "SELL", "hash": "44f407b967979919b402d36663ad9f66ebef061a", "best_bid": "0.17", "best_ask": "0.21"}], "timestamp": "1769384054408", "event_type": "price_change"}}
{"_local_timestamp": "2026-01-25T23:34:19.577918+00:00", "data": {"market": "0x0bd390a2c7c8fce851fcfe72c02f347686c0a362f5aaab331ffa9c54416c6aa2", "price_changes": [{"asset_id": "88768287981663040695907057042576315713786188072326767683529020944040826691423", "price": "0.02", "size": "1198.75", "side": "BUY", "hash": "808a67e1731d321e7ae356677a7faa7818606172", "best_bid": "0.17", "best_ask": "0.21"}, {"asset_id": "17398793204722166217660817067265905985425481568989568628103768246608609488761", "price": "0.98", "size": "1198.75", "side": "SELL", "hash": "46bdeb3c7534444f01f0f714f025666360893805", "best_bid": "0.79", "best_ask": "0.83"}], "timestamp": "1769384059365", "event_type": "price_change"}}
{"_local_timestamp": "2026-01-25T23:34:19.649907+00:00", "data": {"market": "0x0bd390a2c7c8fce851fcfe72c02f347686c0a362f5aaab331ffa9c54416c6aa2", "price_changes": [{"asset_id": "17398793204722166217660817067265905985425481568989568628103768246608609488761", "price": "0.18", "size": "1090.11", "side": "BUY", "hash": "a0b0d7774faf50ff5c03fee1ca19a78f9c5af17f", "best_bid": "0.79", "best_ask": "0.83"}, {"asset_id": "88768287981663040695907057042576315713786188072326767683529020944040826691423", "price": "0.82", "size": "1090.11", "side": "SELL", "hash": "9ac4eed8baaac1951c80c3192a79c1e1ae4d51c2", "best_bid": "0.17", "best_ask": "0.21"}], "timestamp": "1769384059441", "event_type": "price_change"}}
{"_local_timestamp": "2026-01-25T23:34:19.775241+00:00", "data": {"market": "0x0bd390a2c7c8fce851fcfe72c02f347686c0a362f5aaab331ffa9c54416c6aa2", "price_changes": [{"asset_id": "88768287981663040695907057042576315713786188072326767683529020944040826691423", "price": "0.03", "size": "890.11", "side": "BUY", "hash": "a7230f90d7bba372c8a9e1a79612ec8601246eff", "best_bid": "0.17", "best_ask": "0.21"}, {"asset_id": "17398793204722166217660817067265905985425481568989568628103768246608609488761", "price": "0.97", "size": "890.11", "side": "SELL", "hash": "e7a2c48fc27d5d2ab4cd9d5bf21a801be6991c58", "best_bid": "0.79", "best_ask": "0.83"}], "timestamp": "1769384059551", "event_type": "price_change"}}
{"_local_timestamp": "2026-01-25T23:34:29.479146+00:00", "data": {"market": "0x0bd390a2c7c8fce851fcfe72c02f347686c0a362f5aaab331ffa9c54416c6aa2", "price_changes": [{"asset_id": "17398793204722166217660817067265905985425481568989568628103768246608609488761", "price": "0.12", "size": "0", "side": "BUY", "hash": "e6efac128c58c2a791095fe44f5d8ef7fbc0c5b6", "best_bid": "0.79", "best_ask": "0.83"}, {"asset_id": "88768287981663040695907057042576315713786188072326767683529020944040826691423", "price": "0.88", "size": "0", "side": "SELL", "hash": "bcb7dbcf02d253056d8751d2761bd3c5da13ff55", "best_bid": "0.17", "best_ask": "0.21"}], "timestamp": "1769384069218", "event_type": "price_change"}}
{"_local_timestamp": "2026-01-25T23:34:29.538738+00:00", "data": {"market": "0x0bd390a2c7c8fce851fcfe72c02f347686c0a362f5aaab331ffa9c54416c6aa2", "price_changes": [{"asset_id": "88768287981663040695907057042576315713786188072326767683529020944040826691423", "price": "0.01", "size": "4436.3", "side": "BUY", "hash": "9bad376c73e23e619ae98d7fbcd79de7da245df4", "best_bid": "0.17", "best_ask": "0.21"}, {"asset_id": "17398793204722166217660817067265905985425481568989568628103768246608609488761", "price": "0.99", "size": "4436.3", "side": "SELL", "hash": "79a2c8803e42ede1bf4437734d4c8ffc94fd7575", "best_bid": "0.79", "best_ask": "0.83"}], "timestamp": "1769384069304", "event_type": "price_change"}}
{"_local_timestamp": "2026-01-25T23:34:29.703312+00:00", "data": {"market": "0x0bd390a2c7c8fce851fcfe72c02f347686c0a362f5aaab331ffa9c54416c6aa2", "price_changes": [{"asset_id": "17398793204722166217660817067265905985425481568989568628103768246608609488761", "price": "0.08", "size": "4757.32", "side": "BUY", "hash": "7818030f65c5eb9278b9c4c632ce3099a9dc9735", "best_bid": "0.79", "best_ask": "0.83"}, {"asset_id": "88768287981663040695907057042576315713786188072326767683529020944040826691423", "price": "0.92", "size": "4757.32", "side": "SELL", "hash": "cc60c2144ec187d993d0c7a67b02facd3cf3f01b", "best_bid": "0.17", "best_ask": "0.21"}], "timestamp": "1769384069485", "event_type": "price_change"}}
{"_local_timestamp": "2026-01-25T23:34:29.763213+00:00", "data": {"market": "0x0bd390a2c7c8fce851fcfe72c02f347686c0a362f5aaab331ffa9c54416c6aa2", "price_changes": [{"asset_id": "17398793204722166217660817067265905985425481568989568628103768246608609488761", "price": "0.09", "size": "1289.1", "side": "BUY", "hash": "79ee4de1b3f5912612ddd3dc219350b7cd618079", "best_bid": "0.79", "best_ask": "0.83"}, {"asset_id": "88768287981663040695907057042576315713786188072326767683529020944040826691423", "price": "0.91", "size": "1289.1", "side": "SELL", "hash": "24c7f17d185ab9370d8840ae2d78dafa6776a869", "best_bid": "0.17", "best_ask": "0.21"}], "timestamp": "1769384069545", "event_type": "price_change"}}
{"_local_timestamp": "2026-01-25T23:34:29.764792+00:00", "data": {"market": "0x0bd390a2c7c8fce851fcfe72c02f347686c0a362f5aaab331ffa9c54416c6aa2", "price_changes": [{"asset_id": "17398793204722166217660817067265905985425481568989568628103768246608609488761", "price": "0.09", "size": "3286.21", "side": "BUY", "hash": "a39dd5033bfbf0e5145a30210cda88c770d563c6", "best_bid": "0.79", "best_ask": "0.83"}, {"asset_id": "88768287981663040695907057042576315713786188072326767683529020944040826691423", "price": "0.91", "size": "3286.21", "side": "SELL", "hash": "7e49e99a17af2722fe5b19420788feb4c170057d", "best_bid": "0.17", "best_ask": "0.21"}], "timestamp": "1769384069546", "event_type": "price_change"}}
{"_local_timestamp": "2026-01-25T23:34:29.765263+00:00", "data": {"market": "0x0bd390a2c7c8fce851fcfe72c02f347686c0a362f5aaab331ffa9c54416c6aa2", "price_changes": [{"asset_id": "17398793204722166217660817067265905985425481568989568628103768246608609488761", "price": "0.09", "size": "4176.32", "side": "BUY", "hash": "c8cac481aea82110d9ab07507ecafeaf252e0aae", "best_bid": "0.79", "best_ask": "0.83"}, {"asset_id": "88768287981663040695907057042576315713786188072326767683529020944040826691423", "price": "0.91", "size": "4176.32", "side": "SELL", "hash": "b991ee066554b4f960c8780737251b34c1f20a2b", "best_bid": "0.17", "best_ask": "0.21"}], "timestamp": "1769384069547", "event_type": "price_change"}}
{"_local_timestamp": "2026-01-25T23:34:30.180706+00:00", "data": {"market": "0x0bd390a2c7c8fce851fcfe72c02f347686c0a362f5aaab331ffa9c54416c6aa2", "price_changes": [{"asset_id": "17398793204722166217660817067265905985425481568989568628103768246608609488761", "price": "0.18", "size": "890.11", "side": "BUY", "hash": "38d18a514078e2290bd685f71a4b742b281a323e", "best_bid": "0.79", "best_ask": "0.83"}, {"asset_id": "88768287981663040695907057042576315713786188072326767683529020944040826691423", "price": "0.82", "size": "890.11", "side": "SELL", "hash": "aa519fd80a174e607869ff558c9f1a2b4bdcd532", "best_bid": "0.17", "best_ask": "0.21"}], "timestamp": "1769384069837", "event_type": "price_change"}}
{"_local_timestamp": "2026-01-25T23:34:30.375704+00:00", "data": {"market": "0x0bd390a2c7c8fce851fcfe72c02f347686c0a362f5aaab331ffa9c54416c6aa2", "price_changes": [{"asset_id": "17398793204722166217660817067265905985425481568989568628103768246608609488761", "price": "0.09", "size": "5066.43", "side": "BUY", "hash": "8110c988087a3108d20ad3d0e07fe766ac95b758", "best_bid": "0.79", "best_ask": "0.83"}, {"asset_id": "88768287981663040695907057042576315713786188072326767683529020944040826691423", "price": "0.91", "size": "5066.43", "side": "SELL", "hash": "f51eefc77270f7fb9827e70d6876428fc6b67876", "best_bid": "0.17", "best_ask": "0.21"}], "timestamp": "1769384070051", "event_type": "price_change"}}
{"_local_timestamp": "2026-01-25T23:34:30.407578+00:00", "data": {"market": "0x0bd390a2c7c8fce851fcfe72c02f347686c0a362f5aaab331ffa9c54416c6aa2", "price_changes": [{"asset_id": "17398793204722166217660817067265905985425481568989568628103768246608609488761", "price": "0.08", "size": "5647.43", "side": "BUY", "hash": "59c0040752b1a044089b5d7a387779fd67d36bc7", "best_bid": "0.79", "best_ask": "0.83"}, {"asset_id": "88768287981663040695907057042576315713786188072326767683529020944040826691423", "price": "0.92", "size": "5647.43", "side": "SELL", "hash": "00a32104db214b1133f0bc307f991cd8b77423f4", "best_bid": "0.17", "best_ask": "0.21"}], "timestamp": "1769384070082", "event_type": "price_change"}}
{"_local_timestamp": "2026-01-25T23:34:30.442789+00:00", "data": {"market": "0x0bd390a2c7c8fce851fcfe72c02f347686c0a362f5aaab331ffa9c54416c6aa2", "price_changes": [{"asset_id": "17398793204722166217660817067265905985425481568989568628103768246608609488761", "price": "0.17", "size": "200", "side": "BUY", "hash": "755d97424f9d398a49ccd5a5a99d20419bb12d75", "best_bid": "0.79", "best_ask": "0.83"}, {"asset_id": "88768287981663040695907057042576315713786188072326767683529020944040826691423", "price": "0.83", "size": "200", "side": "SELL", "hash": "f4791f6fb917b5210e0a3bbc79576c07849f4698", "best_bid": "0.17", "best_ask": "0.21"}], "timestamp": "1769384070115", "event_type": "price_change"}}
{"_local_timestamp": "2026-01-25T23:34:31.103273+00:00", "data": {"market": "0x0bd390a2c7c8fce851fcfe72c02f347686c0a362f5aaab331ffa9c54416c6aa2", "price_changes": [{"asset_id": "88768287981663040695907057042576315713786188072326767683529020944040826691423", "price": "0.02", "size": "898.75", "side": "BUY", "hash": "65215b6ce63529e4eb84226bf9aded4d3ed11e45", "best_bid": "0.17", "best_ask": "0.21"}, {"asset_id": "17398793204722166217660817067265905985425481568989568628103768246608609488761", "price": "0.98", "size": "898.75", "side": "SELL", "hash": "2efe79af5d0710465dd5d1e150578594c3a4ae16", "best_bid": "0.79", "best_ask": "0.83"}], "timestamp": "1769384070882", "event_type": "price_change"}}
{"_local_timestamp": "2026-01-25T23:34:31.343368+00:00", "data": {"market": "0x0bd390a2c7c8fce851fcfe72c02f347686c0a362f5aaab331ffa9c54416c6aa2", "price_changes": [{"asset_id": "88768287981663040695907057042576315713786188072326767683529020944040826691423", "price": "0.03", "size": "1190.11", "side": "BUY", "hash": "76cb6c7ef85dabf9fc7d9acbf19931736efaa303", "best_bid": "0.17", "best_ask": "0.21"}, {"asset_id": "17398793204722166217660817067265905985425481568989568628103768246608609488761", "price": "0.97", "size": "1190.11", "side": "SELL", "hash": "d7b601aa89f90d7884ec795257e1162711c3b3c7", "best_bid": "0.79", "best_ask": "0.83"}], "timestamp": "1769384071112", "event_type": "price_change"}}
{"_local_timestamp": "2026-01-25T23:34:31.348025+00:00", "data": {"market": "0x0bd390a2c7c8fce851fcfe72c02f347686c0a362f5aaab331ffa9c54416c6aa2", "price_changes": [{"asset_id": "17398793204722166217660817067265905985425481568989568628103768246608609488761", "price": "0.08", "size": "5747.43", "side": "BUY", "hash": "874c34ab52d73935c0451fadb51b11f05bb3d3fc", "best_bid": "0.79", "best_ask": "0.83"}, {"asset_id": "88768287981663040695907057042576315713786188072326767683529020944040826691423", "price": "0.92", "size": "5747.43", "side": "SELL", "hash": "dcfac2f37434926a0e10d6db099c07c18fc4643c", "best_bid": "0.17", "best_ask": "0.21"}], "timestamp": "1769384071113", "event_type": "price_change"}}
{"_local_timestamp": "2026-01-25T23:34:32.044491+00:00", "data": {"market": "0x0bd390a2c7c8fce851fcfe72c02f347686c0a362f5aaab331ffa9c54416c6aa2", "price_changes": [{"asset_id": "17398793204722166217660817067265905985425481568989568628103768246608609488761", "price": "0.11", "size": "0", "side": "BUY", "hash": "9c5a71024f23e96fcd8bef1fdc8606e8069e07a5", "best_bid": "0.79", "best_ask": "0.83"}, {"asset_id": "88768287981663040695907057042576315713786188072326767683529020944040826691423", "price": "0.89", "size": "0", "side": "SELL", "hash": "cfbe2d2433fb7321ea39f125e50e933f23bac4f1", "best_bid": "0.17", "best_ask": "0.21"}], "timestamp": "1769384071826", "event_type": "price_change"}}
{"_local_timestamp": "2026-01-25T23:34:32.353836+00:00", "data": {"market": "0x0bd390a2c7c8fce851fcfe72c02f347686c0a362f5aaab331ffa9c54416c6aa2", "price_changes": [{"asset_id": "17398793204722166217660817067265905985425481568989568628103768246608609488761", "price": "0.08", "size": "5847.43", "side": "BUY", "hash": "5806f1a35a2c641b7d3e4f1d1b30f2974a3c4b1d", "best_bid": "0.79", "best_ask": "0.83"}, {"asset_id": "88768287981663040695907057042576315713786188072326767683529020944040826691423", "price": "0.92", "size": "5847.43", "side": "SELL", "hash": "29b95d00064c83256f5049827d96b980a35391b1", "best_bid": "0.17", "best_ask": "0.21"}], "timestamp": "1769384072094", "event_type": "price_change"}}
{"_local_timestamp": "2026-01-25T23:34:36.076555+00:00", "data": {"market": "0x0bd390a2c7c8fce851fcfe72c02f347686c0a362f5aaab331ffa9c54416c6aa2", "price_changes": [{"asset_id": "88768287981663040695907057042576315713786188072326767683529020944040826691423", "price": "0.21", "size": "69", "side": "SELL", "hash": "19ec947fb62dd0b052bc3291d021dbbdb637953c", "best_bid": "0.17", "best_ask": "0.21"}, {"asset_id": "17398793204722166217660817067265905985425481568989568628103768246608609488761", "price": "0.79", "size": "69", "side": "BUY", "hash": "95b9de7b9fbd229bd45efa95926d7f1be2329887", "best_bid": "0.79", "best_ask": "0.83"}], "timestamp": "1769384075853", "event_type": "price_change"}}
{"_local_timestamp": "2026-01-25T23:34:36.120410+00:00", "data": {"market": "0x0bd390a2c7c8fce851fcfe72c02f347686c0a362f5aaab331ffa9c54416c6aa2", "price_changes": [{"asset_id": "88768287981663040695907057042576315713786188072326767683529020944040826691423", "price": "0.02", "size": "8.64", "side": "BUY", "hash": "92f168270a5793b2466f85410e7c357459d7f86c", "best_bid": "0.17", "best_ask": "0.21"}, {"asset_id": "17398793204722166217660817067265905985425481568989568628103768246608609488761", "price": "0.98", "size": "8.64", "side": "SELL", "hash": "e67d5f25800f6beb678717c66a995d264905f509", "best_bid": "0.79", "best_ask": "0.83"}], "timestamp": "1769384075905", "event_type": "price_change"}}
{"_local_timestamp": "2026-01-25T23:34:36.122394+00:00", "data": {"market": "0x0bd390a2c7c8fce851fcfe72c02f347686c0a362f5aaab331ffa9c54416c6aa2", "price_changes": [{"asset_id": "17398793204722166217660817067265905985425481568989568628103768246608609488761", "price": "0.08", "size": "800", "side": "BUY", "hash": "181a9a59c7f8fecb549c7e6239d2ec54ad2a1c31", "best_bid": "0.79", "best_ask": "0.83"}, {"asset_id": "88768287981663040695907057042576315713786188072326767683529020944040826691423", "price": "0.92", "size": "800", "side": "SELL", "hash": "7d5d8458ae75000ea53676c7015a425dc05c8f1e", "best_bid": "0.17", "best_ask": "0.21"}], "timestamp": "1769384075905", "event_type": "price_change"}}
{"_local_timestamp": "2026-01-25T23:34:36.123725+00:00", "data": {"market": "0x0bd390a2c7c8fce851fcfe72c02f347686c0a362f5aaab331ffa9c54416c6aa2", "price_changes": [{"asset_id": "17398793204722166217660817067265905985425481568989568628103768246608609488761", "price": "0.19", "size": "0", "side": "BUY", "hash": "181a9a59c7f8fecb549c7e6239d2ec54ad2a1c31", "best_bid": "0.79", "best_ask": "0.83"}, {"asset_id": "88768287981663040695907057042576315713786188072326767683529020944040826691423", "price": "0.81", "size": "0", "side": "SELL", "hash": "7d5d8458ae75000ea53676c7015a425dc05c8f1e", "best_bid": "0.17", "best_ask": "0.21"}], "timestamp": "1769384075905", "event_type": "price_change"}}
{"_local_timestamp": "2026-01-25T23:34:36.124485+00:00", "data": {"market": "0x0bd390a2c7c8fce851fcfe72c02f347686c0a362f5aaab331ffa9c54416c6aa2", "price_changes": [{"asset_id": "17398793204722166217660817067265905985425481568989568628103768246608609488761", "price": "0.09", "size": "4176.32", "side": "BUY", "hash": "181a9a59c7f8fecb549c7e6239d2ec54ad2a1c31", "best_bid": "0.79", "best_ask": "0.83"}, {"asset_id": "88768287981663040695907057042576315713786188072326767683529020944040826691423", "price": "0.91", "size": "4176.32", "side": "SELL", "hash": "7d5d8458ae75000ea53676c7015a425dc05c8f1e", "best_bid": "0.17", "best_ask": "0.21"}], "timestamp": "1769384075905", "event_type": "price_change"}}
{"_local_timestamp": "2026-01-25T23:34:36.186772+00:00", "data": {"market": "0x0bd390a2c7c8fce851fcfe72c02f347686c0a362f5aaab331ffa9c54416c6aa2", "price_changes": [{"asset_id": "17398793204722166217660817067265905985425481568989568628103768246608609488761", "price": "0.17", "size": "1090.11", "side": "BUY", "hash": "0947360b6168487f3b39d4ad14ae3269f55087f0", "best_bid": "0.79", "best_ask": "0.83"}, {"asset_id": "88768287981663040695907057042576315713786188072326767683529020944040826691423", "price": "0.83", "size": "1090.11", "side": "SELL", "hash": "5653d54bd3f0ff4e7fd7f1d41993acb214f56a88", "best_bid": "0.17", "best_ask": "0.21"}], "timestamp": "1769384075968", "event_type": "price_change"}}
{"_local_timestamp": "2026-01-25T23:34:36.187354+00:00", "data": {"market": "0x0bd390a2c7c8fce851fcfe72c02f347686c0a362f5aaab331ffa9c54416c6aa2", "price_changes": [{"asset_id": "17398793204722166217660817067265905985425481568989568628103768246608609488761", "price": "0.1", "size": "1276.4", "side": "BUY", "hash": "051829cce2a164311e97c1922b0295a13ffd1fc4", "best_bid": "0.79", "best_ask": "0.83"}, {"asset_id": "88768287981663040695907057042576315713786188072326767683529020944040826691423", "price": "0.9", "size": "1276.4", "side": "SELL", "hash": "7415f6f1c7a7d43e75bd9386b09b01491d8edad0", "best_bid": "0.17", "best_ask": "0.21"}], "timestamp": "1769384075968", "event_type": "price_change"}}
{"_local_timestamp": "2026-01-25T23:34:36.187807+00:00", "data": {"market": "0x0bd390a2c7c8fce851fcfe72c02f347686c0a362f5aaab331ffa9c54416c6aa2", "price_changes": [{"asset_id": "17398793204722166217660817067265905985425481568989568628103768246608609488761", "price": "0.1", "size": "3273.51", "side": "BUY", "hash": "089d3ec3e3f5c53a807d7368625b0a15a76625ae", "best_bid": "0.79", "best_ask": "0.83"}, {"asset_id": "88768287981663040695907057042576315713786188072326767683529020944040826691423", "price": "0.9", "size": "3273.51", "side": "SELL", "hash": "e4d46dbab17bdffdf34485d987583b20a404d4f5", "best_bid": "0.17", "best_ask": "0.21"}], "timestamp": "1769384075969", "event_type": "price_change"}}
{"_local_timestamp": "2026-01-25T23:34:36.188506+00:00", "data": {"market": "0x0bd390a2c7c8fce851fcfe72c02f347686c0a362f5aaab331ffa9c54416c6aa2", "price_changes": [{"asset_id": "17398793204722166217660817067265905985425481568989568628103768246608609488761", "price": "0.1", "size": "4163.62", "side": "BUY", "hash": "21b5c592746a8b8f99544942d44f7b081e5fdabe", "best_bid": "0.79", "best_ask": "0.83"}, {"asset_id": "88768287981663040695907057042576315713786188072326767683529020944040826691423", "price": "0.9", "size": "4163.62", "side": "SELL", "hash": "533f1522de3158bee8203f574080de3c2fca86b2", "best_bid": "0.17", "best_ask": "0.21"}], "timestamp": "1769384075970", "event_type": "price_change"}}
{"_local_timestamp": "2026-01-25T23:34:36.188990+00:00", "data": {"market": "0x0bd390a2c7c8fce851fcfe72c02f347686c0a362f5aaab331ffa9c54416c6aa2", "price_changes": [{"asset_id": "88768287981663040695907057042576315713786188072326767683529020944040826691423", "price": "0.04", "size": "895.56", "side": "BUY", "hash": "a4410df818e5a2a68dcb2966494c9fa78d7dd527", "best_bid": "0.17", "best_ask": "0.21"}, {"asset_id": "17398793204722166217660817067265905985425481568989568628103768246608609488761", "price": "0.96", "size": "895.56", "side": "SELL", "hash": "d7573c4c513bdd3a473f3e7d8cb3ed44424247bf", "best_bid": "0.79", "best_ask": "0.83"}], "timestamp": "1769384075970", "event_type": "price_change"}}
