{"_local_timestamp": "2026-01-25T23:34:18.025791+00:00", "data": [{"market": "0xfbe6fb7c4fd16d7482ea90b7d0d1d7b19bb5e4a712509793e8c2df6bc3693870", "asset_id": "67378810577527070972744767795365201302059102892754756806873586464189616032168", "timestamp": "1769383926621", "hash": "96705209a49cea8e7156835604dde49d4895dd5e", "bids": [{"price": "0.01", "size": "2889.88"}, {"price": "0.02", "size": "2100"}, {"price": "0.03", "size": "8.11"}, {"price": "0.07", "size": "1700"}, {"price": "0.08", "size": "400"}, {"price": "0.09", "size": "7.3"}, {"price": "0.15", "size": "500"}, {"price": "0.16", "size": "250"}, {"price": "0.34", "size": "300"}, {"price": "0.38", "size": "200"}, {"price": "0.41", "size": "125"}, {"price": "0.44", "size": "75"}, {"price": "0.5", "size": "20"}, {"price": "0.59", "size": "50"}, {"price": "0.63", "size": "150"}, {"price": "0.64", "size": "120.83"}, {"price": "0.65", "size": "6"}], "asks": [{"price": "0.99", "size": "685.41"}, {"price": "0.98", "size": "6.8"}, {"price": "0.97", "size": "250"}, {"price": "0.96", "size": "20.24"}, {"price": "0.88", "size": "300"}, {"price": "0.87", "size": "200"}, {"price": "0.86", "size": "125"}, {"price": "0.84", "size": "75"}, {"price": "0.82", "size": "10"}, {"price": "0.78", "size": "50"}, {"price": "0.77", "size": "143"}], "event_type": "book", "last_trade_price": "0.670"}, {"market": "0x4f2318966d1d911047658a77c4719eefb2e3cd5ec6a7eb6d83451769b4bfdc4a", "asset_id": "55322150396378295991235003633576671989946519475450886795154531651989281028545", "timestamp": "1769379667333", "hash": "d3a531aebefd779e52cd69f1506fb28f02937a9a", "bids": [{"price": "0.01", "size": "201.38"}, {"price": "0.02", "size": "260.17"}, {"price": "0.03", "size": "52.57"}], "asks": [{"price": "0.99", "size": "201.38"}, {"price": "0.98", "size": "100.17"}, {"price": "0.97", "size": "58.04"}], "event_type": "book", "last_trade_price": ""}, {"market": "0x4f2318966d1d911047658a77c4719eefb2e3cd5ec6a7eb6d83451769b4bfdc4a", "asset_id": "51269927822845915397874154556601405090417191419575563290671322824166293500401", "timestamp": "1769379667333", "hash": "a283fb08474aca1d324ee3308e7145d6a9ade097", "bids": [{"price": "0.01", "size": "201.38"}, {"price": "0.02", "size": "100.17"}, {"price": "0.03", "size": "58.04"}], "asks": [{"price": "0.99", "size": "201.38"}, {"price": "0.98", "size": "260.17"}, {"price": "0.97", "size": "52.57"}], "event_type": "book", "last_trade_price": ""}, {"market": "0x0d06e30e9f153b914ffb633ab5421ee642a71bfe69425ba75752aeff67b12bdb", "asset_id": "29617751314026374328654225436370472560110271693807818896669859460474300824051", "timestamp": "1769383824398", "hash": "4c2de5ac61f07d2dea8ad1ccd42915143552eb2b", "bids": [{"price": "0.01", "size": "253.59"}, {"price": "0.02", "size": "160.48"}, {"price": "0.03", "size": "84.65"}, {"price": "0.04", "size": "9.25"}, {"price": "0.05", "size": "5.47"}], "asks": [{"price": "0.99", "size": "253.54"}, {"price": "0.98", "size": "160.48"}, {"price": "0.97", "size": "85.65"}, {"price": "0.96", "size": "39.24"}], "event_type": "book", "last_trade_price": ""}, {"market": "0xab7cf16e7512fdfa7c82bf20948d23abcdc9df8b3e989428f05d613cfcf54354", "asset_id": "89960116666128494323588624450031313599543895729843144320701171327110792182724", "timestamp": "1769383946637", "hash": "8c925a46a8699e0054af14a49529db7afa3417ae", "bids": [{"price": "0.01", "size": "186.37"}, {"price": "0.02", "size": "5.91"}, {"price": "0.03", "size": "250"}, {"price": "0.04", "size": "20.45"}, {"price": "0.25", "size": "800"}, {"price": "0.26", "size": "200"}, {"price": "0.27", "size": "349"}], "asks": [{"price": "0.99", "size": "202.08"}, {"price": "0.98", "size": "20.46"}, {"price": "0.97", "size": "15"}, {"price": "0.96", "size": "9.25"}, {"price": "0.95", "size": "5.47"}], "event_type": "book", "last_trade_price": ""}, {"market": "0x1ce7cb7e1f55b21bcd0535a2e4645ee3d50b3456fdcc8e412c34b4419d2aa7cd", "asset_id": "999093452326295699764484983280573656083160274972318267036779745606355351908", "timestamp": "1769383824050", "hash": "e41ace5e3f17bee8454dfe284e721e97896c3338", "bids": [{"price": "0.01", "size": "202.04"}, {"price": "0.02", "size": "160.48"}, {"price": "0.03", "size": "86.65"}, {"price": "0.04", "size": "39.24"}], "asks": [{"price": "0.99", "size": "193.28"}, {"price": "0.98", "size": "248.94"}, {"price": "0.97", "size": "22.94"}, {"price": "0.96", "size": "5.47"}], "event_type": "book", "last_trade_price": ""}, {"market": "0xab7cf16e7512fdfa7c82bf20948d23abcdc9df8b3e989428f05d613cfcf54354", "asset_id": "26694422228704253445992829245152017984860059805878639008116428764060631185077", "timestamp": "1769383946637", "hash": "332b8d15299f6ea50d18b70c9471b193d6b05ea0", "bids": [{"price": "0.01", "size": "202.08"}, {"price": "0.02", "size": "20.46"}, {"price": "0.03", "size": "15"}, {"price": "0.04", "size": "9.25"}, {"price": "0.05", "size": "5.47"}], "asks": [{"price": "0.99", "size": "186.37"}, {"price": "0.98", "size": "5.91"}, {"price": "0.97", "size": "250"}, {"price": "0.96", "size": "20.45"}, {"price": "0.75", "size": "800"}, {"price": "0.74", "size": "200"}, {"price": "0.73", "size": "349"}], "event_type": "book", "last_trade_price": ""}, {"market": "0xfbe6fb7c4fd16d7482ea90b7d0d1d7b19bb5e4a712509793e8c2df6bc3693870", "asset_id": "5074774964436566924334319836271529519849765235322159309891651323138989091656", "timestamp": "1769383926621", "hash": "b650dabfbc93ff1adca4c2da7bf4dc55e99954bd", "bids": [{"price": "0.01", "size": "685.41"}, {"price": "0.02", "size": "6.8"}, {"price": "0.03", "size": "250"}, {"price": "0.04", "size": "20.24"}, {"price": "0.12", "size": "300"}, {"price": "0.13", "size": "200"}, {"price": "0.14", "size": "125"}, {"price": "0.16", "size": "75"}, {"price": "0.18", "size": "10"}, {"price": "0.22", "size": "50"}, {"price": "0.23", "size": "143"}], "asks": [{"price": "0.99", "size": "2889.88"}, {"price": "0.98", "size": "2100"}, {"price": "0.97", "size": "8.11"}, {"price": "0.93", "size": "1700"}, {"price": "0.92", "size": "400"}, {"price": "0.91", "size": "7.3"}, {"price": "0.85", "size": "500"}, {"price": "0.84", "size": "250"}, {"price": "0.66", "size": "300"}, {"price": "0.62", "size": "200"}, {"price": "0.59", "size": "125"}, {"price": "0.56", "size": "75"}, {"price": "0.5", "size": "20"}, {"price": "0.41", "size": "50"}, {"price": "0.37", "size": "150"}, {"price": "0.36", "size": "120.83"}, {"price": "0.35", "size": "6"}], "event_type": "book", "last_trade_price": "0.670"}, {"market": "0x0d06e30e9f153b914ffb633ab5421ee642a71bfe69425ba75752aeff67b12bdb", "asset_id": "43227565815878319195568051758851398658578588239517374952722059811781298835522", "timestamp": "1769383824398", "hash": "76bfc4528271ae9b0a21879defb1c0811e455f59", "bids": [{"price": "0.01", "size": "253.54"}, {"price": "0.02", "size": "160.48"}, {"price": "0.03", "size": "85.65"}, {"price": "0.04", "size": "39.24"}], "asks": [{"price": "0.99", "size": "253.59"}, {"price": "0.98", "size": "160.48"}, {"price": "0.97", "size": "84.65"}, {"price": "0.96", "size": "9.25"}, {"price": "0.95", "size": "5.47"}], "event_type": "book", "last_trade_price": ""}, {"market": "0x1ce7cb7e1f55b21bcd0535a2e4645ee3d50b3456fdcc8e412c34b4419d2aa7cd", "asset_id": "27902107709066487738161141460944976085267944595034678592701932004733312636395", "timestamp": "1769383824050", "hash": "72b8e1bf607f87099d7ec69c87fbd2859dfda9d9", "bids": [{"price": "0.01", "size": "193.28"}, {"price": "0.02", "size": "248.94"}, {"price": "0.03", "size": "22.94"}, {"price": "0.04", "size": "5.47"}], "asks": [{"price": "0.99", "size": "202.04"}, {"price": "0.98", "size": "160.48"}, {"price": "0.97", "size": "86.65"}, {"price": "0.96", "size": "39.24"}], "event_type": "book", "last_trade_price": ""}]}
{"_local_timestamp": "2026-01-25T23:34:35.906287+00:00", "data": {"market": "0x1ce7cb7e1f55b21bcd0535a2e4645ee3d50b3456fdcc8e412c34b4419d2aa7cd", "price_changes": [{"asset_id": "27902107709066487738161141460944976085267944595034678592701932004733312636395", "price": "0.05", "size": "23.99", "side": "BUY", "hash": "abf8a234231b0a6a6b8a9bac566eb465d2e8e589", "best_bid": "0.05", "best_ask": "0.96"}, {"asset_id": "999093452326295699764484983280573656083160274972318267036779745606355351908", "price": "0.95", "size": "23.99", "side": "SELL", "hash": "aade9721f0cb9ff3f9148ac0214fd24b9564d066", "best_bid": "0.04", "best_ask": "0.95"}], "timestamp": "1769384075688", "event_type": "price_change"}}
