{"_local_timestamp": "2026-01-25T23:41:28.948093+00:00", "data": [{"market": "0x075644373ee9b10679b5d9c4133202c8f537206eeb456073f0147455ceb1ccfb", "asset_id": "52615588191460470438968831832569300660020698058311540467884028012774443701200", "timestamp": "1769384488124", "hash": "bf971adb4c1e923e9e4c91c511d8fed4cb759c6f", "bids": [{"price": "0.01", "size": "8888.8"}, {"price": "0.02", "size": "1000"}, {"price": "0.03", "size": "1100"}, {"price": "0.04", "size": "6.81"}, {"price": "0.07", "size": "1700"}, {"price": "0.08", "size": "700"}, {"price": "0.09", "size": "4157.32"}, {"price": "0.11", "size": "5.73"}, {"price": "0.14", "size": "100"}, {"price": "0.15", "size": "200"}, {"price": "0.33", "size": "300"}, {"price": "0.37", "size": "200"}, {"price": "0.39", "size": "1190.11"}, {"price": "0.4", "size": "1015.11"}, {"price": "0.43", "size": "75"}, {"price": "0.5", "size": "10"}, {"price": "0.8", "size": "150"}, {"price": "0.81", "size": "56.73"}], "asks": [{"price": "0.99", "size": "280"}, {"price": "0.98", "size": "513.13"}, {"price": "0.97", "size": "1090.11"}, {"price": "0.96", "size": "896.05"}, {"price": "0.95", "size": "250"}, {"price": "0.94", "size": "8.32"}, {"price": "0.91", "size": "261"}], "event_type": "book", "last_trade_price": "0.810"}, {"market": "0x075644373ee9b10679b5d9c4133202c8f537206eeb456073f0147455ceb1ccfb", "asset_id": "96286079885758953696615284399030269817415728790134813853112424523816811502470", "timestamp": "1769384488124", "hash": "f7a5881bcab622868dac97ef5e4e6311b3a1bc81", "bids": [{"price": "0.01", "size": "280"}, {"price": "0.02", "size": "513.13"}, {"price": "0.03", "size": "1090.11"}, {"price": "0.04", "size": "896.05"}, {"price": "0.05", "size": "250"}, {"price": "0.06", "size": "8.32"}, {"price": "0.09", "size": "261"}], "asks": [{"price": "0.99", "size": "8888.8"}, {"price": "0.98", "size": "1000"}, {"price": "0.97", "size": "1100"}, {"price": "0.96", "size": "6.81"}, {"price": "0.93", "size": "1700"}, {"price": "0.92", "size": "700"}, {"price": "0.91", "size": "4157.32"}, {"price": "0.89", "size": "5.73"}, {"price": "0.86", "size": "100"}, {"price": "0.85", "size": "200"}, {"price": "0.67", "size": "300"}, {"price": "0.63", "size": "200"}, {"price": "0.61", "size": "1190.11"}, {"price": "0.6", "size": "1015.11"}, {"price": "0.57", "size": "75"}, {"price": "0.5", "size": "10"}, {"price": "0.2", "size": "150"}, {"price": "0.19", "size": "56.73"}], "event_type": "book", "last_trade_price": "0.810"}]}
{"_local_timestamp": "2026-01-25T23:41:34.122883+00:00", "data": {"market": "0x075644373ee9b10679b5d9c4133202c8f537206eeb456073f0147455ceb1ccfb", "price_changes": [{"asset_id": "52615588191460470438968831832569300660020698058311540467884028012774443701200", "price": "0.11", "size": "0", "side": "BUY", "hash": "aadf9d06232a666d059d3156de2587a0eb2b9520", "best_bid": "0.81", "best_ask": "0.91"}, {"asset_id": "96286079885758953696615284399030269817415728790134813853112424523816811502470", "price": "0.89", "size": "0", "side": "SELL", "hash": "2e7341973b521d027fc1e23a0d617709c8079d87", "best_bid": "0.09", "best_ask": "0.19"}], "timestamp": "1769384494049", "event_type": "price_change"}}
{"_local_timestamp": "2026-01-25T23:41:34.669503+00:00", "data": {"market": "0x075644373ee9b10679b5d9c4133202c8f537206eeb456073f0147455ceb1ccfb", "price_changes": [{"asset_id": "52615588191460470438968831832569300660020698058311540467884028012774443701200", "price": "0.1", "size": "6.3", "side": "BUY", "hash": "144b20bd46eb170df6a6ab564e89c08402f82dca", "best_bid": "0.81", "best_ask": "0.91"}, {"asset_id": "96286079885758953696615284399030269817415728790134813853112424523816811502470", "price": "0.9", "size": "6.3", "side": "SELL", "hash": "b9bf243cee4e97c9da2af756d47f23b3861bb5cb", "best_bid": "0.09", "best_ask": "0.19"}], "timestamp": "1769384494590", "event_type": "price_change"}}
{"_local_timestamp": "2026-01-25T23:41:42.447577+00:00", "data": {"market": "0x075644373ee9b10679b5d9c4133202c8f537206eeb456073f0147455ceb1ccfb", "price_changes": [{"asset_id": "52615588191460470438968831832569300660020698058311540467884028012774443701200", "price": "0.08", "size": "600", "side": "BUY", "hash": "715825984d2cc4cdf596fbad324a70eb63c98e38", "best_bid": "0.81", "best_ask": "0.91"}, {"asset_id": "96286079885758953696615284399030269817415728790134813853112424523816811502470", "price": "0.92", "size": "600", "side": "SELL", "hash": "c0f41b940834f0ff2a6c462dd045c64a210c82e8", "best_bid": "0.09", "best_ask": "0.19"}], "timestamp": "1769384502368", "event_type": "price_change"}}
{"_local_timestamp": "2026-01-25T23:41:42.728492+00:00", "data": {"market": "0x075644373ee9b10679b5d9c4133202c8f537206eeb456073f0147455ceb1ccfb", "price_changes": [{"asset_id": "52615588191460470438968831832569300660020698058311540467884028012774443701200", "price": "0.09", "size": "4257.32", "side": "BUY", "hash": "13a30a4578f0391e4698233bbb4f5f96e19cb8a9", "best_bid": "0.81", "best_ask": "0.91"}, {"asset_id": "96286079885758953696615284399030269817415728790134813853112424523816811502470", "price": "0.91", "size": "4257.32", "side": "SELL", "hash": "300105f6de87cb79352cc9e87a1ca2b590be8ada", "best_bid": "0.09", "best_ask": "0.19"}], "timestamp": "1769384502658", "event_type": "price_change"}}
{"_local_timestamp": "2026-01-25T23:41:45.859342+00:00", "data": {"market": "0x075644373ee9b10679b5d9c4133202c8f537206eeb456073f0147455ceb1ccfb", "price_changes": [{"asset_id": "52615588191460470438968831832569300660020698058311540467884028012774443701200", "price": "0.14", "size": "0", "side": "BUY", "hash": "2bc50afff423683ec971d500c032e6bf765160c2", "best_bid": "0.81", "best_ask": "0.91"}, {"asset_id": "96286079885758953696615284399030269817415728790134813853112424523816811502470", "price": "0.86", "size": "0", "side": "SELL", "hash": "088210ea1097ae992faa57e4fd698a046f0cdf57", "best_bid": "0.09", "best_ask": "0.19"}], "timestamp": "1769384505785", "event_type": "price_change"}}
{"_local_timestamp": "2026-01-25T23:41:46.112579+00:00", "data": {"market": "0x075644373ee9b10679b5d9c4133202c8f537206eeb456073f0147455ceb1ccfb", "price_changes": [{"asset_id": "52615588191460470438968831832569300660020698058311540467884028012774443701200", "price": "0.15", "size": "300", "side": "BUY", "hash": "2ffa1b15fc2ec3078a3ddca22bb041f027d31d99", "best_bid": "0.81", "best_ask": "0.91"}, {"asset_id": "96286079885758953696615284399030269817415728790134813853112424523816811502470", "price": "0.85", "size": "300", "side": "SELL", "hash": "655bd29605efe7c6927f4ba6fe74a0aa81edc4c1", "best_bid": "0.09", "best_ask": "0.19"}], "timestamp": "1769384506018", "event_type": "price_change"}}
