{"_local_timestamp": "2026-01-25T23:41:07.709157+00:00", "data": [{"market": "0x0bd390a2c7c8fce851fcfe72c02f347686c0a362f5aaab331ffa9c54416c6aa2", "asset_id": "17398793204722166217660817067265905985425481568989568628103768246608609488761", "timestamp": "1769384465356", "hash": "5b6ac514719e4265a06519279c135aea3cff1609", "bids": [{"price": "0.01", "size": "9881.81"}, {"price": "0.02", "size": "1800"}, {"price": "0.03", "size": "9.08"}, {"price": "0.07", "size": "1500"}, {"price": "0.08", "size": "4557.32"}, {"price": "0.09", "size": "19"}, {"price": "0.11", "size": "5.73"}, {"price": "0.12", "size": "300"}, {"price": "0.2", "size": "1090.11"}, {"price": "0.21", "size": "890.11"}, {"price": "0.5", "size": "20"}, {"price": "0.76", "size": "150"}, {"price": "0.77", "size": "50"}, {"price": "0.78", "size": "100"}, {"price": "0.79", "size": "150.92"}], "asks": [{"price": "0.99", "size": "5332.55"}, {"price": "0.98", "size": "898.75"}, {"price": "0.97", "size": "10.25"}, {"price": "0.92", "size": "60.72"}, {"price": "0.9", "size": "90"}, {"price": "0.88", "size": "110"}, {"price": "0.87", "size": "27"}, {"price": "0.86", "size": "737"}, {"price": "0.85", "size": "149"}, {"price": "0.84", "size": "715.86"}, {"price": "0.83", "size": "20994.01"}], "event_type": "book", "last_trade_price": "0.170"}, {"market": "0x0bd390a2c7c8fce851fcfe72c02f347686c0a362f5aaab331ffa9c54416c6aa2", "asset_id": "88768287981663040695907057042576315713786188072326767683529020944040826691423", "timestamp": "1769384465356", "hash": "0f2c9be8782b451f32d234ef80f7774401e8713c", "bids": [{"price": "0.01", "size": "5332.55"}, {"price": "0.02", "size": "898.75"}, {"price": "0.03", "size": "10.25"}, {"price": "0.08", "size": "60.72"}, {"price": "0.1", "size": "90"}, {"price": "0.12", "size": "110"}, {"price": "0.13", "size": "27"}, {"price": "0.14", "size": "737"}, {"price": "0.15", "size": "149"}, {"price": "0.16", "size": "715.86"}, {"price": "0.17", "size": "20994.01"}], "asks": [{"price": "0.99", "size": "9881.81"}, {"price": "0.98", "size": "1800"}, {"price": "0.97", "size": "9.08"}, {"price": "0.93", "size": "1500"}, {"price": "0.92", "size": "4557.32"}, {"price": "0.91", "size": "19"}, {"price": "0.89", "size": "5.73"}, {"price": "0.88", "size": "300"}, {"price": "0.8", "size": "1090.11"}, {"price": "0.79", "size": "890.11"}, {"price": "0.5", "size": "20"}, {"price": "0.24", "size": "150"}, {"price": "0.23", "size": "50"}, {"price": "0.22", "size": "100"}, {"price": "0.21", "size": "150.92"}], "event_type": "book", "last_trade_price": "0.170"}]}
{"_local_timestamp": "2026-01-25T23:41:09.381619+00:00", "data": {"market": "0x0bd390a2c7c8fce851fcfe72c02f347686c0a362f5aaab331ffa9c54416c6aa2", "price_changes": [{"asset_id": "17398793204722166217660817067265905985425481568989568628103768246608609488761", "price": "0.12", "size": "200", "side": "BUY", "hash": "a435e3646c51cacee502a1a551e3d65e5f6ed01b", "best_bid": "0.79", "best_ask": "0.83"}, {"asset_id": "88768287981663040695907057042576315713786188072326767683529020944040826691423", "price": "0.88", "size": "200", "side": "SELL", "hash": "96bc21b9d45182276cabf1b3b9d3244267add490", "best_bid": "0.17", "best_ask": "0.21"}], "timestamp": "1769384469302", "event_type": "price_change"}}
{"_local_timestamp": "2026-01-25T23:41:09.689605+00:00", "data": {"market": "0x0bd390a2c7c8fce851fcfe72c02f347686c0a362f5aaab331ffa9c54416c6aa2", "price_changes": [{"asset_id": "17398793204722166217660817067265905985425481568989568628103768246608609488761", "price": "0.08", "size": "4657.32", "side": "BUY", "hash": "d5c539e0e7d445ad71c93808295af4d117cb0c4c", "best_bid": "0.79", "best_ask": "0.83"}, {"asset_id": "88768287981663040695907057042576315713786188072326767683529020944040826691423", "price": "0.92", "size": "4657.32", "side": "SELL", "hash": "a1d89a0ab1bd83110ef2a11a32341f262abdd138", "best_bid": "0.17", "best_ask": "0.21"}], "timestamp": "1769384469599", "event_type": "price_change"}}
{"_local_timestamp": "2026-01-25T23:41:11.742861+00:00", "data": {"market": "0x0bd390a2c7c8fce851fcfe72c02f347686c0a362f5aaab331ffa9c54416c6aa2", "price_changes": [{"asset_id": "17398793204722166217660817067265905985425481568989568628103768246608609488761", "price": "0.12", "size": "100", "side": "BUY", "hash": "cbd35d04ee80290fa115e9bf723f7dc54eee97cf", "best_bid": "0.79", "best_ask": "0.83"}, {"asset_id": "88768287981663040695907057042576315713786188072326767683529020944040826691423", "price": "0.88", "size": "100", "side": "SELL", "hash": "7bb189bc068071338b2bc2f287880915be6e4b97", "best_bid": "0.17", "best_ask": "0.21"}], "timestamp": "1769384471657", "event_type": "price_change"}}
{"_local_timestamp": "2026-01-25T23:41:11.860144+00:00", "data": {"market": "0x0bd390a2c7c8fce851fcfe72c02f347686c0a362f5aaab331ffa9c54416c6aa2", "price_changes": [{"asset_id": "88768287981663040695907057042576315713786188072326767683529020944040826691423", "price": "0.21", "size": "69", "side": "SELL", "hash": "f12b838aa7645c928535dd5b4cda68d945a41d8b", "best_bid": "0.17", "best_ask": "0.21"}, {"asset_id": "17398793204722166217660817067265905985425481568989568628103768246608609488761", "price": "0.79", "size": "69", "side": "BUY", "hash": "2f6706a91445079d53593b710ca0c0909968edff", "best_bid": "0.79", "best_ask": "0.83"}], "timestamp": "1769384471788", "event_type": "price_change"}}
{"_local_timestamp": "2026-01-25T23:41:12.050359+00:00", "data": {"market": "0x0bd390a2c7c8fce851fcfe72c02f347686c0a362f5aaab331ffa9c54416c6aa2", "price_changes": [{"asset_id": "17398793204722166217660817067265905985425481568989568628103768246608609488761", "price": "0.08", "size": "4757.32", "side": "BUY", "hash": "20a6664cb060c8c2fcdf7c44d7933c266e81ffce", "best_bid": "0.79", "best_ask": "0.83"}, {"asset_id": "88768287981663040695907057042576315713786188072326767683529020944040826691423", "price": "0.92", "size": "4757.32", "side": "SELL", "hash": "cac0c53ee39f5021d097400999c877e800f4adfe", "best_bid": "0.17", "best_ask": "0.21"}], "timestamp": "1769384471944", "event_type": "price_change"}}
{"_local_timestamp": "2026-01-25T23:41:12.174148+00:00", "data": {"market": "0x0bd390a2c7c8fce851fcfe72c02f347686c0a362f5aaab331ffa9c54416c6aa2", "price_changes": [{"asset_id": "17398793204722166217660817067265905985425481568989568628103768246608609488761", "price": "0.09", "size": "1289.1", "side": "BUY", "hash": "fff12c92d4453f43988fc28cf260043e5ab25962", "best_bid": "0.79", "best_ask": "0.83"}, {"asset_id": "88768287981663040695907057042576315713786188072326767683529020944040826691423", "price": "0.91", "size": "1289.1", "side": "SELL", "hash": "93ccdcd11d6fc70e1d7e1ffb64638b78777f6b05", "best_bid": "0.17", "best_ask": "0.21"}], "timestamp": "1769384472048", "event_type": "price_change"}}
{"_local_timestamp": "2026-01-25T23:41:12.176457+00:00", "data": {"market": "0x0bd390a2c7c8fce851fcfe72c02f347686c0a362f5aaab331ffa9c54416c6aa2", "price_changes": [{"asset_id": "17398793204722166217660817067265905985425481568989568628103768246608609488761", "price": "0.09", "size": "2179.21", "side": "BUY", "hash": "a81aff73ec46a0c32bed85da0cb8d7798698cd8e", "best_bid": "0.79", "best_ask": "0.83"}, {"asset_id": "88768287981663040695907057042576315713786188072326767683529020944040826691423", "price": "0.91", "size": "2179.21", "side": "SELL", "hash": "7e1919646e0152a409f721799b958271f986140e", "best_bid": "0.17", "best_ask": "0.21"}], "timestamp": "1769384472050", "event_type": "price_change"}}
{"_local_timestamp": "2026-01-25T23:41:12.180204+00:00", "data": {"market": "0x0bd390a2c7c8fce851fcfe72c02f347686c0a362f5aaab331ffa9c54416c6aa2", "price_changes": [{"asset_id": "17398793204722166217660817067265905985425481568989568628103768246608609488761", "price": "0.09", "size": "4176.32", "side": "BUY", "hash": "114ec4677b23c10da84b918d53256b31ce078ee3", "best_bid": "0.79", "best_ask": "0.83"}, {"asset_id": "88768287981663040695907057042576315713786188072326767683529020944040826691423", "price": "0.91", "size": "4176.32", "side": "SELL", "hash": "e62a8d28ded51105c1738fca5f0c96a2f2887852", "best_bid": "0.17", "best_ask": "0.21"}], "timestamp": "1769384472053", "event_type": "price_change"}}
