{"_local_timestamp": "2026-01-25T23:34:13.572608+00:00", "data": [{"market": "0x77468c50a9ce714aa9eb16e2bb90b98d16a4a585547ed4fdbae452db5f9d386f", "asset_id": "89110110129769653741673413416736327449432662042064593140215415289169242252459", "timestamp": "1769383886055", "hash": "a0c55f6f66bdc6f4138835172c6b39590fe376e4", "bids": [{"price": "0.01", "size": "292.66"}, {"price": "0.02", "size": "247.06"}, {"price": "0.03", "size": "8.96"}, {"price": "0.06", "size": "13.85"}], "asks": [{"price": "0.99", "size": "301.38"}, {"price": "0.98", "size": "217.17"}, {"price": "0.97", "size": "52.57"}], "event_type": "book", "last_trade_price": ""}, {"market": "0x6234e81fcc1c02ed2274c46d0c1e08d9b100a2983ee9523c8df247005c207abf", "asset_id": "108013987182781883088946717206137049888071411836265215911261197121341773479762", "timestamp": "1769383983502", "hash": "48ac74aee0f6b0492d226ade1f128210fc449674", "bids": [{"price": "0.01", "size": "10449.88"}, {"price": "0.02", "size": "43.27"}, {"price": "0.07", "size": "1145.58"}, {"price": "0.08", "size": "890.11"}], "asks": [{"price": "0.99", "size": "10455.24"}, {"price": "0.98", "size": "25.56"}, {"price": "0.97", "size": "4157.32"}, {"price": "0.96", "size": "1140.11"}, {"price": "0.95", "size": "896.12"}], "event_type": "book", "last_trade_price": ""}, {"market": "0xe5ece8cdf384a1db07d1a3e1c0e7b574b6410f2522ef99016e19bf8769af824c", "asset_id": "64272227068724518405946811343122194564242666319916909822004255327797089282976", "timestamp": "1769383985196", "hash": "bc55c5cb65698126016654a4e0536c69295f42be", "bids": [{"price": "0.01", "size": "10551.22"}, {"price": "0.02", "size": "42.6"}, {"price": "0.06", "size": "1140.11"}, {"price": "0.07", "size": "895.58"}], "asks": [{"price": "0.99", "size": "10551.22"}, {"price": "0.98", "size": "26.15"}, {"price": "0.95", "size": "1140.11"}, {"price": "0.94", "size": "895.59"}], "event_type": "book", "last_trade_price": ""}, {"market": "0x3421d76e255190064bff57e8d27d3a3fedc0d4a620c7055958f206f428ee0be1", "asset_id": "103315802636477709585051407132235873504885885159504812994283629225150005412508", "timestamp": "1769384047058", "hash": "eba32ae9c397e3b6af6485cbb59348ed2aa4bbbd", "bids": [{"price": "0.01", "size": "6679.11"}, {"price": "0.02", "size": "4313.44"}, {"price": "0.03", "size": "300"}, {"price": "0.04", "size": "21.93"}, {"price": "0.11", "size": "300"}, {"price": "0.12", "size": "1090.11"}, {"price": "0.13", "size": "1015.11"}, {"price": "0.14", "size": "75"}, {"price": "0.29", "size": "10"}, {"price": "0.3", "size": "102"}], "asks": [{"price": "0.99", "size": "8889.12"}, {"price": "0.98", "size": "2250"}, {"price": "0.97", "size": "7"}, {"price": "0.93", "size": "1700"}, {"price": "0.92", "size": "4157.32"}, {"price": "0.9", "size": "300"}, {"price": "0.89", "size": "106.27"}, {"price": "0.88", "size": "600"}, {"price": "0.84", "size": "300"}, {"price": "0.81", "size": "200"}, {"price": "0.8", "size": "525"}, {"price": "0.78", "size": "75"}, {"price": "0.5", "size": "5890.11"}, {"price": "0.49", "size": "890.11"}, {"price": "0.42", "size": "10"}, {"price": "0.41", "size": "50"}, {"price": "0.4", "size": "17"}], "event_type": "book", "last_trade_price": "0.320"}, {"market": "0x3421d76e255190064bff57e8d27d3a3fedc0d4a620c7055958f206f428ee0be1", "asset_id": "81852449125816458832954503084733816912857404751370673968752277659227044513814", "timestamp": "1769384047058", "hash": "e34a005485b7e1d6a05a6fd6985a7bd209ff3d56", "bids": [{"price": "0.01", "size": "8889.12"}, {"price": "0.02", "size": "2250"}, {"price": "0.03", "size": "7"}, {"price": "0.07", "size": "1700"}, {"price": "0.08", "size": "4157.32"}, {"price": "0.1", "size": "300"}, {"price": "0.11", "size": "106.27"}, {"price": "0.12", "size": "600"}, {"price": "0.16", "size": "300"}, {"price": "0.19", "size": "200"}, {"price": "0.2", "size": "525"}, {"price": "0.22", "size": "75"}, {"price": "0.5", "size": "5890.11"}, {"price": "0.51", "size": "890.11"}, {"price": "0.58", "size": "10"}, {"price": "0.59", "size": "50"}, {"price": "0.6", "size": "17"}], "asks": [{"price": "0.99", "size": "6679.11"}, {"price": "0.98", "size": "4313.44"}, {"price": "0.97", "size": "300"}, {"price": "0.96", "size": "21.93"}, {"price": "0.89", "size": "300"}, {"price": "0.88", "size": "1090.11"}, {"price": "0.87", "size": "1015.11"}, {"price": "0.86", "size": "75"}, {"price": "0.71", "size": "10"}, {"price": "0.7", "size": "102"}], "event_type": "book", "last_trade_price": "0.320"}, {"market": "0x6234e81fcc1c02ed2274c46d0c1e08d9b100a2983ee9523c8df247005c207abf", "asset_id": "23734412859247630560399625842733291562114760515167747251292013565862273813395", "timestamp": "1769383983502", "hash": "320617076a64a9e381b861240e324572bdc559da", "bids": [{"price": "0.01", "size": "10455.24"}, {"price": "0.02", "size": "25.56"}, {"price": "0.03", "size": "4157.32"}, {"price": "0.04", "size": "1140.11"}, {"price": "0.05", "size": "896.12"}], "asks": [{"price": "0.99", "size": "10449.88"}, {"price": "0.98", "size": "43.27"}, {"price": "0.93", "size": "1145.58"}, {"price": "0.92", "size": "890.11"}], "event_type": "book", "last_trade_price": ""}, {"market": "0x032f55fac09d8473633328659c36e68dd83394c969d7a058d3aba42db976eabe", "asset_id": "66991556103391952411457479917288428466035703391132788603226101064477717734512", "timestamp": "1769383985025", "hash": "336798ff21353403937426b876ffe958d5590425", "bids": [{"price": "0.01", "size": "10502.22"}, {"price": "0.02", "size": "156.7"}, {"price": "0.03", "size": "4170.29"}, {"price": "0.05", "size": "1140.11"}, {"price": "0.06", "size": "901.06"}], "asks": [{"price": "0.99", "size": "10498.23"}, {"price": "0.98", "size": "155.14"}, {"price": "0.97", "size": "4183.62"}, {"price": "0.9", "size": "1150.11"}, {"price": "0.89", "size": "890.11"}], "event_type": "book", "last_trade_price": ""}, {"market": "0xc488136c1309fdf01ad2dc551cfbdd1a4ecb469bfa99ff730b3703f6fe781616", "asset_id": "63157710513631305089919593879923965576929104877174495560209977486926340524838", "timestamp": "1769383981040", "hash": "9b4fef1d14352293a94bfae12a7c48fdc478d232", "bids": [{"price": "0.01", "size": "10547.95"}, {"price": "0.02", "size": "49.7"}, {"price": "0.09", "size": "1140.11"}, {"price": "0.1", "size": "890.11"}], "asks": [{"price": "0.99", "size": "10549.88"}, {"price": "0.98", "size": "43.27"}, {"price": "0.93", "size": "1140.11"}, {"price": "0.92", "size": "890.11"}], "event_type": "book", "last_trade_price": ""}, {"market": "0xc488136c1309fdf01ad2dc551cfbdd1a4ecb469bfa99ff730b3703f6fe781616", "asset_id": "61761622373753806235956235367461347695411667590201283078962630474317269596032", "timestamp": "1769383981040", "hash": "ea92d71bc3925d164d2cf3e46ca6c8d134ce81e4", "bids": [{"price": "0.01", "size": "10549.88"}, {"price": "0.02", "size": "43.27"}, {"price": "0.07", "size": "1140.11"}, {"price": "0.08", "size": "890.11"}], "asks": [{"price": "0.99", "size": "10547.95"}, {"price": "0.98", "size": "49.7"}, {"price": "0.91", "size": "1140.11"}, {"price": "0.9", "size": "890.11"}], "event_type": "book", "last_trade_price": ""}, {"market": "0x77468c50a9ce714aa9eb16e2bb90b98d16a4a585547ed4fdbae452db5f9d386f", "asset_id": "42952029575471329717653204447729463818558544752972282503128626702262120630797", "timestamp": "1769383886055", "hash": "3a148001130bdfd202966b42e9a3dbc3bb49f75e", "bids": [{"price": "0.01", "size": "301.38"}, {"price": "0.02", "size": "217.17"}, {"price": "0.03", "size": "52.57"}], "asks": [{"price": "0.99", "size": "292.66"}, {"price": "0.98", "size": "247.06"}, {"price": "0.97", "size": "8.96"}, {"price": "0.94", "size": "13.85"}], "event_type": "book", "last_trade_price": ""}, {"market": "0xe5ece8cdf384a1db07d1a3e1c0e7b574b6410f2522ef99016e19bf8769af824c", "asset_id": "6078890170058263187036305734955758347732322755019603620472935769879736864916", "timestamp": "1769383985196", "hash": "4a79c952a144bfaeda94d1848273e2579c247843", "bids": [{"price": "0.01", "size": "10551.22"}, {"price": "0.02", "size": "26.15"}, {"price": "0.05", "size": "1140.11"}, {"price": "0.06", "size": "895.59"}], "asks": [{"price": "0.99", "size": "10551.22"}, {"price": "0.98", "size": "42.6"}, {"price": "0.94", "size": "1140.11"}, {"price": "0.93", "size": "895.58"}], "event_type": "book", "last_trade_price": ""}, {"market": "0x2f4b0113990e401417cb51a9c1af07e5d3ff0eb903796da0dde73e08b4682754", "asset_id": "105355403808706837932524308070165900151422956701523638055502682446324798876509", "timestamp": "1769383974746", "hash": "fa985fb09f27d4d98acc0fe0f58ca5eadf00af16", "bids": [{"price": "0.01", "size": "11396.35"}, {"price": "0.02", "size": "158.94"}, {"price": "0.03", "size": "11.07"}, {"price": "0.04", "size": "250"}, {"price": "0.05", "size": "6.01"}], "asks": [{"price": "0.99", "size": "11399.58"}, {"price": "0.98", "size": "160.48"}, {"price": "0.97", "size": "93.65"}, {"price": "0.96", "size": "44.71"}], "event_type": "book", "last_trade_price": ""}, {"market": "0x032f55fac09d8473633328659c36e68dd83394c969d7a058d3aba42db976eabe", "asset_id": "3599412144360911471033434445431387136341134279131242863585779959428118992221", "timestamp": "1769383985025", "hash": "323e3ab0d75f6fa565bc4efada3f39888caa172f", "bids": [{"price": "0.01", "size": "10498.23"}, {"price": "0.02", "size": "155.14"}, {"price": "0.03", "size": "4183.62"}, {"price": "0.1", "size": "1150.11"}, {"price": "0.11", "size": "890.11"}], "asks": [{"price": "0.99", "size": "10502.22"}, {"price": "0.98", "size": "156.7"}, {"price": "0.97", "size": "4170.29"}, {"price": "0.95", "size": "1140.11"}, {"price": "0.94", "size": "901.06"}], "event_type": "book", "last_trade_price": ""}, {"market": "0x0c7559bafb01fb817d9ba0d52f89e98a966f0860051f5890dc3cb9a641e44d23", "asset_id": "65965274837578386729789100600150477596210754897074823053053556377091296253517", "timestamp": "1769383886055", "hash": "824abe1cb8ed5234d29bcc2a9a0e659622cb1d00", "bids": [{"price": "0.01", "size": "292.71"}, {"price": "0.02", "size": "247.13"}, {"price": "0.03", "size": "9.19"}, {"price": "0.06", "size": "13.71"}], "asks": [{"price": "0.99", "size": "301.38"}, {"price": "0.98", "size": "217.17"}, {"price": "0.97", "size": "52.57"}], "event_type": "book", "last_trade_price": ""}, {"market": "0x0c7559bafb01fb817d9ba0d52f89e98a966f0860051f5890dc3cb9a641e44d23", "asset_id": "42287222517090165150415081891120612726666008470495474912977896615749748505495", "timestamp": "1769383886055", "hash": "120027130358598f7f8058c5e19cecc37273ba09", "bids": [{"price": "0.01", "size": "301.38"}, {"price": "0.02", "size": "217.17"}, {"price": "0.03", "size": "52.57"}], "asks": [{"price": "0.99", "size": "292.71"}, {"price": "0.98", "size": "247.13"}, {"price": "0.97", "size": "9.19"}, {"price": "0.94", "size": "13.71"}], "event_type": "book", "last_trade_price": ""}, {"market": "0x2f4b0113990e401417cb51a9c1af07e5d3ff0eb903796da0dde73e08b4682754", "asset_id": "110118670759224168129011353197635088241412053465564626113293944214285771990476", "timestamp": "1769383974746", "hash": "c38aa69d264c64c0d9ecc3d2a86bb31e646ec700", "bids": [{"price": "0.01", "size": "11399.58"}, {"price": "0.02", "size": "160.48"}, {"price": "0.03", "size": "93.65"}, {"price": "0.04", "size": "44.71"}], "asks": [{"price": "0.99", "size": "11396.35"}, {"price": "0.98", "size": "158.94"}, {"price": "0.97", "size": "11.07"}, {"price": "0.96", "size": "250"}, {"price": "0.95", "size": "6.01"}], "event_type": "book", "last_trade_price": ""}]}
{"_local_timestamp": "2026-01-25T23:34:21.766329+00:00", "data": {"market": "0x3421d76e255190064bff57e8d27d3a3fedc0d4a620c7055958f206f428ee0be1", "price_changes": [{"asset_id": "81852449125816458832954503084733816912857404751370673968752277659227044513814", "price": "0.11", "size": "6.27", "side": "BUY", "hash": "7504b3f6a4d3a0adf3f8ee8723d8433d6f11fe79", "best_bid": "0.6", "best_ask": "0.7"}, {"asset_id": "103315802636477709585051407132235873504885885159504812994283629225150005412508", "price": "0.89", "size": "6.27", "side": "SELL", "hash": "ea8ba5a729f1391f10bcfe1946523d6198df0ac8", "best_bid": "0.3", "best_ask": "0.4"}], "timestamp": "1769384061552", "event_type": "price_change"}}
{"_local_timestamp": "2026-01-25T23:34:21.817881+00:00", "data": {"market": "0x3421d76e255190064bff57e8d27d3a3fedc0d4a620c7055958f206f428ee0be1", "price_changes": [{"asset_id": "81852449125816458832954503084733816912857404751370673968752277659227044513814", "price": "0.08", "size": "0", "side": "BUY", "hash": "3dcc7b99cf6ed786526dab1b94f6dd9ad29d689a", "best_bid": "0.6", "best_ask": "0.7"}, {"asset_id": "103315802636477709585051407132235873504885885159504812994283629225150005412508", "price": "0.92", "size": "0", "side": "SELL", "hash": "531239f9b6dc4a0e0aa1efc235ba21d18b9f1dea", "best_bid": "0.3", "best_ask": "0.4"}], "timestamp": "1769384061602", "event_type": "price_change"}}
{"_local_timestamp": "2026-01-25T23:34:21.833370+00:00", "data": {"market": "0x3421d76e255190064bff57e8d27d3a3fedc0d4a620c7055958f206f428ee0be1", "price_changes": [{"asset_id": "81852449125816458832954503084733816912857404751370673968752277659227044513814", "price": "0.13", "size": "1270.1", "side": "BUY", "hash": "841e9f99bfad021cfa348d63c0850fea4273680f", "best_bid": "0.6", "best_ask": "0.7"}, {"asset_id": "103315802636477709585051407132235873504885885159504812994283629225150005412508", "price": "0.87", "size": "1270.1", "side": "SELL", "hash": "6a20d59992575fd127d622849b9e3b88974288bf", "best_bid": "0.3", "best_ask": "0.4"}], "timestamp": "1769384061624", "event_type": "price_change"}}
{"_local_timestamp": "2026-01-25T23:34:21.833756+00:00", "data": {"market": "0x3421d76e255190064bff57e8d27d3a3fedc0d4a620c7055958f206f428ee0be1", "price_changes": [{"asset_id": "81852449125816458832954503084733816912857404751370673968752277659227044513814", "price": "0.13", "size": "2160.21", "side": "BUY", "hash": "04302ea9a6661f2f3ac0c6dce16159cb78185baa", "best_bid": "0.6", "best_ask": "0.7"}, {"asset_id": "103315802636477709585051407132235873504885885159504812994283629225150005412508", "price": "0.87", "size": "2160.21", "side": "SELL", "hash": "3ec8f708264e3cf84282ac4abf93e4eb75ba289c", "best_bid": "0.3", "best_ask": "0.4"}], "timestamp": "1769384061625", "event_type": "price_change"}}
{"_local_timestamp": "2026-01-25T23:34:21.834048+00:00", "data": {"market": "0x3421d76e255190064bff57e8d27d3a3fedc0d4a620c7055958f206f428ee0be1", "price_changes": [{"asset_id": "81852449125816458832954503084733816912857404751370673968752277659227044513814", "price": "0.13", "size": "4157.32", "side": "BUY", "hash": "d989f7b9a682f29f09dad6cdcf96de53167f0dc6", "best_bid": "0.6", "best_ask": "0.7"}, {"asset_id": "103315802636477709585051407132235873504885885159504812994283629225150005412508", "price": "0.87", "size": "4157.32", "side": "SELL", "hash": "091b4f524cb3d552783b0d3035cd309a8b106b32", "best_bid": "0.3", "best_ask": "0.4"}], "timestamp": "1769384061626", "event_type": "price_change"}}
{"_local_timestamp": "2026-01-25T23:34:21.927453+00:00", "data": {"market": "0x3421d76e255190064bff57e8d27d3a3fedc0d4a620c7055958f206f428ee0be1", "price_changes": [{"asset_id": "81852449125816458832954503084733816912857404751370673968752277659227044513814", "price": "0.6", "size": "0", "side": "BUY", "hash": "82293d7b4f0ea891d65b8be37b2c0f9fa2fdc2ee", "best_bid": "0.59", "best_ask": "0.7"}, {"asset_id": "103315802636477709585051407132235873504885885159504812994283629225150005412508", "price": "0.4", "size": "0", "side": "SELL", "hash": "2302f346dc866e78728877938c9714b251c3e702", "best_bid": "0.3", "best_ask": "0.41"}], "timestamp": "1769384061719", "event_type": "price_change"}}
{"_local_timestamp": "2026-01-25T23:34:22.045126+00:00", "data": {"market": "0x3421d76e255190064bff57e8d27d3a3fedc0d4a620c7055958f206f428ee0be1", "price_changes": [{"asset_id": "81852449125816458832954503084733816912857404751370673968752277659227044513814", "price": "0.12", "size": "700", "side": "BUY", "hash": "ac0f52366e30991322e84067c4bb1a2323ee022d", "best_bid": "0.59", "best_ask": "0.7"}, {"asset_id": "103315802636477709585051407132235873504885885159504812994283629225150005412508", "price": "0.88", "size": "700", "side": "SELL", "hash": "f24d1a62a5e6b7ff3a118fc84ab562231e940fe4", "best_bid": "0.3", "best_ask": "0.41"}], "timestamp": "1769384061838", "event_type": "price_change"}}
{"_local_timestamp": "2026-01-25T23:34:22.067766+00:00", "data": {"market": "0x3421d76e255190064bff57e8d27d3a3fedc0d4a620c7055958f206f428ee0be1", "price_changes": [{"asset_id": "81852449125816458832954503084733816912857404751370673968752277659227044513814", "price": "0.6", "size": "17", "side": "BUY", "hash": "378690847effb48f95210cee76e15e0f4ac92252", "best_bid": "0.6", "best_ask": "0.7"}, {"asset_id": "103315802636477709585051407132235873504885885159504812994283629225150005412508", "price": "0.4", "size": "17", "side": "SELL", "hash": "a297496742c1496e4fa90d556422d09dd91e80d5", "best_bid": "0.3", "best_ask": "0.4"}], "timestamp": "1769384061850", "event_type": "price_change"}}
{"_local_timestamp": "2026-01-25T23:34:29.483201+00:00", "data": {"market": "0x3421d76e255190064bff57e8d27d3a3fedc0d4a620c7055958f206f428ee0be1", "price_changes": [{"asset_id": "81852449125816458832954503084733816912857404751370673968752277659227044513814", "price": "0.12", "size": "600", "side": "BUY", "hash": "bf7a9bc0ec928176871ee5426ed9966b3c1e15f9", "best_bid": "0.6", "best_ask": "0.7"}, {"asset_id": "103315802636477709585051407132235873504885885159504812994283629225150005412508", "price": "0.88", "size": "600", "side": "SELL", "hash": "93aba7a4438c94096e427fb7536ea3ffaed47441", "best_bid": "0.3", "best_ask": "0.4"}], "timestamp": "1769384069218", "event_type": "price_change"}}
{"_local_timestamp": "2026-01-25T23:34:29.703621+00:00", "data": {"market": "0x3421d76e255190064bff57e8d27d3a3fedc0d4a620c7055958f206f428ee0be1", "price_changes": [{"asset_id": "81852449125816458832954503084733816912857404751370673968752277659227044513814", "price": "0.08", "size": "100", "side": "BUY", "hash": "872c28ca974b953c3588338edb34b8d937c83c8f", "best_bid": "0.6", "best_ask": "0.7"}, {"asset_id": "103315802636477709585051407132235873504885885159504812994283629225150005412508", "price": "0.92", "size": "100", "side": "SELL", "hash": "73a90daba4a0df79cbc980673811181cba8a234c", "best_bid": "0.3", "best_ask": "0.4"}], "timestamp": "1769384069485", "event_type": "price_change"}}
{"_local_timestamp": "2026-01-25T23:34:30.177440+00:00", "data": {"market": "0x3421d76e255190064bff57e8d27d3a3fedc0d4a620c7055958f206f428ee0be1", "price_changes": [{"asset_id": "81852449125816458832954503084733816912857404751370673968752277659227044513814", "price": "0.12", "size": "200", "side": "BUY", "hash": "bdc46e28abe90eb83c423e1b63a5ba0f91fe0067", "best_bid": "0.6", "best_ask": "0.7"}, {"asset_id": "103315802636477709585051407132235873504885885159504812994283629225150005412508", "price": "0.88", "size": "200", "side": "SELL", "hash": "335714525ec13d1841f4d1a8cacd8454d86fc34a", "best_bid": "0.3", "best_ask": "0.4"}], "timestamp": "1769384069833", "event_type": "price_change"}}
{"_local_timestamp": "2026-01-25T23:34:30.375952+00:00", "data": {"market": "0x3421d76e255190064bff57e8d27d3a3fedc0d4a620c7055958f206f428ee0be1", "price_changes": [{"asset_id": "81852449125816458832954503084733816912857404751370673968752277659227044513814", "price": "0.08", "size": "1370.1", "side": "BUY", "hash": "592923c91325ed745982c2673b425f0bbe707ad3", "best_bid": "0.6", "best_ask": "0.7"}, {"asset_id": "103315802636477709585051407132235873504885885159504812994283629225150005412508", "price": "0.92", "size": "1370.1", "side": "SELL", "hash": "0543b041a6d4af398f9b14d5f72ceb257724a99b", "best_bid": "0.3", "best_ask": "0.4"}], "timestamp": "1769384070050", "event_type": "price_change"}}
{"_local_timestamp": "2026-01-25T23:34:30.376938+00:00", "data": {"market": "0x3421d76e255190064bff57e8d27d3a3fedc0d4a620c7055958f206f428ee0be1", "price_changes": [{"asset_id": "81852449125816458832954503084733816912857404751370673968752277659227044513814", "price": "0.08", "size": "2260.21", "side": "BUY", "hash": "a9c32f22429f509b208a8268432c04a425c93c1c", "best_bid": "0.6", "best_ask": "0.7"}, {"asset_id": "103315802636477709585051407132235873504885885159504812994283629225150005412508", "price": "0.92", "size": "2260.21", "side": "SELL", "hash": "ecc5406cfbd2e4dfc9cf2dc8d9ae3bd29da6e5c2", "best_bid": "0.3", "best_ask": "0.4"}], "timestamp": "1769384070051", "event_type": "price_change"}}
{"_local_timestamp": "2026-01-25T23:34:30.407541+00:00", "data": {"market": "0x3421d76e255190064bff57e8d27d3a3fedc0d4a620c7055958f206f428ee0be1", "price_changes": [{"asset_id": "81852449125816458832954503084733816912857404751370673968752277659227044513814", "price": "0.08", "size": "4257.32", "side": "BUY", "hash": "217aa7208795f6e1d60c4ba2f7b26880911db786", "best_bid": "0.6", "best_ask": "0.7"}, {"asset_id": "103315802636477709585051407132235873504885885159504812994283629225150005412508", "price": "0.92", "size": "4257.32", "side": "SELL", "hash": "1a1fe11e9cd77438ff6183a3d1936a7cb8ad8e6c", "best_bid": "0.3", "best_ask": "0.4"}], "timestamp": "1769384070082", "event_type": "price_change"}}
{"_local_timestamp": "2026-01-25T23:34:30.435092+00:00", "data": {"market": "0x3421d76e255190064bff57e8d27d3a3fedc0d4a620c7055958f206f428ee0be1", "price_changes": [{"asset_id": "81852449125816458832954503084733816912857404751370673968752277659227044513814", "price": "0.08", "size": "4657.32", "side": "BUY", "hash": "bfc6748456f1c384089ed921d83d19f96cb4ead5", "best_bid": "0.6", "best_ask": "0.7"}, {"asset_id": "103315802636477709585051407132235873504885885159504812994283629225150005412508", "price": "0.92", "size": "4657.32", "side": "SELL", "hash": "6f3e92387e83c0e99d01b25feeca1ea0b7474719", "best_bid": "0.3", "best_ask": "0.4"}], "timestamp": "1769384070110", "event_type": "price_change"}}
{"_local_timestamp": "2026-01-25T23:34:31.952964+00:00", "data": {"market": "0x3421d76e255190064bff57e8d27d3a3fedc0d4a620c7055958f206f428ee0be1", "price_changes": [{"asset_id": "81852449125816458832954503084733816912857404751370673968752277659227044513814", "price": "0.12", "size": "100", "side": "BUY", "hash": "6424ce2446a6083c645ceb734e5f9ba4c7d20efa", "best_bid": "0.6", "best_ask": "0.7"}, {"asset_id": "103315802636477709585051407132235873504885885159504812994283629225150005412508", "price": "0.88", "size": "100", "side": "SELL", "hash": "439ceb461ccbcd23c9985808d317d8e45d63bbe0", "best_bid": "0.3", "best_ask": "0.4"}], "timestamp": "1769384071736", "event_type": "price_change"}}
