{"_local_timestamp": "2026-01-25T23:34:26.806461+00:00", "data": [{"market": "0xe1c55a41c389051295edbf61184a1ac47d5903f85fd8c3ac5ff92b819e7758d9", "asset_id": "45623465970039811985156732364582292005770996455343860241298085709716069575338", "timestamp": "1769384003783", "hash": "305a890d72f21fd151864d063da92f6f43ad65ba", "bids": [{"price": "0.01", "size": "1050"}, {"price": "0.02", "size": "4164.63"}, {"price": "0.03", "size": "250"}, {"price": "0.04", "size": "7.69"}, {"price": "0.06", "size": "300"}, {"price": "0.07", "size": "200"}, {"price": "0.08", "size": "1090.11"}, {"price": "0.09", "size": "946.17"}, {"price": "0.14", "size": "10"}, {"price": "0.18", "size": "5000"}, {"price": "0.2", "size": "199"}, {"price": "0.21", "size": "240"}], "asks": [{"price": "0.99", "size": "8858.88"}, {"price": "0.98", "size": "1000"}, {"price": "0.97", "size": "1100"}, {"price": "0.96", "size": "6.86"}, {"price": "0.93", "size": "1700"}, {"price": "0.92", "size": "400"}, {"price": "0.89", "size": "5.7"}, {"price": "0.85", "size": "600"}, {"price": "0.84", "size": "2197.11"}, {"price": "0.8", "size": "200"}, {"price": "0.73", "size": "200"}, {"price": "0.66", "size": "100"}, {"price": "0.63", "size": "300"}, {"price": "0.58", "size": "200"}, {"price": "0.54", "size": "125"}, {"price": "0.51", "size": "75"}, {"price": "0.34", "size": "5000"}, {"price": "0.33", "size": "2160.21"}, {"price": "0.3", "size": "160"}, {"price": "0.29", "size": "1090.11"}, {"price": "0.28", "size": "920.11"}], "event_type": "book", "last_trade_price": "0.250"}, {"market": "0x3d423886d4c88fd85a749f320dcd26a178eec1f3251aaf86dd830c556a13b1a4", "asset_id": "31078513427774865708328993529785858119819522311749988129560870156298391387115", "timestamp": "1769379730659", "hash": "e8b0def310f2afa957865eed7b6b6f34b6f36379", "bids": [{"price": "0.01", "size": "176.9"}, {"price": "0.02", "size": "104.79"}, {"price": "0.03", "size": "15.83"}], "asks": [{"price": "0.99", "size": "176.9"}, {"price": "0.98", "size": "100.79"}, {"price": "0.97", "size": "21.3"}], "event_type": "book", "last_trade_price": ""}, {"market": "0xe1c55a41c389051295edbf61184a1ac47d5903f85fd8c3ac5ff92b819e7758d9", "asset_id": "112453745798286260476619849085493387301317915928200921827655518887089027485044", "timestamp": "1769384003783", "hash": "1487c86d260d48487f4d15d6da0467614af1fe00", "bids": [{"price": "0.01", "size": "8858.88"}, {"price": "0.02", "size": "1000"}, {"price": "0.03", "size": "1100"}, {"price": "0.04", "size": "6.86"}, {"price": "0.07", "size": "1700"}, {"price": "0.08", "size": "400"}, {"price": "0.11", "size": "5.7"}, {"price": "0.15", "size": "600"}, {"price": "0.16", "size": "2197.11"}, {"price": "0.2", "size": "200"}, {"price": "0.27", "size": "200"}, {"price": "0.34", "size": "100"}, {"price": "0.37", "size": "300"}, {"price": "0.42", "size": "200"}, {"price": "0.46", "size": "125"}, {"price": "0.49", "size": "75"}, {"price": "0.66", "size": "5000"}, {"price": "0.67", "size": "2160.21"}, {"price": "0.7", "size": "160"}, {"price": "0.71", "size": "1090.11"}, {"price": "0.72", "size": "920.11"}], "asks": [{"price": "0.99", "size": "1050"}, {"price": "0.98", "size": "4164.63"}, {"price": "0.97", "size": "250"}, {"price": "0.96", "size": "7.69"}, {"price": "0.94", "size": "300"}, {"price": "0.93", "size": "200"}, {"price": "0.92", "size": "1090.11"}, {"price": "0.91", "size": "946.17"}, {"price": "0.86", "size": "10"}, {"price": "0.82", "size": "5000"}, {"price": "0.8", "size": "199"}, {"price": "0.79", "size": "240"}], "event_type": "book", "last_trade_price": "0.250"}, {"market": "0xd36a646b11fcd2685c0a5c0140e562298d70ed55ddb7ad11bc22755676a26c12", "asset_id": "75728221102628373234668077836098275747915812015666026702672525682898699585277", "timestamp": "1769383979985", "hash": "0e6b92a5c3b951cc90bf0774d1cbcab4a4e5f2aa", "bids": [{"price": "0.01", "size": "10328.47"}, {"price": "0.02", "size": "20.46"}, {"price": "0.03", "size": "1140.11"}, {"price": "0.04", "size": "899.36"}], "asks": [{"price": "0.99", "size": "11223.44"}, {"price": "0.98", "size": "100.79"}, {"price": "0.97", "size": "21.3"}], "event_type": "book", "last_trade_price": ""}, {"market": "0x1dbe9fcd53ae662d44605af4db0516d2e5c0563b3c7b453e70e38ae3f9008c16", "asset_id": "62383936382507287741271690352052567870967355744746736787765253822002537758687", "timestamp": "1769383982248", "hash": "7161a88dcb97ce8724edca5cfb692c51f8449947", "bids": [{"price": "0.01", "size": "11323.44"}, {"price": "0.02", "size": "994.9"}, {"price": "0.03", "size": "15.83"}], "asks": [{"price": "0.99", "size": "10421.22"}, {"price": "0.98", "size": "26.15"}, {"price": "0.95", "size": "1140.11"}, {"price": "0.94", "size": "901.06"}], "event_type": "book", "last_trade_price": ""}, {"market": "0xea2c7da28d0c1d1ec130637299a866301f8c657933f2496addb0ac73eb3dcb3f", "asset_id": "69782975618834460658414927121832519125259849945075026092203149763099948532151", "timestamp": "1769383982435", "hash": "989b6cc793c24e08b609baa44cc9e86ba287b39d", "bids": [{"price": "0.01", "size": "10421.22"}, {"price": "0.02", "size": "26.15"}, {"price": "0.05", "size": "1140.11"}, {"price": "0.06", "size": "901.06"}], "asks": [{"price": "0.99", "size": "11323.44"}, {"price": "0.98", "size": "994.9"}, {"price": "0.97", "size": "15.83"}], "event_type": "book", "last_trade_price": ""}, {"market": "0xea2c7da28d0c1d1ec130637299a866301f8c657933f2496addb0ac73eb3dcb3f", "asset_id": "60915101732188839762489401380493546723239876274866960303039380489296996697928", "timestamp": "1769383982435", "hash": "0af8c529c8822e6ae275a8979f44d8a725128132", "bids": [{"price": "0.01", "size": "11323.44"}, {"price": "0.02", "size": "994.9"}, {"price": "0.03", "size": "15.83"}], "asks": [{"price": "0.99", "size": "10421.22"}, {"price": "0.98", "size": "26.15"}, {"price": "0.95", "size": "1140.11"}, {"price": "0.94", "size": "901.06"}], "event_type": "book", "last_trade_price": ""}, {"market": "0x57a62e63b68de820a7eb756493dfe2ca0426a74644864096fc02ff01a7d439f5", "asset_id": "108205738291728961274416953771222189833483908032389561323012704440266957096994", "timestamp": "1769383972707", "hash": "4157d15f1ed8ced5ffcf86ac866947f6932114af", "bids": [{"price": "0.01", "size": "11323.44"}, {"price": "0.02", "size": "104.79"}, {"price": "0.03", "size": "15.83"}], "asks": [{"price": "0.99", "size": "11318.58"}, {"price": "0.98", "size": "10.48"}, {"price": "0.97", "size": "18.99"}, {"price": "0.96", "size": "14.46"}], "event_type": "book", "last_trade_price": ""}, {"market": "0x591c34e37f648dc6b2eabbd01024d6a9cd6f5f41ed66ddd2aab9aeee9f55c956", "asset_id": "18322296764149117067054043602518047357698740780538582715861866601746623517264", "timestamp": "1769383983535", "hash": "77207fd706dcf4095644b2a89e9e98819566f5f3", "bids": [{"price": "0.01", "size": "11218.58"}, {"price": "0.02", "size": "20.47"}, {"price": "0.03", "size": "5297.43"}, {"price": "0.04", "size": "899.36"}], "asks": [{"price": "0.99", "size": "11223.44"}, {"price": "0.98", "size": "100.79"}, {"price": "0.97", "size": "21.3"}], "event_type": "book", "last_trade_price": ""}, {"market": "0x591c34e37f648dc6b2eabbd01024d6a9cd6f5f41ed66ddd2aab9aeee9f55c956", "asset_id": "27293949544680545052245549205172458819414393735745997442108948994945197274510", "timestamp": "1769383983535", "hash": "10a5fe164ad0f2c05f67bc8c1d4f47e45b075d9b", "bids": [{"price": "0.01", "size": "11223.44"}, {"price": "0.02", "size": "100.79"}, {"price": "0.03", "size": "21.3"}], "asks": [{"price": "0.99", "size": "11218.58"}, {"price": "0.98", "size": "20.47"}, {"price": "0.97", "size": "5297.43"}, {"price": "0.96", "size": "899.36"}], "event_type": "book", "last_trade_price": ""}, {"market": "0x3d423886d4c88fd85a749f320dcd26a178eec1f3251aaf86dd830c556a13b1a4", "asset_id": "3600184586423512565314452957379375702635142791067310454703271667406523797055", "timestamp": "1769379730659", "hash": "86b7405ceadca45c554852f7f32eb0e8f22e003d", "bids": [{"price": "0.01", "size": "176.9"}, {"price": "0.02", "size": "100.79"}, {"price": "0.03", "size": "21.3"}], "asks": [{"price": "0.99", "size": "176.9"}, {"price": "0.98", "size": "104.79"}, {"price": "0.97", "size": "15.83"}], "event_type": "book", "last_trade_price": ""}, {"market": "0xabbe95834e4380969ddec4a0f02d97038b3a47f3595ac02c931e42385f5d800a", "asset_id": "108122496468641435762794097469842510055170824172308955607519142749628177013147", "timestamp": "1769379730659", "hash": "b21164fb7daa39e61f51110a4e5990d583d0b010", "bids": [{"price": "0.01", "size": "176.9"}, {"price": "0.02", "size": "104.79"}, {"price": "0.03", "size": "15.83"}], "asks": [{"price": "0.99", "size": "176.9"}, {"price": "0.98", "size": "100.79"}, {"price": "0.97", "size": "21.3"}], "event_type": "book", "last_trade_price": ""}, {"market": "0xd36a646b11fcd2685c0a5c0140e562298d70ed55ddb7ad11bc22755676a26c12", "asset_id": "100222319903479040217822630952132208437327535153263364031588365159859635429866", "timestamp": "1769383979985", "hash": "e90da8f1402dca27b2a8b6a1ff8616f31c50d8f7", "bids": [{"price": "0.01", "size": "11223.44"}, {"price": "0.02", "size": "100.79"}, {"price": "0.03", "size": "21.3"}], "asks": [{"price": "0.99", "size": "10328.47"}, {"price": "0.98", "size": "20.46"}, {"price": "0.97", "size": "1140.11"}, {"price": "0.96", "size": "899.36"}], "event_type": "book", "last_trade_price": ""}, {"market": "0xabbe95834e4380969ddec4a0f02d97038b3a47f3595ac02c931e42385f5d800a", "asset_id": "104509620627071474788080328471183853264232647522076306064515504549242816153013", "timestamp": "1769379730659", "hash": "d0de0e2c77d3f84849473cfae64f4bf13b7661e8", "bids": [{"price": "0.01", "size": "176.9"}, {"price": "0.02", "size": "100.79"}, {"price": "0.03", "size": "21.3"}], "asks": [{"price": "0.99", "size": "176.9"}, {"price": "0.98", "size": "104.79"}, {"price": "0.97", "size": "15.83"}], "event_type": "book", "last_trade_price": ""}, {"market": "0x1dbe9fcd53ae662d44605af4db0516d2e5c0563b3c7b453e70e38ae3f9008c16", "asset_id": "96283326732585816059176098194016963608094444702539793607212380849470706800454", "timestamp": "1769383982248", "hash": "5cca94b4437ac673cabb7004fa786555fe4c39f7", "bids": [{"price": "0.01", "size": "10421.22"}, {"price": "0.02", "size": "26.15"}, {"price": "0.05", "size": "1140.11"}, {"price": "0.06", "size": "901.06"}], "asks": [{"price": "0.99", "size": "11323.44"}, {"price": "0.98", "size": "994.9"}, {"price": "0.97", "size": "15.83"}], "event_type": "book", "last_trade_price": ""}, {"market": "0x57a62e63b68de820a7eb756493dfe2ca0426a74644864096fc02ff01a7d439f5", "asset_id": "25259397735871581765626102105982136828634997559906267384502229780033486028478", "timestamp": "1769383972707", "hash": "06d348b17f75d56074b6a39c18c97efa33864e3f", "bids": [{"price": "0.01", "size": "11318.58"}, {"price": "0.02", "size": "10.48"}, {"price": "0.03", "size": "18.99"}, {"price": "0.04", "size": "14.46"}], "asks": [{"price": "0.99", "size": "11323.44"}, {"price": "0.98", "size": "104.79"}, {"price": "0.97", "size": "15.83"}], "event_type": "book", "last_trade_price": ""}]}
{"_local_timestamp": "2026-01-25T23:34:48.594627+00:00", "data": {"market": "0x57a62e63b68de820a7eb756493dfe2ca0426a74644864096fc02ff01a7d439f5", "price_changes": [{"asset_id": "25259397735871581765626102105982136828634997559906267384502229780033486028478", "price": "0.03", "size": "12", "side": "BUY", "hash": "9fd9054e96f8ea2c1d62919f5d2eb9b20e1daecb", "best_bid": "0.04", "best_ask": "0.97"}, {"asset_id": "108205738291728961274416953771222189833483908032389561323012704440266957096994", "price": "0.97", "size": "12", "side": "SELL", "hash": "4cea5c03c658072459b26c74eab268de6b9d0bf2", "best_bid": "0.03", "best_ask": "0.96"}], "timestamp": "1769384088523", "event_type": "price_change"}}
{"_local_timestamp": "2026-01-25T23:34:48.637101+00:00", "data": {"market": "0x57a62e63b68de820a7eb756493dfe2ca0426a74644864096fc02ff01a7d439f5", "price_changes": [{"asset_id": "25259397735871581765626102105982136828634997559906267384502229780033486028478", "price": "0.02", "size": "900.59", "side": "BUY", "hash": "c103322fdfa3ad0b81f20974bc644a82f843e3d8", "best_bid": "0.04", "best_ask": "0.97"}, {"asset_id": "108205738291728961274416953771222189833483908032389561323012704440266957096994", "price": "0.98", "size": "900.59", "side": "SELL", "hash": "a2f55fb391bf2ed67778c92275f5c23825e50ac7", "best_bid": "0.03", "best_ask": "0.96"}], "timestamp": "1769384088567", "event_type": "price_change"}}
{"_local_timestamp": "2026-01-25T23:34:48.637488+00:00", "data": {"market": "0x57a62e63b68de820a7eb756493dfe2ca0426a74644864096fc02ff01a7d439f5", "price_changes": [{"asset_id": "108205738291728961274416953771222189833483908032389561323012704440266957096994", "price": "0.02", "size": "994.9", "side": "BUY", "hash": "27fea8db7785097cb9665da68f2e2e3bd950383f", "best_bid": "0.03", "best_ask": "0.96"}, {"asset_id": "25259397735871581765626102105982136828634997559906267384502229780033486028478", "price": "0.98", "size": "994.9", "side": "SELL", "hash": "c17249b3c867ccd4b1cc812baa3a51e5420bc372", "best_bid": "0.04", "best_ask": "0.97"}], "timestamp": "1769384088569", "event_type": "price_change"}}
{"_local_timestamp": "2026-01-25T23:34:48.885456+00:00", "data": {"market": "0x57a62e63b68de820a7eb756493dfe2ca0426a74644864096fc02ff01a7d439f5", "price_changes": [{"asset_id": "25259397735871581765626102105982136828634997559906267384502229780033486028478", "price": "0.03", "size": "1282.1", "side": "BUY", "hash": "61991dc98dda0d567d7d56ec3edbc2731fd27da7", "best_bid": "0.04", "best_ask": "0.97"}, {"asset_id": "108205738291728961274416953771222189833483908032389561323012704440266957096994", "price": "0.97", "size": "1282.1", "side": "SELL", "hash": "2d97240e361b25acfa6cba8536ebba5b225489c8", "best_bid": "0.03", "best_ask": "0.96"}], "timestamp": "1769384088800", "event_type": "price_change"}}
{"_local_timestamp": "2026-01-25T23:34:48.885844+00:00", "data": {"market": "0x57a62e63b68de820a7eb756493dfe2ca0426a74644864096fc02ff01a7d439f5", "price_changes": [{"asset_id": "25259397735871581765626102105982136828634997559906267384502229780033486028478", "price": "0.03", "size": "2172.21", "side": "BUY", "hash": "c845eaf14e5c75b19ed5ca5c14b2d507d89c0bb1", "best_bid": "0.04", "best_ask": "0.97"}, {"asset_id": "108205738291728961274416953771222189833483908032389561323012704440266957096994", "price": "0.97", "size": "2172.21", "side": "SELL", "hash": "dcc3a96c269345055756b4a403ea2ab77f2eb5c9", "best_bid": "0.03", "best_ask": "0.96"}], "timestamp": "1769384088802", "event_type": "price_change"}}
{"_local_timestamp": "2026-01-25T23:34:48.888851+00:00", "data": {"market": "0x57a62e63b68de820a7eb756493dfe2ca0426a74644864096fc02ff01a7d439f5", "price_changes": [{"asset_id": "25259397735871581765626102105982136828634997559906267384502229780033486028478", "price": "0.03", "size": "4169.32", "side": "BUY", "hash": "b872595988078c96048720c17742eda8472f14ee", "best_bid": "0.04", "best_ask": "0.97"}, {"asset_id": "108205738291728961274416953771222189833483908032389561323012704440266957096994", "price": "0.97", "size": "4169.32", "side": "SELL", "hash": "7bd6ee1aa0dabaf01fc217bd318e65290c5beb1e", "best_bid": "0.03", "best_ask": "0.96"}], "timestamp": "1769384088804", "event_type": "price_change"}}
{"_local_timestamp": "2026-01-25T23:34:49.093452+00:00", "data": {"market": "0x57a62e63b68de820a7eb756493dfe2ca0426a74644864096fc02ff01a7d439f5", "price_changes": [{"asset_id": "25259397735871581765626102105982136828634997559906267384502229780033486028478", "price": "0.02", "size": "911.1", "side": "BUY", "hash": "c831847c2347cc269684596e5775895999d4da81", "best_bid": "0.04", "best_ask": "0.97"}, {"asset_id": "108205738291728961274416953771222189833483908032389561323012704440266957096994", "price": "0.98", "size": "911.1", "side": "SELL", "hash": "362eec96f2d6abbd29a4d09e125bb712eca3171b", "best_bid": "0.03", "best_ask": "0.96"}], "timestamp": "1769384089023", "event_type": "price_change"}}
{"_local_timestamp": "2026-01-25T23:35:04.570456+00:00", "data": {"market": "0xe1c55a41c389051295edbf61184a1ac47d5903f85fd8c3ac5ff92b819e7758d9", "price_changes": [{"asset_id": "112453745798286260476619849085493387301317915928200921827655518887089027485044", "price": "0.04", "size": "0", "side": "BUY", "hash": "316f0d69f1054cc181cf0f7d1a164aeb1226d640", "best_bid": "0.72", "best_ask": "0.79"}, {"asset_id": "45623465970039811985156732364582292005770996455343860241298085709716069575338", "price": "0.96", "size": "0", "side": "SELL", "hash": "78f3235dfc80f8c684ae49132ff9319041868c6d", "best_bid": "0.21", "best_ask": "0.28"}], "timestamp": "1769384104496", "event_type": "price_change"}}
{"_local_timestamp": "2026-01-25T23:35:04.571758+00:00", "data": {"market": "0xe1c55a41c389051295edbf61184a1ac47d5903f85fd8c3ac5ff92b819e7758d9", "price_changes": [{"asset_id": "112453745798286260476619849085493387301317915928200921827655518887089027485044", "price": "0.11", "size": "0", "side": "BUY", "hash": "316f0d69f1054cc181cf0f7d1a164aeb1226d640", "best_bid": "0.72", "best_ask": "0.79"}, {"asset_id": "45623465970039811985156732364582292005770996455343860241298085709716069575338", "price": "0.89", "size": "0", "side": "SELL", "hash": "78f3235dfc80f8c684ae49132ff9319041868c6d", "best_bid": "0.21", "best_ask": "0.28"}], "timestamp": "1769384104496", "event_type": "price_change"}}
{"_local_timestamp": "2026-01-25T23:35:05.017615+00:00", "data": {"market": "0xe1c55a41c389051295edbf61184a1ac47d5903f85fd8c3ac5ff92b819e7758d9", "price_changes": [{"asset_id": "112453745798286260476619849085493387301317915928200921827655518887089027485044", "price": "0.03", "size": "1108.02", "side": "BUY", "hash": "d48a912cb970aff2e8f6c422a460c73adff6c583", "best_bid": "0.72", "best_ask": "0.79"}, {"asset_id": "45623465970039811985156732364582292005770996455343860241298085709716069575338", "price": "0.97", "size": "1108.02", "side": "SELL", "hash": "e86b378e5efb07f17dbfd104507147bb6efc4409", "best_bid": "0.21", "best_ask": "0.28"}], "timestamp": "1769384104945", "event_type": "price_change"}}
{"_local_timestamp": "2026-01-25T23:35:05.017992+00:00", "data": {"market": "0xe1c55a41c389051295edbf61184a1ac47d5903f85fd8c3ac5ff92b819e7758d9", "price_changes": [{"asset_id": "112453745798286260476619849085493387301317915928200921827655518887089027485044", "price": "0.09", "size": "7.35", "side": "BUY", "hash": "95c90720ffdcf4f5ee75be6d1eb92c70e8594eb9", "best_bid": "0.72", "best_ask": "0.79"}, {"asset_id": "45623465970039811985156732364582292005770996455343860241298085709716069575338", "price": "0.91", "size": "7.35", "side": "SELL", "hash": "5c0b5e746b0db33cf184a4362349e750d274e286", "best_bid": "0.21", "best_ask": "0.28"}], "timestamp": "1769384104946", "event_type": "price_change"}}
{"_local_timestamp": "2026-01-25T23:36:58.298744+00:00", "data": {"market": "0xe1c55a41c389051295edbf61184a1ac47d5903f85fd8c3ac5ff92b819e7758d9", "price_changes": [{"asset_id": "112453745798286260476619849085493387301317915928200921827655518887089027485044", "price": "0.15", "size": "300", "side": "BUY", "hash": "1e2b7b2dc7cf107a8e8df5f7b32219fb3853c517", "best_bid": "0.72", "best_ask": "0.79"}, {"asset_id": "45623465970039811985156732364582292005770996455343860241298085709716069575338", "price": "0.85", "size": "300", "side": "SELL", "hash": "ecadbc3745183a85fb59c0722bb424308ab226bf", "best_bid": "0.21", "best_ask": "0.28"}], "timestamp": "1769384218084", "event_type": "price_change"}}
{"_local_timestamp": "2026-01-25T23:36:58.455950+00:00", "data": {"market": "0xe1c55a41c389051295edbf61184a1ac47d5903f85fd8c3ac5ff92b819e7758d9", "price_changes": [{"asset_id": "112453745798286260476619849085493387301317915928200921827655518887089027485044", "price": "0.08", "size": "2397.11", "side": "BUY", "hash": "9f1b357c9d51ea8a5d6dcecf7aa9219ac7707861", "best_bid": "0.72", "best_ask": "0.79"}, {"asset_id": "45623465970039811985156732364582292005770996455343860241298085709716069575338", "price": "0.92", "size": "2397.11", "side": "SELL", "hash": "e65da7537e194072faf4b815dd7c5077080c9bd3", "best_bid": "0.21", "best_ask": "0.28"}], "timestamp": "1769384218157", "event_type": "price_change"}}
{"_local_timestamp": "2026-01-25T23:37:26.584304+00:00", "data": {"market": "0xe1c55a41c389051295edbf61184a1ac47d5903f85fd8c3ac5ff92b819e7758d9", "price_changes": [{"asset_id": "112453745798286260476619849085493387301317915928200921827655518887089027485044", "price": "0.66", "size": "0", "side": "BUY", "hash": "0ed649914b9fde01130c6dac62263d935804091a", "best_bid": "0.72", "best_ask": "0.79"}, {"asset_id": "45623465970039811985156732364582292005770996455343860241298085709716069575338", "price": "0.34", "size": "0", "side": "SELL", "hash": "12973b4b16723db7466ac9c10688b5a2209233bb", "best_bid": "0.21", "best_ask": "0.28"}], "timestamp": "1769384246511", "event_type": "price_change"}}
{"_local_timestamp": "2026-01-25T23:37:26.666613+00:00", "data": {"market": "0xe1c55a41c389051295edbf61184a1ac47d5903f85fd8c3ac5ff92b819e7758d9", "price_changes": [{"asset_id": "112453745798286260476619849085493387301317915928200921827655518887089027485044", "price": "0.16", "size": "200", "side": "BUY", "hash": "9859865d5f0d111ee770cf40efca7ca7c111e114", "best_bid": "0.72", "best_ask": "0.79"}, {"asset_id": "45623465970039811985156732364582292005770996455343860241298085709716069575338", "price": "0.84", "size": "200", "side": "SELL", "hash": "d129e5b9a4099be4e0ee63dac42da4b243992623", "best_bid": "0.21", "best_ask": "0.28"}], "timestamp": "1769384246595", "event_type": "price_change"}}
{"_local_timestamp": "2026-01-25T23:37:26.764041+00:00", "data": {"market": "0xe1c55a41c389051295edbf61184a1ac47d5903f85fd8c3ac5ff92b819e7758d9", "price_changes": [{"asset_id": "112453745798286260476619849085493387301317915928200921827655518887089027485044", "price": "0.08", "size": "3667.21", "side": "BUY", "hash": "aa8bb60e6b7e80c7c398c2ae56ac2e976025ba49", "best_bid": "0.72", "best_ask": "0.79"}, {"asset_id": "45623465970039811985156732364582292005770996455343860241298085709716069575338", "price": "0.92", "size": "3667.21", "side": "SELL", "hash": "61505bf92fb459fbf29efdf260b55c93253353db", "best_bid": "0.21", "best_ask": "0.28"}], "timestamp": "1769384246688", "event_type": "price_change"}}
{"_local_timestamp": "2026-01-25T23:37:26.764577+00:00", "data": {"market": "0xe1c55a41c389051295edbf61184a1ac47d5903f85fd8c3ac5ff92b819e7758d9", "price_changes": [{"asset_id": "112453745798286260476619849085493387301317915928200921827655518887089027485044", "price": "0.08", "size": "4557.32", "side": "BUY", "hash": "a89010fd6d9a480c7bd1d388defe1059614310bb", "best_bid": "0.72", "best_ask": "0.79"}, {"asset_id": "45623465970039811985156732364582292005770996455343860241298085709716069575338", "price": "0.92", "size": "4557.32", "side": "SELL", "hash": "503058b0212a653390b9c23a4eb417c811d432a8", "best_bid": "0.21", "best_ask": "0.28"}], "timestamp": "1769384246689", "event_type": "price_change"}}
{"_local_timestamp": "2026-01-25T23:37:32.007488+00:00", "data": {"market": "0xe1c55a41c389051295edbf61184a1ac47d5903f85fd8c3ac5ff92b819e7758d9", "price_changes": [{"asset_id": "112453745798286260476619849085493387301317915928200921827655518887089027485044", "price": "0.15", "size": "200", "side": "BUY", "hash": "5c7f848fb78bd3ca3734e00dbb7bf35eea1724e1", "best_bid": "0.72", "best_ask": "0.79"}, {"asset_id": "45623465970039811985156732364582292005770996455343860241298085709716069575338", "price": "0.85", "size": "200", "side": "SELL", "hash": "0944b26c490547f4146551b2ee2d11e41eba0e70", "best_bid": "0.21", "best_ask": "0.28"}], "timestamp": "1769384251902", "event_type": "price_change"}}
{"_local_timestamp": "2026-01-25T23:37:32.137476+00:00", "data": {"market": "0xe1c55a41c389051295edbf61184a1ac47d5903f85fd8c3ac5ff92b819e7758d9", "price_changes": [{"asset_id": "112453745798286260476619849085493387301317915928200921827655518887089027485044", "price": "0.67", "size": "0", "side": "BUY", "hash": "fc3883a1b75bd8e09ada15129ef957a602a07051", "best_bid": "0.72", "best_ask": "0.79"}, {"asset_id": "45623465970039811985156732364582292005770996455343860241298085709716069575338", "price": "0.33", "size": "0", "side": "SELL", "hash": "17196c0e27f42bdbc6b7e8e65bafbf6eb1fc591e", "best_bid": "0.21", "best_ask": "0.28"}], "timestamp": "1769384251997", "event_type": "price_change"}}
{"_local_timestamp": "2026-01-25T23:37:32.306170+00:00", "data": {"market": "0xe1c55a41c389051295edbf61184a1ac47d5903f85fd8c3ac5ff92b819e7758d9", "price_changes": [{"asset_id": "112453745798286260476619849085493387301317915928200921827655518887089027485044", "price": "0.08", "size": "4657.32", "side": "BUY", "hash": "d4b004586ce7838854b7a0219df7a82510e20dbf", "best_bid": "0.72", "best_ask": "0.79"}, {"asset_id": "45623465970039811985156732364582292005770996455343860241298085709716069575338", "price": "0.92", "size": "4657.32", "side": "SELL", "hash": "25314304ff6efee83f864a54082ec4fd40eea3e7", "best_bid": "0.21", "best_ask": "0.28"}], "timestamp": "1769384252175", "event_type": "price_change"}}
{"_local_timestamp": "2026-01-25T23:37:35.560670+00:00", "data": {"market": "0xe1c55a41c389051295edbf61184a1ac47d5903f85fd8c3ac5ff92b819e7758d9", "price_changes": [{"asset_id": "112453745798286260476619849085493387301317915928200921827655518887089027485044", "price": "0.15", "size": "100", "side": "BUY", "hash": "cc769cfa0dcb9b7e2467f68b657007436cfb5521", "best_bid": "0.72", "best_ask": "0.79"}, {"asset_id": "45623465970039811985156732364582292005770996455343860241298085709716069575338", "price": "0.85", "size": "100", "side": "SELL", "hash": "ab262f9b414f016ae10cbacca47b2a1d431e8b32", "best_bid": "0.21", "best_ask": "0.28"}], "timestamp": "1769384255481", "event_type": "price_change"}}
{"_local_timestamp": "2026-01-25T23:37:35.828406+00:00", "data": {"market": "0xe1c55a41c389051295edbf61184a1ac47d5903f85fd8c3ac5ff92b819e7758d9", "price_changes": [{"asset_id": "112453745798286260476619849085493387301317915928200921827655518887089027485044", "price": "0.08", "size": "4757.32", "side": "BUY", "hash": "7b916698705e4029584fd8d56e068113e978a7c7", "best_bid": "0.72", "best_ask": "0.79"}, {"asset_id": "45623465970039811985156732364582292005770996455343860241298085709716069575338", "price": "0.92", "size": "4757.32", "side": "SELL", "hash": "f761fc78d47fe91ba84d7a092836eae61c2dd4fa", "best_bid": "0.21", "best_ask": "0.28"}], "timestamp": "1769384255759", "event_type": "price_change"}}
{"_local_timestamp": "2026-01-25T23:37:35.951277+00:00", "data": {"market": "0xe1c55a41c389051295edbf61184a1ac47d5903f85fd8c3ac5ff92b819e7758d9", "price_changes": [{"asset_id": "112453745798286260476619849085493387301317915928200921827655518887089027485044", "price": "0.09", "size": "897.46", "side": "BUY", "hash": "35381771af884af2a33c147af545e3989cf0f4ef", "best_bid": "0.72", "best_ask": "0.79"}, {"asset_id": "45623465970039811985156732364582292005770996455343860241298085709716069575338", "price": "0.91", "size": "897.46", "side": "SELL", "hash": "f7dde6610ec233265fedd5e68aab8915f8627104", "best_bid": "0.21", "best_ask": "0.28"}], "timestamp": "1769384255881", "event_type": "price_change"}}
{"_local_timestamp": "2026-01-25T23:37:36.181536+00:00", "data": {"market": "0xe1c55a41c389051295edbf61184a1ac47d5903f85fd8c3ac5ff92b819e7758d9", "price_changes": [{"asset_id": "112453745798286260476619849085493387301317915928200921827655518887089027485044", "price": "0.09", "size": "2167.56", "side": "BUY", "hash": "01d61c2332f4aaab230453585ee821a12e5236d3", "best_bid": "0.72", "best_ask": "0.79"}, {"asset_id": "45623465970039811985156732364582292005770996455343860241298085709716069575338", "price": "0.91", "size": "2167.56", "side": "SELL", "hash": "5c56a771a6e0a01aad23d87df6ebe1a37579ab50", "best_bid": "0.21", "best_ask": "0.28"}], "timestamp": "1769384256109", "event_type": "price_change"}}
{"_local_timestamp": "2026-01-25T23:37:36.182080+00:00", "data": {"market": "0xe1c55a41c389051295edbf61184a1ac47d5903f85fd8c3ac5ff92b819e7758d9", "price_changes": [{"asset_id": "112453745798286260476619849085493387301317915928200921827655518887089027485044", "price": "0.09", "size": "4164.67", "side": "BUY", "hash": "7c8589940fde3caa306bbfbefeab34599afcef35", "best_bid": "0.72", "best_ask": "0.79"}, {"asset_id": "45623465970039811985156732364582292005770996455343860241298085709716069575338", "price": "0.91", "size": "4164.67", "side": "SELL", "hash": "f60064e268b733f180864191a3a7b3edf447b352", "best_bid": "0.21", "best_ask": "0.28"}], "timestamp": "1769384256109", "event_type": "price_change"}}
{"_local_timestamp": "2026-01-25T23:37:37.948900+00:00", "data": {"market": "0xe1c55a41c389051295edbf61184a1ac47d5903f85fd8c3ac5ff92b819e7758d9", "price_changes": [{"asset_id": "112453745798286260476619849085493387301317915928200921827655518887089027485044", "price": "0.15", "size": "0", "side": "BUY", "hash": "33cdff84a1cfdac7fe2cfe49ec8b9ded0da2554f", "best_bid": "0.72", "best_ask": "0.79"}, {"asset_id": "45623465970039811985156732364582292005770996455343860241298085709716069575338", "price": "0.85", "size": "0", "side": "SELL", "hash": "8067c81e93328bd72d8ba00de83055752efc8958", "best_bid": "0.21", "best_ask": "0.28"}], "timestamp": "1769384257875", "event_type": "price_change"}}
{"_local_timestamp": "2026-01-25T23:37:38.235793+00:00", "data": {"market": "0xe1c55a41c389051295edbf61184a1ac47d5903f85fd8c3ac5ff92b819e7758d9", "price_changes": [{"asset_id": "112453745798286260476619849085493387301317915928200921827655518887089027485044", "price": "0.08", "size": "4857.32", "side": "BUY", "hash": "d4c5a62c46a9dab9513b0476cbaec99d224fea62", "best_bid": "0.72", "best_ask": "0.79"}, {"asset_id": "45623465970039811985156732364582292005770996455343860241298085709716069575338", "price": "0.92", "size": "4857.32", "side": "SELL", "hash": "3aedab42807d4f28ff77795c4b68c4e7999d263c", "best_bid": "0.21", "best_ask": "0.28"}], "timestamp": "1769384258158", "event_type": "price_change"}}
{"_local_timestamp": "2026-01-25T23:37:48.002914+00:00", "data": {"market": "0xe1c55a41c389051295edbf61184a1ac47d5903f85fd8c3ac5ff92b819e7758d9", "price_changes": [{"asset_id": "112453745798286260476619849085493387301317915928200921827655518887089027485044", "price": "0.16", "size": "0", "side": "BUY", "hash": "67a4df9d7b6b2ca666e0efe23fa135ef609a08cf", "best_bid": "0.72", "best_ask": "0.79"}, {"asset_id": "45623465970039811985156732364582292005770996455343860241298085709716069575338", "price": "0.84", "size": "0", "side": "SELL", "hash": "a1922ceb17a22dab2d9fe1b924944e16294b68fd", "best_bid": "0.21", "best_ask": "0.28"}], "timestamp": "1769384267904", "event_type": "price_change"}}
{"_local_timestamp": "2026-01-25T23:37:48.130055+00:00", "data": {"market": "0xe1c55a41c389051295edbf61184a1ac47d5903f85fd8c3ac5ff92b819e7758d9", "price_changes": [{"asset_id": "112453745798286260476619849085493387301317915928200921827655518887089027485044", "price": "0.08", "size": "700", "side": "BUY", "hash": "497f472aea806783aa2a889e375fce1711b10f32", "best_bid": "0.72", "best_ask": "0.79"}, {"asset_id": "45623465970039811985156732364582292005770996455343860241298085709716069575338", "price": "0.92", "size": "700", "side": "SELL", "hash": "9035ac5aa8d28dcb091d5366212a67ffda52abf3", "best_bid": "0.21", "best_ask": "0.28"}], "timestamp": "1769384268059", "event_type": "price_change"}}
{"_local_timestamp": "2026-01-25T23:37:48.268192+00:00", "data": {"market": "0xe1c55a41c389051295edbf61184a1ac47d5903f85fd8c3ac5ff92b819e7758d9", "price_changes": [{"asset_id": "112453745798286260476619849085493387301317915928200921827655518887089027485044", "price": "0.2", "size": "400", "side": "BUY", "hash": "1a6486619d9edf574fc39288fe0974b471b1ce52", "best_bid": "0.72", "best_ask": "0.79"}, {"asset_id": "45623465970039811985156732364582292005770996455343860241298085709716069575338", "price": "0.8", "size": "400", "side": "SELL", "hash": "640d77b3495460c4567fd4af07794eda5d62e214", "best_bid": "0.21", "best_ask": "0.28"}], "timestamp": "1769384268189", "event_type": "price_change"}}
{"_local_timestamp": "2026-01-25T23:37:55.447771+00:00", "data": {"market": "0xe1c55a41c389051295edbf61184a1ac47d5903f85fd8c3ac5ff92b819e7758d9", "price_changes": [{"asset_id": "112453745798286260476619849085493387301317915928200921827655518887089027485044", "price": "0.09", "size": "4264.67", "side": "BUY", "hash": "dcf44d83906aa3e06bc07f269f2131073588f58a", "best_bid": "0.72", "best_ask": "0.79"}, {"asset_id": "45623465970039811985156732364582292005770996455343860241298085709716069575338", "price": "0.91", "size": "4264.67", "side": "SELL", "hash": "bd5611c67f4cdf3d515c376567ee862af88a7145", "best_bid": "0.21", "best_ask": "0.28"}], "timestamp": "1769384275374", "event_type": "price_change"}}
{"_local_timestamp": "2026-01-25T23:38:01.553100+00:00", "data": {"market": "0xe1c55a41c389051295edbf61184a1ac47d5903f85fd8c3ac5ff92b819e7758d9", "price_changes": [{"asset_id": "112453745798286260476619849085493387301317915928200921827655518887089027485044", "price": "0.17", "size": "300", "side": "BUY", "hash": "5b9ed722c93483f9a057701d1f1402e26bbbdb4d", "best_bid": "0.72", "best_ask": "0.79"}, {"asset_id": "45623465970039811985156732364582292005770996455343860241298085709716069575338", "price": "0.83", "size": "300", "side": "SELL", "hash": "f27012dda0c72f7049d7a7c0004d8eed3c03afb2", "best_bid": "0.21", "best_ask": "0.28"}], "timestamp": "1769384281481", "event_type": "price_change"}}
{"_local_timestamp": "2026-01-25T23:38:09.880772+00:00", "data": {"market": "0xe1c55a41c389051295edbf61184a1ac47d5903f85fd8c3ac5ff92b819e7758d9", "price_changes": [{"asset_id": "112453745798286260476619849085493387301317915928200921827655518887089027485044", "price": "0.08", "size": "300", "side": "BUY", "hash": "3dfe11bf9a6e5f4256dd9f049ee585337b8e006e", "best_bid": "0.72", "best_ask": "0.79"}, {"asset_id": "45623465970039811985156732364582292005770996455343860241298085709716069575338", "price": "0.92", "size": "300", "side": "SELL", "hash": "1789678d37d24222c822792dec466e3d66a7b769", "best_bid": "0.21", "best_ask": "0.28"}], "timestamp": "1769384289781", "event_type": "price_change"}}
{"_local_timestamp": "2026-01-25T23:38:10.082283+00:00", "data": {"market": "0xe1c55a41c389051295edbf61184a1ac47d5903f85fd8c3ac5ff92b819e7758d9", "price_changes": [{"asset_id": "112453745798286260476619849085493387301317915928200921827655518887089027485044", "price": "0.08", "size": "1570.1", "side": "BUY", "hash": "fbcd5645ff031cbc14d2ba052de08a3d0e04b527", "best_bid": "0.72", "best_ask": "0.79"}, {"asset_id": "45623465970039811985156732364582292005770996455343860241298085709716069575338", "price": "0.92", "size": "1570.1", "side": "SELL", "hash": "d5d0282d32fb030c6e241aa3275514d6e2528bff", "best_bid": "0.21", "best_ask": "0.28"}], "timestamp": "1769384289928", "event_type": "price_change"}}
{"_local_timestamp": "2026-01-25T23:38:10.083244+00:00", "data": {"market": "0xe1c55a41c389051295edbf61184a1ac47d5903f85fd8c3ac5ff92b819e7758d9", "price_changes": [{"asset_id": "112453745798286260476619849085493387301317915928200921827655518887089027485044", "price": "0.08", "size": "3567.21", "side": "BUY", "hash": "3530f04e91ae0553798bc0189571f4c98e8d9faf", "best_bid": "0.72", "best_ask": "0.79"}, {"asset_id": "45623465970039811985156732364582292005770996455343860241298085709716069575338", "price": "0.92", "size": "3567.21", "side": "SELL", "hash": "9c46f58b9d4eb1993227ebebd8611f572ee501b6", "best_bid": "0.21", "best_ask": "0.28"}], "timestamp": "1769384289932", "event_type": "price_change"}}
{"_local_timestamp": "2026-01-25T23:38:10.090899+00:00", "data": {"market": "0xe1c55a41c389051295edbf61184a1ac47d5903f85fd8c3ac5ff92b819e7758d9", "price_changes": [{"asset_id": "112453745798286260476619849085493387301317915928200921827655518887089027485044", "price": "0.08", "size": "4457.32", "side": "BUY", "hash": "0b8767623226b53d7819d2f440611556dfd87b58", "best_bid": "0.72", "best_ask": "0.79"}, {"asset_id": "45623465970039811985156732364582292005770996455343860241298085709716069575338", "price": "0.92", "size": "4457.32", "side": "SELL", "hash": "fa535e7baed87c1d23fae2c7d7f3f5a5a10c39a4", "best_bid": "0.21", "best_ask": "0.28"}], "timestamp": "1769384289934", "event_type": "price_change"}}
{"_local_timestamp": "2026-01-25T23:38:10.250881+00:00", "data": {"market": "0xe1c55a41c389051295edbf61184a1ac47d5903f85fd8c3ac5ff92b819e7758d9", "price_changes": [{"asset_id": "112453745798286260476619849085493387301317915928200921827655518887089027485044", "price": "0.09", "size": "4664.67", "side": "BUY", "hash": "e4628d5b2420aed75f9696b2c39f93922cde8699", "best_bid": "0.72", "best_ask": "0.79"}, {"asset_id": "45623465970039811985156732364582292005770996455343860241298085709716069575338", "price": "0.91", "size": "4664.67", "side": "SELL", "hash": "a2c96dd072b55644ea6585be128ee19346ad7c17", "best_bid": "0.21", "best_ask": "0.28"}], "timestamp": "1769384290052", "event_type": "price_change"}}
{"_local_timestamp": "2026-01-25T23:38:19.759302+00:00", "data": {"market": "0xe1c55a41c389051295edbf61184a1ac47d5903f85fd8c3ac5ff92b819e7758d9", "price_changes": [{"asset_id": "112453745798286260476619849085493387301317915928200921827655518887089027485044", "price": "0.09", "size": "4564.67", "side": "BUY", "hash": "426dd5316fccc415507c24a3e70c60e5ec93ebaf", "best_bid": "0.72", "best_ask": "0.79"}, {"asset_id": "45623465970039811985156732364582292005770996455343860241298085709716069575338", "price": "0.91", "size": "4564.67", "side": "SELL", "hash": "585f5fe66638b50d6e460251cfc64ebc1a2ac494", "best_bid": "0.21", "best_ask": "0.28"}], "timestamp": "1769384299689", "event_type": "price_change"}}
{"_local_timestamp": "2026-01-25T23:38:19.829058+00:00", "data": {"market": "0xe1c55a41c389051295edbf61184a1ac47d5903f85fd8c3ac5ff92b819e7758d9", "price_changes": [{"asset_id": "112453745798286260476619849085493387301317915928200921827655518887089027485044", "price": "0.09", "size": "407.35", "side": "BUY", "hash": "9a0feacf3173613e242da40dad8f65e071d367f7", "best_bid": "0.72", "best_ask": "0.79"}, {"asset_id": "45623465970039811985156732364582292005770996455343860241298085709716069575338", "price": "0.91", "size": "407.35", "side": "SELL", "hash": "ea0393abddacf15d6f87c121b955ac8c620c1c86", "best_bid": "0.21", "best_ask": "0.28"}], "timestamp": "1769384299753", "event_type": "price_change"}}
{"_local_timestamp": "2026-01-25T23:38:27.616951+00:00", "data": {"market": "0xe1c55a41c389051295edbf61184a1ac47d5903f85fd8c3ac5ff92b819e7758d9", "price_changes": [{"asset_id": "112453745798286260476619849085493387301317915928200921827655518887089027485044", "price": "0.08", "size": "4357.32", "side": "BUY", "hash": "00eb4133546132de9973dd329613a171b0e9f520", "best_bid": "0.72", "best_ask": "0.79"}, {"asset_id": "45623465970039811985156732364582292005770996455343860241298085709716069575338", "price": "0.92", "size": "4357.32", "side": "SELL", "hash": "4e3e6b5b398472249c2176e4e969d0cade5aa73f", "best_bid": "0.21", "best_ask": "0.28"}], "timestamp": "1769384307543", "event_type": "price_change"}}
{"_local_timestamp": "2026-01-25T23:38:27.933205+00:00", "data": {"market": "0xe1c55a41c389051295edbf61184a1ac47d5903f85fd8c3ac5ff92b819e7758d9", "price_changes": [{"asset_id": "112453745798286260476619849085493387301317915928200921827655518887089027485044", "price": "0.09", "size": "507.35", "side": "BUY", "hash": "f88cac9ad78463a650767f7d8dfcabd1f48823f9", "best_bid": "0.72", "best_ask": "0.79"}, {"asset_id": "45623465970039811985156732364582292005770996455343860241298085709716069575338", "price": "0.91", "size": "507.35", "side": "SELL", "hash": "f0d5c0da886606c11343dcb883cb58f95e2d6719", "best_bid": "0.21", "best_ask": "0.28"}], "timestamp": "1769384307857", "event_type": "price_change"}}
{"_local_timestamp": "2026-01-25T23:38:30.312159+00:00", "data": {"market": "0xe1c55a41c389051295edbf61184a1ac47d5903f85fd8c3ac5ff92b819e7758d9", "price_changes": [{"asset_id": "112453745798286260476619849085493387301317915928200921827655518887089027485044", "price": "0.2", "size": "200", "side": "BUY", "hash": "c118680a54cb9f9d7d4473d83187bc7e17e6dd77", "best_bid": "0.72", "best_ask": "0.79"}, {"asset_id": "45623465970039811985156732364582292005770996455343860241298085709716069575338", "price": "0.8", "size": "200", "side": "SELL", "hash": "76d240c5fb5721392c30a4b12bcccbac39c4aa36", "best_bid": "0.21", "best_ask": "0.28"}], "timestamp": "1769384310234", "event_type": "price_change"}}
{"_local_timestamp": "2026-01-25T23:38:30.581064+00:00", "data": {"market": "0xe1c55a41c389051295edbf61184a1ac47d5903f85fd8c3ac5ff92b819e7758d9", "price_changes": [{"asset_id": "112453745798286260476619849085493387301317915928200921827655518887089027485044", "price": "0.17", "size": "500", "side": "BUY", "hash": "c7a77ac8c3bdd43105ac5a0f0248f160d18fdd2c", "best_bid": "0.72", "best_ask": "0.79"}, {"asset_id": "45623465970039811985156732364582292005770996455343860241298085709716069575338", "price": "0.83", "size": "500", "side": "SELL", "hash": "e05bd5e830a88af4007efc10cfe03766b2a6bd10", "best_bid": "0.21", "best_ask": "0.28"}], "timestamp": "1769384310502", "event_type": "price_change"}}
{"_local_timestamp": "2026-01-25T23:38:34.615025+00:00", "data": {"market": "0xe1c55a41c389051295edbf61184a1ac47d5903f85fd8c3ac5ff92b819e7758d9", "price_changes": [{"asset_id": "112453745798286260476619849085493387301317915928200921827655518887089027485044", "price": "0.08", "size": "4257.32", "side": "BUY", "hash": "06903441101b2c1a736e769d0b0cb64c340ff2e7", "best_bid": "0.72", "best_ask": "0.79"}, {"asset_id": "45623465970039811985156732364582292005770996455343860241298085709716069575338", "price": "0.92", "size": "4257.32", "side": "SELL", "hash": "a341686464d39d110e3ce7225cd2f5abdc7a89bb", "best_bid": "0.21", "best_ask": "0.28"}], "timestamp": "1769384314538", "event_type": "price_change"}}
{"_local_timestamp": "2026-01-25T23:38:34.958073+00:00", "data": {"market": "0xe1c55a41c389051295edbf61184a1ac47d5903f85fd8c3ac5ff92b819e7758d9", "price_changes": [{"asset_id": "112453745798286260476619849085493387301317915928200921827655518887089027485044", "price": "0.09", "size": "607.35", "side": "BUY", "hash": "307209a9f4a037587c7292525475740f781b6881", "best_bid": "0.72", "best_ask": "0.79"}, {"asset_id": "45623465970039811985156732364582292005770996455343860241298085709716069575338", "price": "0.91", "size": "607.35", "side": "SELL", "hash": "eb5b753ad664a1bad1c7759f8dd6196a3c4843f9", "best_bid": "0.21", "best_ask": "0.28"}], "timestamp": "1769384314882", "event_type": "price_change"}}
{"_local_timestamp": "2026-01-25T23:38:35.054221+00:00", "data": {"market": "0xe1c55a41c389051295edbf61184a1ac47d5903f85fd8c3ac5ff92b819e7758d9", "price_changes": [{"asset_id": "112453745798286260476619849085493387301317915928200921827655518887089027485044", "price": "0.1", "size": "1270.1", "side": "BUY", "hash": "15dde3fa1b7314b2da3e39acfe3fa76770728e47", "best_bid": "0.72", "best_ask": "0.79"}, {"asset_id": "45623465970039811985156732364582292005770996455343860241298085709716069575338", "price": "0.9", "size": "1270.1", "side": "SELL", "hash": "f89e8d90b75e0587850bc1650221f644e5216a49", "best_bid": "0.21", "best_ask": "0.28"}], "timestamp": "1769384314974", "event_type": "price_change"}}
{"_local_timestamp": "2026-01-25T23:38:35.054842+00:00", "data": {"market": "0xe1c55a41c389051295edbf61184a1ac47d5903f85fd8c3ac5ff92b819e7758d9", "price_changes": [{"asset_id": "112453745798286260476619849085493387301317915928200921827655518887089027485044", "price": "0.1", "size": "3267.21", "side": "BUY", "hash": "1d68d42d7555f1e4602ced9a87f8f04851feca80", "best_bid": "0.72", "best_ask": "0.79"}, {"asset_id": "45623465970039811985156732364582292005770996455343860241298085709716069575338", "price": "0.9", "size": "3267.21", "side": "SELL", "hash": "b4301f51ccfe2964f3f158d5ab63fa24eecc0cbe", "best_bid": "0.21", "best_ask": "0.28"}], "timestamp": "1769384314974", "event_type": "price_change"}}
{"_local_timestamp": "2026-01-25T23:38:35.055234+00:00", "data": {"market": "0xe1c55a41c389051295edbf61184a1ac47d5903f85fd8c3ac5ff92b819e7758d9", "price_changes": [{"asset_id": "112453745798286260476619849085493387301317915928200921827655518887089027485044", "price": "0.1", "size": "4157.32", "side": "BUY", "hash": "b1cb99530de8083d6c0d38deb389edfe165c97e7", "best_bid": "0.72", "best_ask": "0.79"}, {"asset_id": "45623465970039811985156732364582292005770996455343860241298085709716069575338", "price": "0.9", "size": "4157.32", "side": "SELL", "hash": "c22dff3cdabbfeed095bfb4a6c169d919baade30", "best_bid": "0.21", "best_ask": "0.28"}], "timestamp": "1769384314975", "event_type": "price_change"}}
{"_local_timestamp": "2026-01-25T23:38:40.813821+00:00", "data": {"market": "0xe1c55a41c389051295edbf61184a1ac47d5903f85fd8c3ac5ff92b819e7758d9", "price_changes": [{"asset_id": "112453745798286260476619849085493387301317915928200921827655518887089027485044", "price": "0.08", "size": "4157.32", "side": "BUY", "hash": "f57d832d72570d302d27069f73244772276d7127", "best_bid": "0.72", "best_ask": "0.79"}, {"asset_id": "45623465970039811985156732364582292005770996455343860241298085709716069575338", "price": "0.92", "size": "4157.32", "side": "SELL", "hash": "a9b84a510cdb9089c442d9703dcfc3ed91259e8a", "best_bid": "0.21", "best_ask": "0.28"}], "timestamp": "1769384320738", "event_type": "price_change"}}
{"_local_timestamp": "2026-01-25T23:38:40.877545+00:00", "data": {"market": "0xe1c55a41c389051295edbf61184a1ac47d5903f85fd8c3ac5ff92b819e7758d9", "price_changes": [{"asset_id": "112453745798286260476619849085493387301317915928200921827655518887089027485044", "price": "0.08", "size": "0", "side": "BUY", "hash": "b7c02d23564bf04ac87bd8445a48e7d422d06e38", "best_bid": "0.72", "best_ask": "0.79"}, {"asset_id": "45623465970039811985156732364582292005770996455343860241298085709716069575338", "price": "0.92", "size": "0", "side": "SELL", "hash": "f1b9ab5003d119fdcb2cc12b83581d3567c4ba36", "best_bid": "0.21", "best_ask": "0.28"}], "timestamp": "1769384320799", "event_type": "price_change"}}
{"_local_timestamp": "2026-01-25T23:38:41.129014+00:00", "data": {"market": "0xe1c55a41c389051295edbf61184a1ac47d5903f85fd8c3ac5ff92b819e7758d9", "price_changes": [{"asset_id": "112453745798286260476619849085493387301317915928200921827655518887089027485044", "price": "0.09", "size": "707.35", "side": "BUY", "hash": "efc1086f0023c0d5ac1e5a54666901c89e794a19", "best_bid": "0.72", "best_ask": "0.79"}, {"asset_id": "45623465970039811985156732364582292005770996455343860241298085709716069575338", "price": "0.91", "size": "707.35", "side": "SELL", "hash": "d3821ace33802bb6ff91d1d5989666c735b02ccc", "best_bid": "0.21", "best_ask": "0.28"}], "timestamp": "1769384321036", "event_type": "price_change"}}
{"_local_timestamp": "2026-01-25T23:38:53.524382+00:00", "data": {"market": "0xe1c55a41c389051295edbf61184a1ac47d5903f85fd8c3ac5ff92b819e7758d9", "price_changes": [{"asset_id": "112453745798286260476619849085493387301317915928200921827655518887089027485044", "price": "0.09", "size": "307.35", "side": "BUY", "hash": "2afff7a2513fd670d9c54ca7946818350947b554", "best_bid": "0.72", "best_ask": "0.79"}, {"asset_id": "45623465970039811985156732364582292005770996455343860241298085709716069575338", "price": "0.91", "size": "307.35", "side": "SELL", "hash": "5d3702d9956a86c50735213d2eca5bacb0e15c80", "best_bid": "0.21", "best_ask": "0.28"}], "timestamp": "1769384333451", "event_type": "price_change"}}
{"_local_timestamp": "2026-01-25T23:38:53.586319+00:00", "data": {"market": "0xe1c55a41c389051295edbf61184a1ac47d5903f85fd8c3ac5ff92b819e7758d9", "price_changes": [{"asset_id": "112453745798286260476619849085493387301317915928200921827655518887089027485044", "price": "0.08", "size": "1997.11", "side": "BUY", "hash": "da4224fd03524900a50d7cfe2e0ee9e85022d578", "best_bid": "0.72", "best_ask": "0.79"}, {"asset_id": "45623465970039811985156732364582292005770996455343860241298085709716069575338", "price": "0.92", "size": "1997.11", "side": "SELL", "hash": "24dbf4d08b913d158637943a8aee77bb8242cb79", "best_bid": "0.21", "best_ask": "0.28"}], "timestamp": "1769384333509", "event_type": "price_change"}}
{"_local_timestamp": "2026-01-25T23:38:53.586832+00:00", "data": {"market": "0xe1c55a41c389051295edbf61184a1ac47d5903f85fd8c3ac5ff92b819e7758d9", "price_changes": [{"asset_id": "112453745798286260476619849085493387301317915928200921827655518887089027485044", "price": "0.08", "size": "3267.21", "side": "BUY", "hash": "550dddb008211542b94e9dddb935fcadcb874486", "best_bid": "0.72", "best_ask": "0.79"}, {"asset_id": "45623465970039811985156732364582292005770996455343860241298085709716069575338", "price": "0.92", "size": "3267.21", "side": "SELL", "hash": "e05dfead8549a9084d10a366b509a7f8af3671d0", "best_bid": "0.21", "best_ask": "0.28"}], "timestamp": "1769384333510", "event_type": "price_change"}}
{"_local_timestamp": "2026-01-25T23:38:53.587230+00:00", "data": {"market": "0xe1c55a41c389051295edbf61184a1ac47d5903f85fd8c3ac5ff92b819e7758d9", "price_changes": [{"asset_id": "112453745798286260476619849085493387301317915928200921827655518887089027485044", "price": "0.08", "size": "4157.32", "side": "BUY", "hash": "12de2c61f77ec92e11a6c16a4da407928a3d3617", "best_bid": "0.72", "best_ask": "0.79"}, {"asset_id": "45623465970039811985156732364582292005770996455343860241298085709716069575338", "price": "0.92", "size": "4157.32", "side": "SELL", "hash": "fa7da51061c2fda1c59fa7e6120bdc6d54bf3dee", "best_bid": "0.21", "best_ask": "0.28"}], "timestamp": "1769384333511", "event_type": "price_change"}}
{"_local_timestamp": "2026-01-25T23:38:53.801355+00:00", "data": {"market": "0xe1c55a41c389051295edbf61184a1ac47d5903f85fd8c3ac5ff92b819e7758d9", "price_changes": [{"asset_id": "112453745798286260476619849085493387301317915928200921827655518887089027485044", "price": "0.1", "size": "4557.32", "side": "BUY", "hash": "96db551b604b7a44aeba0094b2e8e989535b681b", "best_bid": "0.72", "best_ask": "0.79"}, {"asset_id": "45623465970039811985156732364582292005770996455343860241298085709716069575338", "price": "0.9", "size": "4557.32", "side": "SELL", "hash": "4261b421853373814db56b108737623ddadef75a", "best_bid": "0.21", "best_ask": "0.28"}], "timestamp": "1769384333731", "event_type": "price_change"}}
{"_local_timestamp": "2026-01-25T23:38:53.869101+00:00", "data": {"market": "0xe1c55a41c389051295edbf61184a1ac47d5903f85fd8c3ac5ff92b819e7758d9", "price_changes": [{"asset_id": "112453745798286260476619849085493387301317915928200921827655518887089027485044", "price": "0.09", "size": "207.35", "side": "BUY", "hash": "1f034fa70f04f5560a8383c13ef8fd5511f6551e", "best_bid": "0.72", "best_ask": "0.79"}, {"asset_id": "45623465970039811985156732364582292005770996455343860241298085709716069575338", "price": "0.91", "size": "207.35", "side": "SELL", "hash": "01d19af5b7a2a784369021e6585387b49c412781", "best_bid": "0.21", "best_ask": "0.28"}], "timestamp": "1769384333797", "event_type": "price_change"}}
{"_local_timestamp": "2026-01-25T23:38:54.126642+00:00", "data": {"market": "0xe1c55a41c389051295edbf61184a1ac47d5903f85fd8c3ac5ff92b819e7758d9", "price_changes": [{"asset_id": "112453745798286260476619849085493387301317915928200921827655518887089027485044", "price": "0.1", "size": "4657.32", "side": "BUY", "hash": "64c9d157b40bd4d7c093af26eeba6e81592c3aa4", "best_bid": "0.72", "best_ask": "0.79"}, {"asset_id": "45623465970039811985156732364582292005770996455343860241298085709716069575338", "price": "0.9", "size": "4657.32", "side": "SELL", "hash": "2a3d1afabf5298987995a67f66e34e149d1f7fc5", "best_bid": "0.21", "best_ask": "0.28"}], "timestamp": "1769384334055", "event_type": "price_change"}}
{"_local_timestamp": "2026-01-25T23:39:04.720813+00:00", "data": {"market": "0xe1c55a41c389051295edbf61184a1ac47d5903f85fd8c3ac5ff92b819e7758d9", "price_changes": [{"asset_id": "112453745798286260476619849085493387301317915928200921827655518887089027485044", "price": "0.09", "size": "107.35", "side": "BUY", "hash": "bb1fbd644c0dab33ee69324ec32a5369ce8e9695", "best_bid": "0.72", "best_ask": "0.79"}, {"asset_id": "45623465970039811985156732364582292005770996455343860241298085709716069575338", "price": "0.91", "size": "107.35", "side": "SELL", "hash": "08205de2b10cdd233fcff4fc08aa5d311e4e3cdd", "best_bid": "0.21", "best_ask": "0.28"}], "timestamp": "1769384344626", "event_type": "price_change"}}
{"_local_timestamp": "2026-01-25T23:39:04.822538+00:00", "data": {"market": "0xe1c55a41c389051295edbf61184a1ac47d5903f85fd8c3ac5ff92b819e7758d9", "price_changes": [{"asset_id": "112453745798286260476619849085493387301317915928200921827655518887089027485044", "price": "0.1", "size": "500", "side": "BUY", "hash": "e380de0e159a6249e7488863840bd6e36f1906f5", "best_bid": "0.72", "best_ask": "0.79"}, {"asset_id": "45623465970039811985156732364582292005770996455343860241298085709716069575338", "price": "0.9", "size": "500", "side": "SELL", "hash": "62629ca682a6755ea7d0d839205372bbbbd21282", "best_bid": "0.21", "best_ask": "0.28"}], "timestamp": "1769384344730", "event_type": "price_change"}}
{"_local_timestamp": "2026-01-25T23:39:05.034438+00:00", "data": {"market": "0xe1c55a41c389051295edbf61184a1ac47d5903f85fd8c3ac5ff92b819e7758d9", "price_changes": [{"asset_id": "112453745798286260476619849085493387301317915928200921827655518887089027485044", "price": "0.1", "size": "600", "side": "BUY", "hash": "6334de62bf5f575b8f8b05f9ca8345b2b48d48cd", "best_bid": "0.72", "best_ask": "0.79"}, {"asset_id": "45623465970039811985156732364582292005770996455343860241298085709716069575338", "price": "0.9", "size": "600", "side": "SELL", "hash": "56993e9f1b2fb4697cccb29ba69ab1541887d13a", "best_bid": "0.21", "best_ask": "0.28"}], "timestamp": "1769384344961", "event_type": "price_change"}}
{"_local_timestamp": "2026-01-25T23:39:05.128414+00:00", "data": {"market": "0xe1c55a41c389051295edbf61184a1ac47d5903f85fd8c3ac5ff92b819e7758d9", "price_changes": [{"asset_id": "112453745798286260476619849085493387301317915928200921827655518887089027485044", "price": "0.11", "size": "890.11", "side": "BUY", "hash": "3ffdba03743f3c29ffc79217ab80fb4f5057c722", "best_bid": "0.72", "best_ask": "0.79"}, {"asset_id": "45623465970039811985156732364582292005770996455343860241298085709716069575338", "price": "0.89", "size": "890.11", "side": "SELL", "hash": "1c9578fa9f29af6e6212a8839eb21b281fe821d8", "best_bid": "0.21", "best_ask": "0.28"}], "timestamp": "1769384345048", "event_type": "price_change"}}
{"_local_timestamp": "2026-01-25T23:39:05.129123+00:00", "data": {"market": "0xe1c55a41c389051295edbf61184a1ac47d5903f85fd8c3ac5ff92b819e7758d9", "price_changes": [{"asset_id": "112453745798286260476619849085493387301317915928200921827655518887089027485044", "price": "0.11", "size": "2160.21", "side": "BUY", "hash": "c9473a02ee479b55625b6923e0490d1beacb05db", "best_bid": "0.72", "best_ask": "0.79"}, {"asset_id": "45623465970039811985156732364582292005770996455343860241298085709716069575338", "price": "0.89", "size": "2160.21", "side": "SELL", "hash": "c9d1852666a4c9408796651cfcf1b1a41ce6ee00", "best_bid": "0.21", "best_ask": "0.28"}], "timestamp": "1769384345048", "event_type": "price_change"}}
{"_local_timestamp": "2026-01-25T23:39:05.132234+00:00", "data": {"market": "0xe1c55a41c389051295edbf61184a1ac47d5903f85fd8c3ac5ff92b819e7758d9", "price_changes": [{"asset_id": "112453745798286260476619849085493387301317915928200921827655518887089027485044", "price": "0.11", "size": "4157.32", "side": "BUY", "hash": "c2596308ae58cc2506815d30ef2406aeefcc56e6", "best_bid": "0.72", "best_ask": "0.79"}, {"asset_id": "45623465970039811985156732364582292005770996455343860241298085709716069575338", "price": "0.89", "size": "4157.32", "side": "SELL", "hash": "c4d05cbba533f1c1bf82bd667c75bda1ec5bf353", "best_bid": "0.21", "best_ask": "0.28"}], "timestamp": "1769384345049", "event_type": "price_change"}}
{"_local_timestamp": "2026-01-25T23:39:10.906191+00:00", "data": {"market": "0xe1c55a41c389051295edbf61184a1ac47d5903f85fd8c3ac5ff92b819e7758d9", "price_changes": [{"asset_id": "112453745798286260476619849085493387301317915928200921827655518887089027485044", "price": "0.09", "size": "7.35", "side": "BUY", "hash": "2bed93945dd5da71810f3f7f583c6f74da35f1e7", "best_bid": "0.72", "best_ask": "0.79"}, {"asset_id": "45623465970039811985156732364582292005770996455343860241298085709716069575338", "price": "0.91", "size": "7.35", "side": "SELL", "hash": "f5f765978ae69a4e5a09a2d06b2873794dbb0555", "best_bid": "0.21", "best_ask": "0.28"}], "timestamp": "1769384350833", "event_type": "price_change"}}
{"_local_timestamp": "2026-01-25T23:39:10.964445+00:00", "data": {"market": "0xe1c55a41c389051295edbf61184a1ac47d5903f85fd8c3ac5ff92b819e7758d9", "price_changes": [{"asset_id": "112453745798286260476619849085493387301317915928200921827655518887089027485044", "price": "0.08", "size": "0", "side": "BUY", "hash": "2a7965327726f8b6674369e76c71ccb6365e7db5", "best_bid": "0.72", "best_ask": "0.79"}, {"asset_id": "45623465970039811985156732364582292005770996455343860241298085709716069575338", "price": "0.92", "size": "0", "side": "SELL", "hash": "5e935ee8a5840ddf6fa4e7aa450d6342c5f79420", "best_bid": "0.21", "best_ask": "0.28"}], "timestamp": "1769384350891", "event_type": "price_change"}}
{"_local_timestamp": "2026-01-25T23:39:11.232891+00:00", "data": {"market": "0xe1c55a41c389051295edbf61184a1ac47d5903f85fd8c3ac5ff92b819e7758d9", "price_changes": [{"asset_id": "112453745798286260476619849085493387301317915928200921827655518887089027485044", "price": "0.1", "size": "700", "side": "BUY", "hash": "c9058a208f37fa1af510100bce3c72e7f5d272ec", "best_bid": "0.72", "best_ask": "0.79"}, {"asset_id": "45623465970039811985156732364582292005770996455343860241298085709716069575338", "price": "0.9", "size": "700", "side": "SELL", "hash": "592df8246070be8da64cf8357286640d494f2509", "best_bid": "0.21", "best_ask": "0.28"}], "timestamp": "1769384351154", "event_type": "price_change"}}
