{"_local_timestamp": "2026-01-25T23:34:18.025791+00:00", "data": [{"market": "0xfbe6fb7c4fd16d7482ea90b7d0d1d7b19bb5e4a712509793e8c2df6bc3693870", "asset_id": "67378810577527070972744767795365201302059102892754756806873586464189616032168", "timestamp": "1769383926621", "hash": "96705209a49cea8e7156835604dde49d4895dd5e", "bids": [{"price": "0.01", "size": "2889.88"}, {"price": "0.02", "size": "2100"}, {"price": "0.03", "size": "8.11"}, {"price": "0.07", "size": "1700"}, {"price": "0.08", "size": "400"}, {"price": "0.09", "size": "7.3"}, {"price": "0.15", "size": "500"}, {"price": "0.16", "size": "250"}, {"price": "0.34", "size": "300"}, {"price": "0.38", "size": "200"}, {"price": "0.41", "size": "125"}, {"price": "0.44", "size": "75"}, {"price": "0.5", "size": "20"}, {"price": "0.59", "size": "50"}, {"price": "0.63", "size": "150"}, {"price": "0.64", "size": "120.83"}, {"price": "0.65", "size": "6"}], "asks": [{"price": "0.99", "size": "685.41"}, {"price": "0.98", "size": "6.8"}, {"price": "0.97", "size": "250"}, {"price": "0.96", "size": "20.24"}, {"price": "0.88", "size": "300"}, {"price": "0.87", "size": "200"}, {"price": "0.86", "size": "125"}, {"price": "0.84", "size": "75"}, {"price": "0.82", "size": "10"}, {"price": "0.78", "size": "50"}, {"price": "0.77", "size": "143"}], "event_type": "book", "last_trade_price": "0.670"}, {"market": "0x4f2318966d1d911047658a77c4719eefb2e3cd5ec6a7eb6d83451769b4bfdc4a", "asset_id": "55322150396378295991235003633576671989946519475450886795154531651989281028545", "timestamp": "1769379667333", "hash": "d3a531aebefd779e52cd69f1506fb28f02937a9a", "bids": [{"price": "0.01", "size": "201.38"}, {"price": "0.02", "size": "260.17"}, {"price": "0.03", "size": "52.57"}], "asks": [{"price": "0.99", "size": "201.38"}, {"price": "0.98", "size": "100.17"}, {"price": "0.97", "size": "58.04"}], "event_type": "book", "last_trade_price": ""}, {"market": "0x4f2318966d1d911047658a77c4719eefb2e3cd5ec6a7eb6d83451769b4bfdc4a", "asset_id": "51269927822845915397874154556601405090417191419575563290671322824166293500401", "timestamp": "1769379667333", "hash": "a283fb08474aca1d324ee3308e7145d6a9ade097", "bids": [{"price": "0.01", "size": "201.38"}, {"price": "0.02", "size": "100.17"}, {"price": "0.03", "size": "58.04"}], "asks": [{"price": "0.99", "size": "201.38"}, {"price": "0.98", "size": "260.17"}, {"price": "0.97", "size": "52.57"}], "event_type": "book", "last_trade_price": ""}, {"market": "0x0d06e30e9f153b914ffb633ab5421ee642a71bfe69425ba75752aeff67b12bdb", "asset_id": "29617751314026374328654225436370472560110271693807818896669859460474300824051", "timestamp": "1769383824398", "hash": "4c2de5ac61f07d2dea8ad1ccd42915143552eb2b", "bids": [{"price": "0.01", "size": "253.59"}, {"price": "0.02", "size": "160.48"}, {"price": "0.03", "size": "84.65"}, {"price": "0.04", "size": "9.25"}, {"price": "0.05", "size": "5.47"}], "asks": [{"price": "0.99", "size": "253.54"}, {"price": "0.98", "size": "160.48"}, {"price": "0.97", "size": "85.65"}, {"price": "0.96", "size": "39.24"}], "event_type": "book", "last_trade_price": ""}, {"market": "0xab7cf16e7512fdfa7c82bf20948d23abcdc9df8b3e989428f05d613cfcf54354", "asset_id": "89960116666128494323588624450031313599543895729843144320701171327110792182724", "timestamp": "1769383946637", "hash": "8c925a46a8699e0054af14a49529db7afa3417ae", "bids": [{"price": "0.01", "size": "186.37"}, {"price": "0.02", "size": "5.91"}, {"price": "0.03", "size": "250"}, {"price": "0.04", "size": "20.45"}, {"price": "0.25", "size": "800"}, {"price": "0.26", "size": "200"}, {"price": "0.27", "size": "349"}], "asks": [{"price": "0.99", "size": "202.08"}, {"price": "0.98", "size": "20.46"}, {"price": "0.97", "size": "15"}, {"price": "0.96", "size": "9.25"}, {"price": "0.95", "size": "5.47"}], "event_type": "book", "last_trade_price": ""}, {"market": "0x1ce7cb7e1f55b21bcd0535a2e4645ee3d50b3456fdcc8e412c34b4419d2aa7cd", "asset_id": "999093452326295699764484983280573656083160274972318267036779745606355351908", "timestamp": "1769383824050", "hash": "e41ace5e3f17bee8454dfe284e721e97896c3338", "bids": [{"price": "0.01", "size": "202.04"}, {"price": "0.02", "size": "160.48"}, {"price": "0.03", "size": "86.65"}, {"price": "0.04", "size": "39.24"}], "asks": [{"price": "0.99", "size": "193.28"}, {"price": "0.98", "size": "248.94"}, {"price": "0.97", "size": "22.94"}, {"price": "0.96", "size": "5.47"}], "event_type": "book", "last_trade_price": ""}, {"market": "0xab7cf16e7512fdfa7c82bf20948d23abcdc9df8b3e989428f05d613cfcf54354", "asset_id": "26694422228704253445992829245152017984860059805878639008116428764060631185077", "timestamp": "1769383946637", "hash": "332b8d15299f6ea50d18b70c9471b193d6b05ea0", "bids": [{"price": "0.01", "size": "202.08"}, {"price": "0.02", "size": "20.46"}, {"price": "0.03", "size": "15"}, {"price": "0.04", "size": "9.25"}, {"price": "0.05", "size": "5.47"}], "asks": [{"price": "0.99", "size": "186.37"}, {"price": "0.98", "size": "5.91"}, {"price": "0.97", "size": "250"}, {"price": "0.96", "size": "20.45"}, {"price": "0.75", "size": "800"}, {"price": "0.74", "size": "200"}, {"price": "0.73", "size": "349"}], "event_type": "book", "last_trade_price": ""}, {"market": "0xfbe6fb7c4fd16d7482ea90b7d0d1d7b19bb5e4a712509793e8c2df6bc3693870", "asset_id": "5074774964436566924334319836271529519849765235322159309891651323138989091656", "timestamp": "1769383926621", "hash": "b650dabfbc93ff1adca4c2da7bf4dc55e99954bd", "bids": [{"price": "0.01", "size": "685.41"}, {"price": "0.02", "size": "6.8"}, {"price": "0.03", "size": "250"}, {"price": "0.04", "size": "20.24"}, {"price": "0.12", "size": "300"}, {"price": "0.13", "size": "200"}, {"price": "0.14", "size": "125"}, {"price": "0.16", "size": "75"}, {"price": "0.18", "size": "10"}, {"price": "0.22", "size": "50"}, {"price": "0.23", "size": "143"}], "asks": [{"price": "0.99", "size": "2889.88"}, {"price": "0.98", "size": "2100"}, {"price": "0.97", "size": "8.11"}, {"price": "0.93", "size": "1700"}, {"price": "0.92", "size": "400"}, {"price": "0.91", "size": "7.3"}, {"price": "0.85", "size": "500"}, {"price": "0.84", "size": "250"}, {"price": "0.66", "size": "300"}, {"price": "0.62", "size": "200"}, {"price": "0.59", "size": "125"}, {"price": "0.56", "size": "75"}, {"price": "0.5", "size": "20"}, {"price": "0.41", "size": "50"}, {"price": "0.37", "size": "150"}, {"price": "0.36", "size": "120.83"}, {"price": "0.35", "size": "6"}], "event_type": "book", "last_trade_price": "0.670"}, {"market": "0x0d06e30e9f153b914ffb633ab5421ee642a71bfe69425ba75752aeff67b12bdb", "asset_id": "43227565815878319195568051758851398658578588239517374952722059811781298835522", "timestamp": "1769383824398", "hash": "76bfc4528271ae9b0a21879defb1c0811e455f59", "bids": [{"price": "0.01", "size": "253.54"}, {"price": "0.02", "size": "160.48"}, {"price": "0.03", "size": "85.65"}, {"price": "0.04", "size": "39.24"}], "asks": [{"price": "0.99", "size": "253.59"}, {"price": "0.98", "size": "160.48"}, {"price": "0.97", "size": "84.65"}, {"price": "0.96", "size": "9.25"}, {"price": "0.95", "size": "5.47"}], "event_type": "book", "last_trade_price": ""}, {"market": "0x1ce7cb7e1f55b21bcd0535a2e4645ee3d50b3456fdcc8e412c34b4419d2aa7cd", "asset_id": "27902107709066487738161141460944976085267944595034678592701932004733312636395", "timestamp": "1769383824050", "hash": "72b8e1bf607f87099d7ec69c87fbd2859dfda9d9", "bids": [{"price": "0.01", "size": "193.28"}, {"price": "0.02", "size": "248.94"}, {"price": "0.03", "size": "22.94"}, {"price": "0.04", "size": "5.47"}], "asks": [{"price": "0.99", "size": "202.04"}, {"price": "0.98", "size": "160.48"}, {"price": "0.97", "size": "86.65"}, {"price": "0.96", "size": "39.24"}], "event_type": "book", "last_trade_price": ""}]}
{"_local_timestamp": "2026-01-25T23:34:35.906287+00:00", "data": {"market": "0x1ce7cb7e1f55b21bcd0535a2e4645ee3d50b3456fdcc8e412c34b4419d2aa7cd", "price_changes": [{"asset_id": "27902107709066487738161141460944976085267944595034678592701932004733312636395", "price": "0.05", "size": "23.99", "side": "BUY", "hash": "abf8a234231b0a6a6b8a9bac566eb465d2e8e589", "best_bid": "0.05", "best_ask": "0.96"}, {"asset_id": "999093452326295699764484983280573656083160274972318267036779745606355351908", "price": "0.95", "size": "23.99", "side": "SELL", "hash": "aade9721f0cb9ff3f9148ac0214fd24b9564d066", "best_bid": "0.04", "best_ask": "0.95"}], "timestamp": "1769384075688", "event_type": "price_change"}}
{"_local_timestamp": "2026-01-25T23:34:39.007567+00:00", "data": {"market": "0x1ce7cb7e1f55b21bcd0535a2e4645ee3d50b3456fdcc8e412c34b4419d2aa7cd", "price_changes": [{"asset_id": "27902107709066487738161141460944976085267944595034678592701932004733312636395", "price": "0.04", "size": "0", "side": "BUY", "hash": "59affe54e2455ce464af3883f0c005e851141300", "best_bid": "0.05", "best_ask": "0.96"}, {"asset_id": "999093452326295699764484983280573656083160274972318267036779745606355351908", "price": "0.96", "size": "0", "side": "SELL", "hash": "90f8f58e7f6aec0dca22adfd610090ee6611208a", "best_bid": "0.04", "best_ask": "0.95"}], "timestamp": "1769384078926", "event_type": "price_change"}}
{"_local_timestamp": "2026-01-25T23:34:39.379344+00:00", "data": {"market": "0x1ce7cb7e1f55b21bcd0535a2e4645ee3d50b3456fdcc8e412c34b4419d2aa7cd", "price_changes": [{"asset_id": "27902107709066487738161141460944976085267944595034678592701932004733312636395", "price": "0.06", "size": "5.47", "side": "BUY", "hash": "394eb94e3ababed15a704381e1efb8136611744e", "best_bid": "0.06", "best_ask": "0.96"}, {"asset_id": "999093452326295699764484983280573656083160274972318267036779745606355351908", "price": "0.94", "size": "5.47", "side": "SELL", "hash": "445187edcfeeacf1b3e1038bd0dd66f78610e851", "best_bid": "0.04", "best_ask": "0.94"}], "timestamp": "1769384079248", "event_type": "price_change"}}
{"_local_timestamp": "2026-01-25T23:35:53.088874+00:00", "data": {"market": "0xfbe6fb7c4fd16d7482ea90b7d0d1d7b19bb5e4a712509793e8c2df6bc3693870", "price_changes": [{"asset_id": "5074774964436566924334319836271529519849765235322159309891651323138989091656", "price": "0.22", "size": "0", "side": "BUY", "hash": "3ebd87ffa16da16df280f76bc7f0f88cfeca1688", "best_bid": "0.23", "best_ask": "0.35"}, {"asset_id": "67378810577527070972744767795365201302059102892754756806873586464189616032168", "price": "0.78", "size": "0", "side": "SELL", "hash": "8f534cc7e2768f6d4a4ba8f3396a94c3e17e4bfa", "best_bid": "0.65", "best_ask": "0.77"}], "timestamp": "1769384153000", "event_type": "price_change"}}
{"_local_timestamp": "2026-01-25T23:35:58.543168+00:00", "data": {"market": "0xfbe6fb7c4fd16d7482ea90b7d0d1d7b19bb5e4a712509793e8c2df6bc3693870", "price_changes": [{"asset_id": "5074774964436566924334319836271529519849765235322159309891651323138989091656", "price": "0.23", "size": "0", "side": "BUY", "hash": "4b48125670088260146895dd09e4c439eb482ddc", "best_bid": "0.18", "best_ask": "0.35"}, {"asset_id": "67378810577527070972744767795365201302059102892754756806873586464189616032168", "price": "0.77", "size": "0", "side": "SELL", "hash": "d14e5710877fbf07ce6e6ce71799709a1975fa3e", "best_bid": "0.65", "best_ask": "0.82"}], "timestamp": "1769384158473", "event_type": "price_change"}}
{"_local_timestamp": "2026-01-25T23:35:58.889770+00:00", "data": {"market": "0xfbe6fb7c4fd16d7482ea90b7d0d1d7b19bb5e4a712509793e8c2df6bc3693870", "price_changes": [{"asset_id": "5074774964436566924334319836271529519849765235322159309891651323138989091656", "price": "0.19", "size": "143", "side": "BUY", "hash": "5c0c58a7fbf5c355c15f3b5bef46fe45246abe1c", "best_bid": "0.19", "best_ask": "0.35"}, {"asset_id": "67378810577527070972744767795365201302059102892754756806873586464189616032168", "price": "0.81", "size": "143", "side": "SELL", "hash": "9c95e84f30984dfcdf405c86334bd72321845cb0", "best_bid": "0.65", "best_ask": "0.81"}], "timestamp": "1769384158815", "event_type": "price_change"}}
{"_local_timestamp": "2026-01-25T23:35:59.038962+00:00", "data": {"market": "0xfbe6fb7c4fd16d7482ea90b7d0d1d7b19bb5e4a712509793e8c2df6bc3693870", "price_changes": [{"asset_id": "5074774964436566924334319836271529519849765235322159309891651323138989091656", "price": "0.19", "size": "173", "side": "BUY", "hash": "8909837a2537a801f3223d14ce0306e077486a5f", "best_bid": "0.19", "best_ask": "0.35"}, {"asset_id": "67378810577527070972744767795365201302059102892754756806873586464189616032168", "price": "0.81", "size": "173", "side": "SELL", "hash": "066d3fa866b3d834e09a7cb4d6eb77a8bafeebc3", "best_bid": "0.65", "best_ask": "0.81"}], "timestamp": "1769384158971", "event_type": "price_change"}}
{"_local_timestamp": "2026-01-25T23:36:04.047153+00:00", "data": {"market": "0xfbe6fb7c4fd16d7482ea90b7d0d1d7b19bb5e4a712509793e8c2df6bc3693870", "price_changes": [{"asset_id": "5074774964436566924334319836271529519849765235322159309891651323138989091656", "price": "0.19", "size": "30", "side": "BUY", "hash": "ee11e461e8f5e4f679c51756815a99afb49103dc", "best_bid": "0.19", "best_ask": "0.35"}, {"asset_id": "67378810577527070972744767795365201302059102892754756806873586464189616032168", "price": "0.81", "size": "30", "side": "SELL", "hash": "34aa08db302dde29fc4b1a9c6cc73b2547f6ae8d", "best_bid": "0.65", "best_ask": "0.81"}], "timestamp": "1769384163975", "event_type": "price_change"}}
{"_local_timestamp": "2026-01-25T23:36:04.281128+00:00", "data": {"market": "0xfbe6fb7c4fd16d7482ea90b7d0d1d7b19bb5e4a712509793e8c2df6bc3693870", "price_changes": [{"asset_id": "5074774964436566924334319836271529519849765235322159309891651323138989091656", "price": "0.2", "size": "143", "side": "BUY", "hash": "24ad5ac9bf72792d68c295deb1df2e10ab3cf3dd", "best_bid": "0.2", "best_ask": "0.35"}, {"asset_id": "67378810577527070972744767795365201302059102892754756806873586464189616032168", "price": "0.8", "size": "143", "side": "SELL", "hash": "675ab0a633ffbbef513997e720fbeb2a0745a613", "best_bid": "0.65", "best_ask": "0.8"}], "timestamp": "1769384164212", "event_type": "price_change"}}
{"_local_timestamp": "2026-01-25T23:36:04.630435+00:00", "data": {"market": "0x1ce7cb7e1f55b21bcd0535a2e4645ee3d50b3456fdcc8e412c34b4419d2aa7cd", "price_changes": [{"asset_id": "27902107709066487738161141460944976085267944595034678592701932004733312636395", "price": "0.05", "size": "0", "side": "BUY", "hash": "f1a493226c0608c1f83bf6d1a509504e837e6e61", "best_bid": "0.06", "best_ask": "0.96"}, {"asset_id": "999093452326295699764484983280573656083160274972318267036779745606355351908", "price": "0.95", "size": "0", "side": "SELL", "hash": "500559a67b2691b8e96093d5afaa9eb870735f0d", "best_bid": "0.04", "best_ask": "0.94"}], "timestamp": "1769384164564", "event_type": "price_change"}}
{"_local_timestamp": "2026-01-25T23:36:05.234025+00:00", "data": {"market": "0xfbe6fb7c4fd16d7482ea90b7d0d1d7b19bb5e4a712509793e8c2df6bc3693870", "price_changes": [{"asset_id": "5074774964436566924334319836271529519849765235322159309891651323138989091656", "price": "0.19", "size": "0", "side": "BUY", "hash": "a6b7b9be611dab5345683a39da0074019f9586bc", "best_bid": "0.2", "best_ask": "0.35"}, {"asset_id": "67378810577527070972744767795365201302059102892754756806873586464189616032168", "price": "0.81", "size": "0", "side": "SELL", "hash": "02b0a803d4627ae32e9ebc945a116ffb0ca263e7", "best_bid": "0.65", "best_ask": "0.8"}], "timestamp": "1769384165154", "event_type": "price_change"}}
{"_local_timestamp": "2026-01-25T23:36:05.281133+00:00", "data": {"market": "0xfbe6fb7c4fd16d7482ea90b7d0d1d7b19bb5e4a712509793e8c2df6bc3693870", "price_changes": [{"asset_id": "5074774964436566924334319836271529519849765235322159309891651323138989091656", "price": "0.2", "size": "173", "side": "BUY", "hash": "c845946a424d1a30ea909b0043624d111868e5fb", "best_bid": "0.2", "best_ask": "0.35"}, {"asset_id": "67378810577527070972744767795365201302059102892754756806873586464189616032168", "price": "0.8", "size": "173", "side": "SELL", "hash": "fd4aadba3b62a4995bf4db5744641bea4ce9ed5a", "best_bid": "0.65", "best_ask": "0.8"}], "timestamp": "1769384165217", "event_type": "price_change"}}
{"_local_timestamp": "2026-01-25T23:36:05.906604+00:00", "data": {"market": "0x1ce7cb7e1f55b21bcd0535a2e4645ee3d50b3456fdcc8e412c34b4419d2aa7cd", "price_changes": [{"asset_id": "27902107709066487738161141460944976085267944595034678592701932004733312636395", "price": "0.06", "size": "0", "side": "BUY", "hash": "f5cf40398fd778f6772bd322378d3c4f9cd40e99", "best_bid": "0.03", "best_ask": "0.96"}, {"asset_id": "999093452326295699764484983280573656083160274972318267036779745606355351908", "price": "0.94", "size": "0", "side": "SELL", "hash": "5568e6db236f8109cee4db227e5e34d78aab0c28", "best_bid": "0.04", "best_ask": "0.97"}], "timestamp": "1769384165832", "event_type": "price_change"}}
{"_local_timestamp": "2026-01-25T23:36:05.955089+00:00", "data": {"market": "0x1ce7cb7e1f55b21bcd0535a2e4645ee3d50b3456fdcc8e412c34b4419d2aa7cd", "price_changes": [{"asset_id": "27902107709066487738161141460944976085267944595034678592701932004733312636395", "price": "0.04", "size": "5.47", "side": "BUY", "hash": "0e251dff12efe5c576ef481368fd448412e03482", "best_bid": "0.04", "best_ask": "0.96"}, {"asset_id": "999093452326295699764484983280573656083160274972318267036779745606355351908", "price": "0.96", "size": "5.47", "side": "SELL", "hash": "01b751e3085ac961fa567d0f062646f65aacd63a", "best_bid": "0.04", "best_ask": "0.96"}], "timestamp": "1769384165880", "event_type": "price_change"}}
{"_local_timestamp": "2026-01-25T23:36:09.438978+00:00", "data": {"market": "0xfbe6fb7c4fd16d7482ea90b7d0d1d7b19bb5e4a712509793e8c2df6bc3693870", "price_changes": [{"asset_id": "5074774964436566924334319836271529519849765235322159309891651323138989091656", "price": "0.2", "size": "30", "side": "BUY", "hash": "6bd35322e787802d49fa0baab8927000caf7677e", "best_bid": "0.2", "best_ask": "0.35"}, {"asset_id": "67378810577527070972744767795365201302059102892754756806873586464189616032168", "price": "0.8", "size": "30", "side": "SELL", "hash": "038ca1718bb0eef54d50b820346a64efb086658c", "best_bid": "0.65", "best_ask": "0.8"}], "timestamp": "1769384169364", "event_type": "price_change"}}
{"_local_timestamp": "2026-01-25T23:36:09.831259+00:00", "data": {"market": "0xfbe6fb7c4fd16d7482ea90b7d0d1d7b19bb5e4a712509793e8c2df6bc3693870", "price_changes": [{"asset_id": "5074774964436566924334319836271529519849765235322159309891651323138989091656", "price": "0.21", "size": "143", "side": "BUY", "hash": "9e3816843d820c4d7ca7aff511b516ff39cab706", "best_bid": "0.21", "best_ask": "0.35"}, {"asset_id": "67378810577527070972744767795365201302059102892754756806873586464189616032168", "price": "0.79", "size": "143", "side": "SELL", "hash": "be3100b7b7bded0e44328c92ca981b5e8e07ded1", "best_bid": "0.65", "best_ask": "0.79"}], "timestamp": "1769384169753", "event_type": "price_change"}}
{"_local_timestamp": "2026-01-25T23:36:10.118561+00:00", "data": {"market": "0xfbe6fb7c4fd16d7482ea90b7d0d1d7b19bb5e4a712509793e8c2df6bc3693870", "price_changes": [{"asset_id": "5074774964436566924334319836271529519849765235322159309891651323138989091656", "price": "0.2", "size": "0", "side": "BUY", "hash": "c42df407415635e936e6ffe917eab94d42d45277", "best_bid": "0.21", "best_ask": "0.35"}, {"asset_id": "67378810577527070972744767795365201302059102892754756806873586464189616032168", "price": "0.8", "size": "0", "side": "SELL", "hash": "a9c4bde5c4323246b40a1d10f019c31321fac6ce", "best_bid": "0.65", "best_ask": "0.79"}], "timestamp": "1769384170046", "event_type": "price_change"}}
{"_local_timestamp": "2026-01-25T23:36:10.157156+00:00", "data": {"market": "0xfbe6fb7c4fd16d7482ea90b7d0d1d7b19bb5e4a712509793e8c2df6bc3693870", "price_changes": [{"asset_id": "5074774964436566924334319836271529519849765235322159309891651323138989091656", "price": "0.16", "size": "105", "side": "BUY", "hash": "cbf7fedd657f172d8317e88601a5952bf7fffb09", "best_bid": "0.21", "best_ask": "0.35"}, {"asset_id": "67378810577527070972744767795365201302059102892754756806873586464189616032168", "price": "0.84", "size": "105", "side": "SELL", "hash": "353955667f03461bdd3fcbd3520df3d24986b579", "best_bid": "0.65", "best_ask": "0.79"}], "timestamp": "1769384170091", "event_type": "price_change"}}
{"_local_timestamp": "2026-01-25T23:36:11.122521+00:00", "data": {"market": "0xfbe6fb7c4fd16d7482ea90b7d0d1d7b19bb5e4a712509793e8c2df6bc3693870", "price_changes": [{"asset_id": "5074774964436566924334319836271529519849765235322159309891651323138989091656", "price": "0.16", "size": "75", "side": "BUY", "hash": "1de034f90c0a55752a52df910facb69894748ca0", "best_bid": "0.21", "best_ask": "0.35"}, {"asset_id": "67378810577527070972744767795365201302059102892754756806873586464189616032168", "price": "0.84", "size": "75", "side": "SELL", "hash": "a30c0b9cd25724a32c7ce1b96a35334c16a91a4c", "best_bid": "0.65", "best_ask": "0.79"}], "timestamp": "1769384171011", "event_type": "price_change"}}
{"_local_timestamp": "2026-01-25T23:36:14.984097+00:00", "data": {"market": "0xfbe6fb7c4fd16d7482ea90b7d0d1d7b19bb5e4a712509793e8c2df6bc3693870", "price_changes": [{"asset_id": "5074774964436566924334319836271529519849765235322159309891651323138989091656", "price": "0.21", "size": "0", "side": "BUY", "hash": "2c3bd1eb310a6a6345ad68b68700cc1896e7266f", "best_bid": "0.18", "best_ask": "0.35"}, {"asset_id": "67378810577527070972744767795365201302059102892754756806873586464189616032168", "price": "0.79", "size": "0", "side": "SELL", "hash": "b2629fca4b97c5d0b70bdd59b89f6ceb071fec71", "best_bid": "0.65", "best_ask": "0.82"}], "timestamp": "1769384174911", "event_type": "price_change"}}
{"_local_timestamp": "2026-01-25T23:36:15.176997+00:00", "data": {"market": "0xfbe6fb7c4fd16d7482ea90b7d0d1d7b19bb5e4a712509793e8c2df6bc3693870", "price_changes": [{"asset_id": "5074774964436566924334319836271529519849765235322159309891651323138989091656", "price": "0.19", "size": "143", "side": "BUY", "hash": "6f86a80365bdfce85b6e86b5c35400efce3250a2", "best_bid": "0.19", "best_ask": "0.35"}, {"asset_id": "67378810577527070972744767795365201302059102892754756806873586464189616032168", "price": "0.81", "size": "143", "side": "SELL", "hash": "55e03a79558660ede6dba4fb015b2e0e17154433", "best_bid": "0.65", "best_ask": "0.81"}], "timestamp": "1769384175101", "event_type": "price_change"}}
{"_local_timestamp": "2026-01-25T23:36:15.342725+00:00", "data": {"market": "0xfbe6fb7c4fd16d7482ea90b7d0d1d7b19bb5e4a712509793e8c2df6bc3693870", "price_changes": [{"asset_id": "5074774964436566924334319836271529519849765235322159309891651323138989091656", "price": "0.19", "size": "173", "side": "BUY", "hash": "5d6c2dec90a862ecfaa7f4d78b23d39acbd9f4cc", "best_bid": "0.19", "best_ask": "0.35"}, {"asset_id": "67378810577527070972744767795365201302059102892754756806873586464189616032168", "price": "0.81", "size": "173", "side": "SELL", "hash": "986536459a4152d89fce3986c58fbf98bfffa8c8", "best_bid": "0.65", "best_ask": "0.81"}], "timestamp": "1769384175274", "event_type": "price_change"}}
{"_local_timestamp": "2026-01-25T23:36:20.326681+00:00", "data": {"market": "0xfbe6fb7c4fd16d7482ea90b7d0d1d7b19bb5e4a712509793e8c2df6bc3693870", "price_changes": [{"asset_id": "5074774964436566924334319836271529519849765235322159309891651323138989091656", "price": "0.19", "size": "30", "side": "BUY", "hash": "0e8ca079229c4821a8dffbc99aaf16d29373fc02", "best_bid": "0.19", "best_ask": "0.35"}, {"asset_id": "67378810577527070972744767795365201302059102892754756806873586464189616032168", "price": "0.81", "size": "30", "side": "SELL", "hash": "fe46368488377cd36b836b0216622319cf638f2a", "best_bid": "0.65", "best_ask": "0.81"}], "timestamp": "1769384180251", "event_type": "price_change"}}
{"_local_timestamp": "2026-01-25T23:36:20.627739+00:00", "data": {"market": "0xfbe6fb7c4fd16d7482ea90b7d0d1d7b19bb5e4a712509793e8c2df6bc3693870", "price_changes": [{"asset_id": "5074774964436566924334319836271529519849765235322159309891651323138989091656", "price": "0.2", "size": "143", "side": "BUY", "hash": "ea88f7c55922263ee62adfafed92bcde2ceff3a9", "best_bid": "0.2", "best_ask": "0.35"}, {"asset_id": "67378810577527070972744767795365201302059102892754756806873586464189616032168", "price": "0.8", "size": "143", "side": "SELL", "hash": "ca20976b660e0c7534558d579136f2c8850bdea3", "best_bid": "0.65", "best_ask": "0.8"}], "timestamp": "1769384180555", "event_type": "price_change"}}
{"_local_timestamp": "2026-01-25T23:36:20.834490+00:00", "data": {"market": "0xfbe6fb7c4fd16d7482ea90b7d0d1d7b19bb5e4a712509793e8c2df6bc3693870", "price_changes": [{"asset_id": "5074774964436566924334319836271529519849765235322159309891651323138989091656", "price": "0.19", "size": "0", "side": "BUY", "hash": "7c2cafcf7963fb91919582f23cb7d3be025fbe23", "best_bid": "0.2", "best_ask": "0.35"}, {"asset_id": "67378810577527070972744767795365201302059102892754756806873586464189616032168", "price": "0.81", "size": "0", "side": "SELL", "hash": "93f38b8e6313949a15d42e30ecd4c447d6222cd0", "best_bid": "0.65", "best_ask": "0.8"}], "timestamp": "1769384180765", "event_type": "price_change"}}
{"_local_timestamp": "2026-01-25T23:36:20.895559+00:00", "data": {"market": "0xfbe6fb7c4fd16d7482ea90b7d0d1d7b19bb5e4a712509793e8c2df6bc3693870", "price_changes": [{"asset_id": "5074774964436566924334319836271529519849765235322159309891651323138989091656", "price": "0.16", "size": "105", "side": "BUY", "hash": "fc0130759c268320220eed6c655dc4251162d09c", "best_bid": "0.2", "best_ask": "0.35"}, {"asset_id": "67378810577527070972744767795365201302059102892754756806873586464189616032168", "price": "0.84", "size": "105", "side": "SELL", "hash": "685b15a11388e819e8425cd96385b1172ecb5335", "best_bid": "0.65", "best_ask": "0.8"}], "timestamp": "1769384180827", "event_type": "price_change"}}
{"_local_timestamp": "2026-01-25T23:36:22.514523+00:00", "data": {"market": "0xfbe6fb7c4fd16d7482ea90b7d0d1d7b19bb5e4a712509793e8c2df6bc3693870", "price_changes": [{"asset_id": "5074774964436566924334319836271529519849765235322159309891651323138989091656", "price": "0.16", "size": "75", "side": "BUY", "hash": "8db291834fdc19d5219872918c3c18a2ece6766e", "best_bid": "0.2", "best_ask": "0.35"}, {"asset_id": "67378810577527070972744767795365201302059102892754756806873586464189616032168", "price": "0.84", "size": "75", "side": "SELL", "hash": "d67e20ca5e1c0d95eab0471c2e21fb6845efe8c5", "best_bid": "0.65", "best_ask": "0.8"}], "timestamp": "1769384182438", "event_type": "price_change"}}
{"_local_timestamp": "2026-01-25T23:36:22.568028+00:00", "data": {"market": "0xfbe6fb7c4fd16d7482ea90b7d0d1d7b19bb5e4a712509793e8c2df6bc3693870", "price_changes": [{"asset_id": "5074774964436566924334319836271529519849765235322159309891651323138989091656", "price": "0.2", "size": "173", "side": "BUY", "hash": "6da77834140f88ab550952facbb55be785f973c7", "best_bid": "0.2", "best_ask": "0.35"}, {"asset_id": "67378810577527070972744767795365201302059102892754756806873586464189616032168", "price": "0.8", "size": "173", "side": "SELL", "hash": "e60435cc6a6c8710946d1620380a9c67e300dddb", "best_bid": "0.65", "best_ask": "0.8"}], "timestamp": "1769384182500", "event_type": "price_change"}}
{"_local_timestamp": "2026-01-25T23:36:23.077981+00:00", "data": {"market": "0xab7cf16e7512fdfa7c82bf20948d23abcdc9df8b3e989428f05d613cfcf54354", "price_changes": [{"asset_id": "89960116666128494323588624450031313599543895729843144320701171327110792182724", "price": "0.27", "size": "299", "side": "BUY", "hash": "38ffa19797d71063838522cd20c8095ea69700ef", "best_bid": "0.27", "best_ask": "0.95"}, {"asset_id": "26694422228704253445992829245152017984860059805878639008116428764060631185077", "price": "0.73", "size": "299", "side": "SELL", "hash": "2e5b1d9c480004c4e77dd22900aac164eef6d7fb", "best_bid": "0.05", "best_ask": "0.73"}], "timestamp": "1769384183001", "event_type": "price_change"}}
{"_local_timestamp": "2026-01-25T23:36:25.771592+00:00", "data": {"market": "0xfbe6fb7c4fd16d7482ea90b7d0d1d7b19bb5e4a712509793e8c2df6bc3693870", "price_changes": [{"asset_id": "5074774964436566924334319836271529519849765235322159309891651323138989091656", "price": "0.2", "size": "30", "side": "BUY", "hash": "fb87c49c025a6409dd738080b4b09300573e5be6", "best_bid": "0.2", "best_ask": "0.35"}, {"asset_id": "67378810577527070972744767795365201302059102892754756806873586464189616032168", "price": "0.8", "size": "30", "side": "SELL", "hash": "a454239f547efaba35f2d052980c64fc4f6c2576", "best_bid": "0.65", "best_ask": "0.8"}], "timestamp": "1769384185696", "event_type": "price_change"}}
{"_local_timestamp": "2026-01-25T23:36:26.138369+00:00", "data": {"market": "0xfbe6fb7c4fd16d7482ea90b7d0d1d7b19bb5e4a712509793e8c2df6bc3693870", "price_changes": [{"asset_id": "5074774964436566924334319836271529519849765235322159309891651323138989091656", "price": "0.21", "size": "143", "side": "BUY", "hash": "133330377090919612411486a956cc6bedd9377e", "best_bid": "0.21", "best_ask": "0.35"}, {"asset_id": "67378810577527070972744767795365201302059102892754756806873586464189616032168", "price": "0.79", "size": "143", "side": "SELL", "hash": "77ff532d6ff94ed80a8fc953adfa089f91a6e739", "best_bid": "0.65", "best_ask": "0.79"}], "timestamp": "1769384186045", "event_type": "price_change"}}
{"_local_timestamp": "2026-01-25T23:36:26.788469+00:00", "data": {"market": "0xfbe6fb7c4fd16d7482ea90b7d0d1d7b19bb5e4a712509793e8c2df6bc3693870", "price_changes": [{"asset_id": "5074774964436566924334319836271529519849765235322159309891651323138989091656", "price": "0.2", "size": "0", "side": "BUY", "hash": "c09c3f16b4319cff713e6d346685a6c06cc00877", "best_bid": "0.21", "best_ask": "0.35"}, {"asset_id": "67378810577527070972744767795365201302059102892754756806873586464189616032168", "price": "0.8", "size": "0", "side": "SELL", "hash": "6544d95a2103d25983eb4ec7f50fd713dd0542af", "best_bid": "0.65", "best_ask": "0.79"}], "timestamp": "1769384186717", "event_type": "price_change"}}
{"_local_timestamp": "2026-01-25T23:36:26.852534+00:00", "data": {"market": "0xfbe6fb7c4fd16d7482ea90b7d0d1d7b19bb5e4a712509793e8c2df6bc3693870", "price_changes": [{"asset_id": "5074774964436566924334319836271529519849765235322159309891651323138989091656", "price": "0.21", "size": "173", "side": "BUY", "hash": "90e6c1f5e02b4b8d11ace148d7b1f7955a4e78e5", "best_bid": "0.21", "best_ask": "0.35"}, {"asset_id": "67378810577527070972744767795365201302059102892754756806873586464189616032168", "price": "0.79", "size": "173", "side": "SELL", "hash": "68d68a6ffa66cf177d295b1d4e1daf33d60df4b1", "best_bid": "0.65", "best_ask": "0.79"}], "timestamp": "1769384186785", "event_type": "price_change"}}
{"_local_timestamp": "2026-01-25T23:36:28.181075+00:00", "data": {"market": "0xfbe6fb7c4fd16d7482ea90b7d0d1d7b19bb5e4a712509793e8c2df6bc3693870", "price_changes": [{"asset_id": "5074774964436566924334319836271529519849765235322159309891651323138989091656", "price": "0.21", "size": "143", "side": "BUY", "hash": "a35f0d723172113393eeed9e2d522549fc948d32", "best_bid": "0.21", "best_ask": "0.35"}, {"asset_id": "67378810577527070972744767795365201302059102892754756806873586464189616032168", "price": "0.79", "size": "143", "side": "SELL", "hash": "d2c3907b7cbfab4bdd1bc6a0dca01e1168b56c91", "best_bid": "0.65", "best_ask": "0.79"}], "timestamp": "1769384188093", "event_type": "price_change"}}
{"_local_timestamp": "2026-01-25T23:36:31.121754+00:00", "data": {"market": "0xfbe6fb7c4fd16d7482ea90b7d0d1d7b19bb5e4a712509793e8c2df6bc3693870", "price_changes": [{"asset_id": "5074774964436566924334319836271529519849765235322159309891651323138989091656", "price": "0.01", "size": "285.41", "side": "BUY", "hash": "12b5d14f13030959cfd098911241f88a8d658493", "best_bid": "0.21", "best_ask": "0.35"}, {"asset_id": "67378810577527070972744767795365201302059102892754756806873586464189616032168", "price": "0.99", "size": "285.41", "side": "SELL", "hash": "0899e8e41e9e2deb8821a625b8db9af4589dc127", "best_bid": "0.65", "best_ask": "0.79"}], "timestamp": "1769384191047", "event_type": "price_change"}}
{"_local_timestamp": "2026-01-25T23:36:31.288382+00:00", "data": {"market": "0xfbe6fb7c4fd16d7482ea90b7d0d1d7b19bb5e4a712509793e8c2df6bc3693870", "price_changes": [{"asset_id": "5074774964436566924334319836271529519849765235322159309891651323138989091656", "price": "0.21", "size": "0", "side": "BUY", "hash": "f6175b2a6640ab732c795ee40cffbf831c33d009", "best_bid": "0.18", "best_ask": "0.35"}, {"asset_id": "67378810577527070972744767795365201302059102892754756806873586464189616032168", "price": "0.79", "size": "0", "side": "SELL", "hash": "cf3d4fbe8606a92c51396a77609ad72027a444e4", "best_bid": "0.65", "best_ask": "0.82"}], "timestamp": "1769384191219", "event_type": "price_change"}}
{"_local_timestamp": "2026-01-25T23:36:31.510969+00:00", "data": {"market": "0xfbe6fb7c4fd16d7482ea90b7d0d1d7b19bb5e4a712509793e8c2df6bc3693870", "price_changes": [{"asset_id": "5074774964436566924334319836271529519849765235322159309891651323138989091656", "price": "0.19", "size": "143", "side": "BUY", "hash": "b770eeb1fa2c41bea98aa1d6d3591d5bd4605bce", "best_bid": "0.19", "best_ask": "0.35"}, {"asset_id": "67378810577527070972744767795365201302059102892754756806873586464189616032168", "price": "0.81", "size": "143", "side": "SELL", "hash": "0767f532d72d3e71b38899e9d91417f63880d305", "best_bid": "0.65", "best_ask": "0.81"}], "timestamp": "1769384191442", "event_type": "price_change"}}
{"_local_timestamp": "2026-01-25T23:36:31.926853+00:00", "data": {"market": "0xfbe6fb7c4fd16d7482ea90b7d0d1d7b19bb5e4a712509793e8c2df6bc3693870", "price_changes": [{"asset_id": "5074774964436566924334319836271529519849765235322159309891651323138989091656", "price": "0.19", "size": "173", "side": "BUY", "hash": "f5971487a64a6b86f5cf465dd236454927ddd0b8", "best_bid": "0.19", "best_ask": "0.35"}, {"asset_id": "67378810577527070972744767795365201302059102892754756806873586464189616032168", "price": "0.81", "size": "173", "side": "SELL", "hash": "37824373adedfa212dd600462b3f7654012d1e17", "best_bid": "0.65", "best_ask": "0.81"}], "timestamp": "1769384191856", "event_type": "price_change"}}
{"_local_timestamp": "2026-01-25T23:36:36.703861+00:00", "data": {"market": "0xfbe6fb7c4fd16d7482ea90b7d0d1d7b19bb5e4a712509793e8c2df6bc3693870", "price_changes": [{"asset_id": "5074774964436566924334319836271529519849765235322159309891651323138989091656", "price": "0.19", "size": "30", "side": "BUY", "hash": "fb3c6497f57e5c59e8139ab9d5a0eb7ded5f8497", "best_bid": "0.19", "best_ask": "0.35"}, {"asset_id": "67378810577527070972744767795365201302059102892754756806873586464189616032168", "price": "0.81", "size": "30", "side": "SELL", "hash": "db9bc78e68ed9a88fd280eb7d0c680161685aeaf", "best_bid": "0.65", "best_ask": "0.81"}], "timestamp": "1769384196636", "event_type": "price_change"}}
{"_local_timestamp": "2026-01-25T23:36:37.153282+00:00", "data": {"market": "0xfbe6fb7c4fd16d7482ea90b7d0d1d7b19bb5e4a712509793e8c2df6bc3693870", "price_changes": [{"asset_id": "5074774964436566924334319836271529519849765235322159309891651323138989091656", "price": "0.2", "size": "143", "side": "BUY", "hash": "64a30f91dda43955b1d6ae350968b0f3848894bd", "best_bid": "0.2", "best_ask": "0.35"}, {"asset_id": "67378810577527070972744767795365201302059102892754756806873586464189616032168", "price": "0.8", "size": "143", "side": "SELL", "hash": "52b77a7c7c9d1c9d84a0a063331dfed2480f82da", "best_bid": "0.65", "best_ask": "0.8"}], "timestamp": "1769384197027", "event_type": "price_change"}}
{"_local_timestamp": "2026-01-25T23:36:37.633432+00:00", "data": {"market": "0xfbe6fb7c4fd16d7482ea90b7d0d1d7b19bb5e4a712509793e8c2df6bc3693870", "price_changes": [{"asset_id": "5074774964436566924334319836271529519849765235322159309891651323138989091656", "price": "0.19", "size": "0", "side": "BUY", "hash": "dbdbf99c462ce8c147c6df1676d3366c2fd433b5", "best_bid": "0.2", "best_ask": "0.35"}, {"asset_id": "67378810577527070972744767795365201302059102892754756806873586464189616032168", "price": "0.81", "size": "0", "side": "SELL", "hash": "525a7a77bbb123e2345d884c0d1e4fea0bb04b38", "best_bid": "0.65", "best_ask": "0.8"}], "timestamp": "1769384197559", "event_type": "price_change"}}
{"_local_timestamp": "2026-01-25T23:36:37.681183+00:00", "data": {"market": "0xfbe6fb7c4fd16d7482ea90b7d0d1d7b19bb5e4a712509793e8c2df6bc3693870", "price_changes": [{"asset_id": "5074774964436566924334319836271529519849765235322159309891651323138989091656", "price": "0.16", "size": "105", "side": "BUY", "hash": "d9ab2a972296427f43da4e40276f47aaa8fdb298", "best_bid": "0.2", "best_ask": "0.35"}, {"asset_id": "67378810577527070972744767795365201302059102892754756806873586464189616032168", "price": "0.84", "size": "105", "side": "SELL", "hash": "f4332b7592ca0046945ba91fdcca9ab41f705a43", "best_bid": "0.65", "best_ask": "0.8"}], "timestamp": "1769384197611", "event_type": "price_change"}}
{"_local_timestamp": "2026-01-25T23:36:38.583455+00:00", "data": {"market": "0xfbe6fb7c4fd16d7482ea90b7d0d1d7b19bb5e4a712509793e8c2df6bc3693870", "price_changes": [{"asset_id": "5074774964436566924334319836271529519849765235322159309891651323138989091656", "price": "0.16", "size": "75", "side": "BUY", "hash": "120fcc7b7da88ecaff9cf4021734c74b4534f489", "best_bid": "0.2", "best_ask": "0.35"}, {"asset_id": "67378810577527070972744767795365201302059102892754756806873586464189616032168", "price": "0.84", "size": "75", "side": "SELL", "hash": "a85edc10a7d6a5af421b17da9b7976b2121c063a", "best_bid": "0.65", "best_ask": "0.8"}], "timestamp": "1769384198512", "event_type": "price_change"}}
{"_local_timestamp": "2026-01-25T23:36:38.662910+00:00", "data": {"market": "0xfbe6fb7c4fd16d7482ea90b7d0d1d7b19bb5e4a712509793e8c2df6bc3693870", "price_changes": [{"asset_id": "5074774964436566924334319836271529519849765235322159309891651323138989091656", "price": "0.2", "size": "173", "side": "BUY", "hash": "6ef0bc5765357d0ca36d96af67ceccd9e14b9b9d", "best_bid": "0.2", "best_ask": "0.35"}, {"asset_id": "67378810577527070972744767795365201302059102892754756806873586464189616032168", "price": "0.8", "size": "173", "side": "SELL", "hash": "75a8667c69b62508d96ccb860c6e2f6ddebb98d2", "best_bid": "0.65", "best_ask": "0.8"}], "timestamp": "1769384198593", "event_type": "price_change"}}
{"_local_timestamp": "2026-01-25T23:36:42.242876+00:00", "data": {"market": "0xfbe6fb7c4fd16d7482ea90b7d0d1d7b19bb5e4a712509793e8c2df6bc3693870", "price_changes": [{"asset_id": "5074774964436566924334319836271529519849765235322159309891651323138989091656", "price": "0.2", "size": "30", "side": "BUY", "hash": "b9a8a4651f2d8ef2617357658387992f63fd52e4", "best_bid": "0.2", "best_ask": "0.35"}, {"asset_id": "67378810577527070972744767795365201302059102892754756806873586464189616032168", "price": "0.8", "size": "30", "side": "SELL", "hash": "9f43ccef03f5360f87184d6c8eb01ca621ba15a9", "best_bid": "0.65", "best_ask": "0.8"}], "timestamp": "1769384202169", "event_type": "price_change"}}
{"_local_timestamp": "2026-01-25T23:36:42.465000+00:00", "data": {"market": "0xfbe6fb7c4fd16d7482ea90b7d0d1d7b19bb5e4a712509793e8c2df6bc3693870", "price_changes": [{"asset_id": "5074774964436566924334319836271529519849765235322159309891651323138989091656", "price": "0.21", "size": "143", "side": "BUY", "hash": "e54ce21057292892c166fefd6d1208c00dc6f5e9", "best_bid": "0.21", "best_ask": "0.35"}, {"asset_id": "67378810577527070972744767795365201302059102892754756806873586464189616032168", "price": "0.79", "size": "143", "side": "SELL", "hash": "31eda52fcaf0167402073ad73bbb82b892f5c7f5", "best_bid": "0.65", "best_ask": "0.79"}], "timestamp": "1769384202400", "event_type": "price_change"}}
{"_local_timestamp": "2026-01-25T23:36:44.005560+00:00", "data": {"market": "0xfbe6fb7c4fd16d7482ea90b7d0d1d7b19bb5e4a712509793e8c2df6bc3693870", "price_changes": [{"asset_id": "5074774964436566924334319836271529519849765235322159309891651323138989091656", "price": "0.2", "size": "0", "side": "BUY", "hash": "236ff2817fa64b0fb5e56163faa3fd994dd62488", "best_bid": "0.21", "best_ask": "0.35"}, {"asset_id": "67378810577527070972744767795365201302059102892754756806873586464189616032168", "price": "0.8", "size": "0", "side": "SELL", "hash": "0ea8394bd2f8adb80bf11f00addf92c88f961a9a", "best_bid": "0.65", "best_ask": "0.79"}], "timestamp": "1769384203935", "event_type": "price_change"}}
{"_local_timestamp": "2026-01-25T23:36:44.083046+00:00", "data": {"market": "0xfbe6fb7c4fd16d7482ea90b7d0d1d7b19bb5e4a712509793e8c2df6bc3693870", "price_changes": [{"asset_id": "5074774964436566924334319836271529519849765235322159309891651323138989091656", "price": "0.21", "size": "173", "side": "BUY", "hash": "924d35c8a58bf44f412d1c9ff459e697ff5a9e5c", "best_bid": "0.21", "best_ask": "0.35"}, {"asset_id": "67378810577527070972744767795365201302059102892754756806873586464189616032168", "price": "0.79", "size": "173", "side": "SELL", "hash": "78a0b83c623ef44d7e4d96da912d32125441a1d2", "best_bid": "0.65", "best_ask": "0.79"}], "timestamp": "1769384204005", "event_type": "price_change"}}
{"_local_timestamp": "2026-01-25T23:36:45.001024+00:00", "data": {"market": "0xfbe6fb7c4fd16d7482ea90b7d0d1d7b19bb5e4a712509793e8c2df6bc3693870", "price_changes": [{"asset_id": "5074774964436566924334319836271529519849765235322159309891651323138989091656", "price": "0.21", "size": "143", "side": "BUY", "hash": "6cd2726054409ca308e5ba98b2a4d94ce31a061a", "best_bid": "0.21", "best_ask": "0.35"}, {"asset_id": "67378810577527070972744767795365201302059102892754756806873586464189616032168", "price": "0.79", "size": "143", "side": "SELL", "hash": "90f608f24d6edeb2ce32fad69402d65e7dc94cbe", "best_bid": "0.65", "best_ask": "0.79"}], "timestamp": "1769384204934", "event_type": "price_change"}}
{"_local_timestamp": "2026-01-25T23:36:47.606977+00:00", "data": {"market": "0xfbe6fb7c4fd16d7482ea90b7d0d1d7b19bb5e4a712509793e8c2df6bc3693870", "price_changes": [{"asset_id": "5074774964436566924334319836271529519849765235322159309891651323138989091656", "price": "0.21", "size": "0", "side": "BUY", "hash": "159a2044a8df93b2ab463bb84960bedb0391f63b", "best_bid": "0.18", "best_ask": "0.35"}, {"asset_id": "67378810577527070972744767795365201302059102892754756806873586464189616032168", "price": "0.79", "size": "0", "side": "SELL", "hash": "a28f44b2d518091a8cd6102d10cfe9c7e133cfc5", "best_bid": "0.65", "best_ask": "0.82"}], "timestamp": "1769384207534", "event_type": "price_change"}}
{"_local_timestamp": "2026-01-25T23:36:47.650195+00:00", "data": {"market": "0xfbe6fb7c4fd16d7482ea90b7d0d1d7b19bb5e4a712509793e8c2df6bc3693870", "price_changes": [{"asset_id": "5074774964436566924334319836271529519849765235322159309891651323138989091656", "price": "0.16", "size": "105", "side": "BUY", "hash": "5c766549d91b0da53ab80134b2281ff97f81d3bd", "best_bid": "0.18", "best_ask": "0.35"}, {"asset_id": "67378810577527070972744767795365201302059102892754756806873586464189616032168", "price": "0.84", "size": "105", "side": "SELL", "hash": "4d16f42485785912120659fa8ed785317e1472b4", "best_bid": "0.65", "best_ask": "0.82"}], "timestamp": "1769384207584", "event_type": "price_change"}}
{"_local_timestamp": "2026-01-25T23:36:47.918706+00:00", "data": {"market": "0xfbe6fb7c4fd16d7482ea90b7d0d1d7b19bb5e4a712509793e8c2df6bc3693870", "price_changes": [{"asset_id": "5074774964436566924334319836271529519849765235322159309891651323138989091656", "price": "0.19", "size": "143", "side": "BUY", "hash": "b14819dbd0bc28ffd01b9aae157a4a58e73d57ff", "best_bid": "0.19", "best_ask": "0.35"}, {"asset_id": "67378810577527070972744767795365201302059102892754756806873586464189616032168", "price": "0.81", "size": "143", "side": "SELL", "hash": "4791c5411928e11868b1826521f03fb08c8fd647", "best_bid": "0.65", "best_ask": "0.81"}], "timestamp": "1769384207852", "event_type": "price_change"}}
{"_local_timestamp": "2026-01-25T23:36:47.974266+00:00", "data": {"market": "0x1ce7cb7e1f55b21bcd0535a2e4645ee3d50b3456fdcc8e412c34b4419d2aa7cd", "price_changes": [{"asset_id": "27902107709066487738161141460944976085267944595034678592701932004733312636395", "price": "0.03", "size": "9.8", "side": "BUY", "hash": "153df0d74a1da68e0f0bcaf02c991db7e5c3bceb", "best_bid": "0.04", "best_ask": "0.96"}, {"asset_id": "999093452326295699764484983280573656083160274972318267036779745606355351908", "price": "0.97", "size": "9.8", "side": "SELL", "hash": "25f615197d2d31b6bb858365b8218681b52bae34", "best_bid": "0.04", "best_ask": "0.96"}], "timestamp": "1769384207906", "event_type": "price_change"}}
{"_local_timestamp": "2026-01-25T23:36:48.204733+00:00", "data": {"market": "0x1ce7cb7e1f55b21bcd0535a2e4645ee3d50b3456fdcc8e412c34b4419d2aa7cd", "price_changes": [{"asset_id": "27902107709066487738161141460944976085267944595034678592701932004733312636395", "price": "0.01", "size": "202.79", "side": "BUY", "hash": "d00fa38e9ff1c9c3080aa59e182c0bf20997c386", "best_bid": "0.04", "best_ask": "0.96"}, {"asset_id": "999093452326295699764484983280573656083160274972318267036779745606355351908", "price": "0.99", "size": "202.79", "side": "SELL", "hash": "f2c955bda4bdd6a14eea3bea354494ad2f59af84", "best_bid": "0.04", "best_ask": "0.96"}], "timestamp": "1769384208137", "event_type": "price_change"}}
{"_local_timestamp": "2026-01-25T23:36:48.205265+00:00", "data": {"market": "0x1ce7cb7e1f55b21bcd0535a2e4645ee3d50b3456fdcc8e412c34b4419d2aa7cd", "price_changes": [{"asset_id": "27902107709066487738161141460944976085267944595034678592701932004733312636395", "price": "0.03", "size": "19.77", "side": "BUY", "hash": "5ca65f5de2a8a039f66af9a2a693019b480ff49a", "best_bid": "0.04", "best_ask": "0.96"}, {"asset_id": "999093452326295699764484983280573656083160274972318267036779745606355351908", "price": "0.97", "size": "19.77", "side": "SELL", "hash": "561a0cfccb22cf3c46f956c1461226242bbfe6cc", "best_bid": "0.04", "best_ask": "0.96"}], "timestamp": "1769384208137", "event_type": "price_change"}}
{"_local_timestamp": "2026-01-25T23:36:48.551826+00:00", "data": {"market": "0xfbe6fb7c4fd16d7482ea90b7d0d1d7b19bb5e4a712509793e8c2df6bc3693870", "price_changes": [{"asset_id": "5074774964436566924334319836271529519849765235322159309891651323138989091656", "price": "0.16", "size": "75", "side": "BUY", "hash": "957638d10480529ddac70e3131900dc4bd517295", "best_bid": "0.19", "best_ask": "0.35"}, {"asset_id": "67378810577527070972744767795365201302059102892754756806873586464189616032168", "price": "0.84", "size": "75", "side": "SELL", "hash": "85dcafc16b77a2af28f9c5f1640faeb8d11ae204", "best_bid": "0.65", "best_ask": "0.81"}], "timestamp": "1769384208483", "event_type": "price_change"}}
{"_local_timestamp": "2026-01-25T23:36:48.612851+00:00", "data": {"market": "0xfbe6fb7c4fd16d7482ea90b7d0d1d7b19bb5e4a712509793e8c2df6bc3693870", "price_changes": [{"asset_id": "5074774964436566924334319836271529519849765235322159309891651323138989091656", "price": "0.19", "size": "173", "side": "BUY", "hash": "4f87db8abda27411f265cfb6fc7fc47d0fcb5e42", "best_bid": "0.19", "best_ask": "0.35"}, {"asset_id": "67378810577527070972744767795365201302059102892754756806873586464189616032168", "price": "0.81", "size": "173", "side": "SELL", "hash": "0e2e51e79838336f5c5bb286fa7d4555126d88e9", "best_bid": "0.65", "best_ask": "0.81"}], "timestamp": "1769384208544", "event_type": "price_change"}}
{"_local_timestamp": "2026-01-25T23:36:53.094587+00:00", "data": {"market": "0xfbe6fb7c4fd16d7482ea90b7d0d1d7b19bb5e4a712509793e8c2df6bc3693870", "price_changes": [{"asset_id": "5074774964436566924334319836271529519849765235322159309891651323138989091656", "price": "0.19", "size": "30", "side": "BUY", "hash": "3a9a7861417153ba58d8b1f0bda8b59e904a480e", "best_bid": "0.19", "best_ask": "0.35"}, {"asset_id": "67378810577527070972744767795365201302059102892754756806873586464189616032168", "price": "0.81", "size": "30", "side": "SELL", "hash": "ef6ecef03d0f40cc53d46a2a7b21b852d1362e7d", "best_bid": "0.65", "best_ask": "0.81"}], "timestamp": "1769384213005", "event_type": "price_change"}}
{"_local_timestamp": "2026-01-25T23:36:53.338837+00:00", "data": {"market": "0xfbe6fb7c4fd16d7482ea90b7d0d1d7b19bb5e4a712509793e8c2df6bc3693870", "price_changes": [{"asset_id": "5074774964436566924334319836271529519849765235322159309891651323138989091656", "price": "0.2", "size": "143", "side": "BUY", "hash": "819649a7628c8060abad8349736664bb4b766d5a", "best_bid": "0.2", "best_ask": "0.35"}, {"asset_id": "67378810577527070972744767795365201302059102892754756806873586464189616032168", "price": "0.8", "size": "143", "side": "SELL", "hash": "5c488ef2d5a7a3ed55beaf1673b3ac6fb40c7e20", "best_bid": "0.65", "best_ask": "0.8"}], "timestamp": "1769384213267", "event_type": "price_change"}}
{"_local_timestamp": "2026-01-25T23:36:55.520644+00:00", "data": {"market": "0xfbe6fb7c4fd16d7482ea90b7d0d1d7b19bb5e4a712509793e8c2df6bc3693870", "price_changes": [{"asset_id": "5074774964436566924334319836271529519849765235322159309891651323138989091656", "price": "0.19", "size": "0", "side": "BUY", "hash": "dd27bb08f6572c25477bb35a41cf5f67ff0ba544", "best_bid": "0.2", "best_ask": "0.35"}, {"asset_id": "67378810577527070972744767795365201302059102892754756806873586464189616032168", "price": "0.81", "size": "0", "side": "SELL", "hash": "24ac2ea50ff5e78a5e5ec8d76fad32e340639962", "best_bid": "0.65", "best_ask": "0.8"}], "timestamp": "1769384215437", "event_type": "price_change"}}
{"_local_timestamp": "2026-01-25T23:36:55.593523+00:00", "data": {"market": "0xfbe6fb7c4fd16d7482ea90b7d0d1d7b19bb5e4a712509793e8c2df6bc3693870", "price_changes": [{"asset_id": "5074774964436566924334319836271529519849765235322159309891651323138989091656", "price": "0.2", "size": "173", "side": "BUY", "hash": "3a4718728fccacc8354ef7c108f5392a40ce2ced", "best_bid": "0.2", "best_ask": "0.35"}, {"asset_id": "67378810577527070972744767795365201302059102892754756806873586464189616032168", "price": "0.8", "size": "173", "side": "SELL", "hash": "346ed6b945624c4e8efcaad5cb3afa139fa0e31e", "best_bid": "0.65", "best_ask": "0.8"}], "timestamp": "1769384215496", "event_type": "price_change"}}
{"_local_timestamp": "2026-01-25T23:36:56.456604+00:00", "data": {"market": "0x0d06e30e9f153b914ffb633ab5421ee642a71bfe69425ba75752aeff67b12bdb", "price_changes": [{"asset_id": "29617751314026374328654225436370472560110271693807818896669859460474300824051", "price": "0.01", "size": "231.5", "side": "BUY", "hash": "d899b4d3e55c3342921258a4758cd6ea37b493e6", "best_bid": "0.05", "best_ask": "0.96"}, {"asset_id": "43227565815878319195568051758851398658578588239517374952722059811781298835522", "price": "0.99", "size": "231.5", "side": "SELL", "hash": "952a99e8218e25cfc2414a10c6882ecb0d11b81f", "best_bid": "0.04", "best_ask": "0.95"}], "timestamp": "1769384216391", "event_type": "price_change"}}
{"_local_timestamp": "2026-01-25T23:36:57.114199+00:00", "data": {"market": "0x0d06e30e9f153b914ffb633ab5421ee642a71bfe69425ba75752aeff67b12bdb", "price_changes": [{"asset_id": "29617751314026374328654225436370472560110271693807818896669859460474300824051", "price": "0.01", "size": "253.59", "side": "BUY", "hash": "3a0bdd135adabd95b0201bca4420d4cc96f4802e", "best_bid": "0.05", "best_ask": "0.96"}, {"asset_id": "43227565815878319195568051758851398658578588239517374952722059811781298835522", "price": "0.99", "size": "253.59", "side": "SELL", "hash": "57fd2d84475364aace623176889102a53ef04566", "best_bid": "0.04", "best_ask": "0.95"}], "timestamp": "1769384217041", "event_type": "price_change"}}
{"_local_timestamp": "2026-01-25T23:36:58.592790+00:00", "data": {"market": "0xfbe6fb7c4fd16d7482ea90b7d0d1d7b19bb5e4a712509793e8c2df6bc3693870", "price_changes": [{"asset_id": "5074774964436566924334319836271529519849765235322159309891651323138989091656", "price": "0.2", "size": "30", "side": "BUY", "hash": "5d72db76364eefb28fa17db4d971a2541201e383", "best_bid": "0.2", "best_ask": "0.35"}, {"asset_id": "67378810577527070972744767795365201302059102892754756806873586464189616032168", "price": "0.8", "size": "30", "side": "SELL", "hash": "585ebca9a75515edd2053ca28dd6864d933d0e1f", "best_bid": "0.65", "best_ask": "0.8"}], "timestamp": "1769384218503", "event_type": "price_change"}}
{"_local_timestamp": "2026-01-25T23:36:59.022614+00:00", "data": {"market": "0xfbe6fb7c4fd16d7482ea90b7d0d1d7b19bb5e4a712509793e8c2df6bc3693870", "price_changes": [{"asset_id": "5074774964436566924334319836271529519849765235322159309891651323138989091656", "price": "0.21", "size": "143", "side": "BUY", "hash": "996ea094ea180f68c8b80c4201071d54780aa424", "best_bid": "0.21", "best_ask": "0.35"}, {"asset_id": "67378810577527070972744767795365201302059102892754756806873586464189616032168", "price": "0.79", "size": "143", "side": "SELL", "hash": "472ad033ba80042ae21969cba5d314798616287c", "best_bid": "0.65", "best_ask": "0.79"}], "timestamp": "1769384218787", "event_type": "price_change"}}
{"_local_timestamp": "2026-01-25T23:36:59.159395+00:00", "data": {"market": "0xfbe6fb7c4fd16d7482ea90b7d0d1d7b19bb5e4a712509793e8c2df6bc3693870", "price_changes": [{"asset_id": "5074774964436566924334319836271529519849765235322159309891651323138989091656", "price": "0.2", "size": "0", "side": "BUY", "hash": "2e7159db8f87bc8cf8f2f14f90db054fa2b3914e", "best_bid": "0.21", "best_ask": "0.35"}, {"asset_id": "67378810577527070972744767795365201302059102892754756806873586464189616032168", "price": "0.8", "size": "0", "side": "SELL", "hash": "0709d522d2a52f6b9d0a0c0f82aab5b53bc4aec3", "best_bid": "0.65", "best_ask": "0.79"}], "timestamp": "1769384219080", "event_type": "price_change"}}
{"_local_timestamp": "2026-01-25T23:36:59.211325+00:00", "data": {"market": "0xfbe6fb7c4fd16d7482ea90b7d0d1d7b19bb5e4a712509793e8c2df6bc3693870", "price_changes": [{"asset_id": "5074774964436566924334319836271529519849765235322159309891651323138989091656", "price": "0.16", "size": "105", "side": "BUY", "hash": "2e273e482d46a1270f760577a9c83c26f9ae1120", "best_bid": "0.21", "best_ask": "0.35"}, {"asset_id": "67378810577527070972744767795365201302059102892754756806873586464189616032168", "price": "0.84", "size": "105", "side": "SELL", "hash": "0e3f84faf2a5ed42459eab1b07e7007b77c2c14a", "best_bid": "0.65", "best_ask": "0.79"}], "timestamp": "1769384219137", "event_type": "price_change"}}
{"_local_timestamp": "2026-01-25T23:37:00.988928+00:00", "data": {"market": "0xfbe6fb7c4fd16d7482ea90b7d0d1d7b19bb5e4a712509793e8c2df6bc3693870", "price_changes": [{"asset_id": "5074774964436566924334319836271529519849765235322159309891651323138989091656", "price": "0.16", "size": "75", "side": "BUY", "hash": "bb7999f239a535743346b661a8c8c3b1255c2e10", "best_bid": "0.21", "best_ask": "0.35"}, {"asset_id": "67378810577527070972744767795365201302059102892754756806873586464189616032168", "price": "0.84", "size": "75", "side": "SELL", "hash": "a4c23f0b0246a75536f25ce8a2498881bd2991b4", "best_bid": "0.65", "best_ask": "0.79"}], "timestamp": "1769384220923", "event_type": "price_change"}}
{"_local_timestamp": "2026-01-25T23:37:04.032345+00:00", "data": {"market": "0xfbe6fb7c4fd16d7482ea90b7d0d1d7b19bb5e4a712509793e8c2df6bc3693870", "price_changes": [{"asset_id": "5074774964436566924334319836271529519849765235322159309891651323138989091656", "price": "0.21", "size": "0", "side": "BUY", "hash": "26af72dc1b29996e1074f0dd204ac0eb984f23f9", "best_bid": "0.18", "best_ask": "0.35"}, {"asset_id": "67378810577527070972744767795365201302059102892754756806873586464189616032168", "price": "0.79", "size": "0", "side": "SELL", "hash": "729e9d02b276668c7c884f08511d84528f17cd3a", "best_bid": "0.65", "best_ask": "0.82"}], "timestamp": "1769384223945", "event_type": "price_change"}}
{"_local_timestamp": "2026-01-25T23:37:04.302706+00:00", "data": {"market": "0xfbe6fb7c4fd16d7482ea90b7d0d1d7b19bb5e4a712509793e8c2df6bc3693870", "price_changes": [{"asset_id": "5074774964436566924334319836271529519849765235322159309891651323138989091656", "price": "0.16", "size": "105", "side": "BUY", "hash": "39341c2128993698fb180fb1ce43734622562c98", "best_bid": "0.18", "best_ask": "0.35"}, {"asset_id": "67378810577527070972744767795365201302059102892754756806873586464189616032168", "price": "0.84", "size": "105", "side": "SELL", "hash": "a59bfd0dd9bfdc8eff07231ce4a05b887d92934b", "best_bid": "0.65", "best_ask": "0.82"}], "timestamp": "1769384224233", "event_type": "price_change"}}
{"_local_timestamp": "2026-01-25T23:37:04.362031+00:00", "data": {"market": "0xfbe6fb7c4fd16d7482ea90b7d0d1d7b19bb5e4a712509793e8c2df6bc3693870", "price_changes": [{"asset_id": "5074774964436566924334319836271529519849765235322159309891651323138989091656", "price": "0.19", "size": "143", "side": "BUY", "hash": "2d8dde7f0c831a900a4c501f1812a1a11a351cdd", "best_bid": "0.19", "best_ask": "0.35"}, {"asset_id": "67378810577527070972744767795365201302059102892754756806873586464189616032168", "price": "0.81", "size": "143", "side": "SELL", "hash": "e82e10f6ab92624f34b2cb722ca29b5556c65837", "best_bid": "0.65", "best_ask": "0.81"}], "timestamp": "1769384224291", "event_type": "price_change"}}
{"_local_timestamp": "2026-01-25T23:37:05.144454+00:00", "data": {"market": "0xfbe6fb7c4fd16d7482ea90b7d0d1d7b19bb5e4a712509793e8c2df6bc3693870", "price_changes": [{"asset_id": "5074774964436566924334319836271529519849765235322159309891651323138989091656", "price": "0.16", "size": "75", "side": "BUY", "hash": "a2974b659d0e18fab0464ea3c321f5c86c93ccbe", "best_bid": "0.19", "best_ask": "0.35"}, {"asset_id": "67378810577527070972744767795365201302059102892754756806873586464189616032168", "price": "0.84", "size": "75", "side": "SELL", "hash": "6dc851e2ddb96f09a16c9a21f6b111aac2c929c0", "best_bid": "0.65", "best_ask": "0.81"}], "timestamp": "1769384225079", "event_type": "price_change"}}
{"_local_timestamp": "2026-01-25T23:37:05.196259+00:00", "data": {"market": "0xfbe6fb7c4fd16d7482ea90b7d0d1d7b19bb5e4a712509793e8c2df6bc3693870", "price_changes": [{"asset_id": "5074774964436566924334319836271529519849765235322159309891651323138989091656", "price": "0.19", "size": "173", "side": "BUY", "hash": "af82d72679bcca2e5c6446eb4861b4a9464f8b01", "best_bid": "0.19", "best_ask": "0.35"}, {"asset_id": "67378810577527070972744767795365201302059102892754756806873586464189616032168", "price": "0.81", "size": "173", "side": "SELL", "hash": "6e4729c4faf29fc42beb835f5f9813a07e6669de", "best_bid": "0.65", "best_ask": "0.81"}], "timestamp": "1769384225131", "event_type": "price_change"}}
{"_local_timestamp": "2026-01-25T23:37:09.518696+00:00", "data": {"market": "0xfbe6fb7c4fd16d7482ea90b7d0d1d7b19bb5e4a712509793e8c2df6bc3693870", "price_changes": [{"asset_id": "5074774964436566924334319836271529519849765235322159309891651323138989091656", "price": "0.19", "size": "30", "side": "BUY", "hash": "20e7b36bbb543b27143465f67c86dda6a0b21a78", "best_bid": "0.19", "best_ask": "0.35"}, {"asset_id": "67378810577527070972744767795365201302059102892754756806873586464189616032168", "price": "0.81", "size": "30", "side": "SELL", "hash": "816e2c4e15395afe544b56be473f52e9b97d48be", "best_bid": "0.65", "best_ask": "0.81"}], "timestamp": "1769384229447", "event_type": "price_change"}}
{"_local_timestamp": "2026-01-25T23:37:09.853585+00:00", "data": {"market": "0xfbe6fb7c4fd16d7482ea90b7d0d1d7b19bb5e4a712509793e8c2df6bc3693870", "price_changes": [{"asset_id": "5074774964436566924334319836271529519849765235322159309891651323138989091656", "price": "0.2", "size": "143", "side": "BUY", "hash": "37e559b904a67f6f167f25d6682ee3406f1f93c9", "best_bid": "0.2", "best_ask": "0.35"}, {"asset_id": "67378810577527070972744767795365201302059102892754756806873586464189616032168", "price": "0.8", "size": "143", "side": "SELL", "hash": "6f6fd42394238868ca348b586fab9ceae5b39fc6", "best_bid": "0.65", "best_ask": "0.8"}], "timestamp": "1769384229778", "event_type": "price_change"}}
{"_local_timestamp": "2026-01-25T23:37:10.248948+00:00", "data": {"market": "0xfbe6fb7c4fd16d7482ea90b7d0d1d7b19bb5e4a712509793e8c2df6bc3693870", "price_changes": [{"asset_id": "5074774964436566924334319836271529519849765235322159309891651323138989091656", "price": "0.19", "size": "0", "side": "BUY", "hash": "9cbb14851ba039104dbaa867b0074a70a0a5a70f", "best_bid": "0.2", "best_ask": "0.35"}, {"asset_id": "67378810577527070972744767795365201302059102892754756806873586464189616032168", "price": "0.81", "size": "0", "side": "SELL", "hash": "3e95c8a709ac2e942456882f0495b2e26b26c872", "best_bid": "0.65", "best_ask": "0.8"}], "timestamp": "1769384230183", "event_type": "price_change"}}
{"_local_timestamp": "2026-01-25T23:37:10.298897+00:00", "data": {"market": "0xfbe6fb7c4fd16d7482ea90b7d0d1d7b19bb5e4a712509793e8c2df6bc3693870", "price_changes": [{"asset_id": "5074774964436566924334319836271529519849765235322159309891651323138989091656", "price": "0.16", "size": "105", "side": "BUY", "hash": "63f9435f0047398d2d6db4d8ff4090bb7efc50a8", "best_bid": "0.2", "best_ask": "0.35"}, {"asset_id": "67378810577527070972744767795365201302059102892754756806873586464189616032168", "price": "0.84", "size": "105", "side": "SELL", "hash": "60596ba011c0312adcaeeddbafecf0298aaeac61", "best_bid": "0.65", "best_ask": "0.8"}], "timestamp": "1769384230231", "event_type": "price_change"}}
{"_local_timestamp": "2026-01-25T23:37:11.028285+00:00", "data": {"market": "0xfbe6fb7c4fd16d7482ea90b7d0d1d7b19bb5e4a712509793e8c2df6bc3693870", "price_changes": [{"asset_id": "5074774964436566924334319836271529519849765235322159309891651323138989091656", "price": "0.16", "size": "75", "side": "BUY", "hash": "73399c595eece3574813be05c3766ce85dba21fd", "best_bid": "0.2", "best_ask": "0.35"}, {"asset_id": "67378810577527070972744767795365201302059102892754756806873586464189616032168", "price": "0.84", "size": "75", "side": "SELL", "hash": "244e1e8a922f02bf558541e20c7d266cb1c461f1", "best_bid": "0.65", "best_ask": "0.8"}], "timestamp": "1769384230951", "event_type": "price_change"}}
{"_local_timestamp": "2026-01-25T23:37:11.101956+00:00", "data": {"market": "0xfbe6fb7c4fd16d7482ea90b7d0d1d7b19bb5e4a712509793e8c2df6bc3693870", "price_changes": [{"asset_id": "5074774964436566924334319836271529519849765235322159309891651323138989091656", "price": "0.2", "size": "173", "side": "BUY", "hash": "2a7520a7bcfddfec0dd9d25d37b91a2032b707a9", "best_bid": "0.2", "best_ask": "0.35"}, {"asset_id": "67378810577527070972744767795365201302059102892754756806873586464189616032168", "price": "0.8", "size": "173", "side": "SELL", "hash": "f1a9cf4f70bafadadb0fcd60eeebcb369c8545cb", "best_bid": "0.65", "best_ask": "0.8"}], "timestamp": "1769384231020", "event_type": "price_change"}}
{"_local_timestamp": "2026-01-25T23:37:15.038670+00:00", "data": {"market": "0xfbe6fb7c4fd16d7482ea90b7d0d1d7b19bb5e4a712509793e8c2df6bc3693870", "price_changes": [{"asset_id": "5074774964436566924334319836271529519849765235322159309891651323138989091656", "price": "0.2", "size": "30", "side": "BUY", "hash": "c1fa7ee918e32b19a4482a936c48508b74f31ae2", "best_bid": "0.2", "best_ask": "0.35"}, {"asset_id": "67378810577527070972744767795365201302059102892754756806873586464189616032168", "price": "0.8", "size": "30", "side": "SELL", "hash": "d8a00d55e2c86048eb911c847829407a7c5e8c52", "best_bid": "0.65", "best_ask": "0.8"}], "timestamp": "1769384234961", "event_type": "price_change"}}
{"_local_timestamp": "2026-01-25T23:37:15.396102+00:00", "data": {"market": "0xfbe6fb7c4fd16d7482ea90b7d0d1d7b19bb5e4a712509793e8c2df6bc3693870", "price_changes": [{"asset_id": "5074774964436566924334319836271529519849765235322159309891651323138989091656", "price": "0.21", "size": "143", "side": "BUY", "hash": "c7e6c0f0799c3a92f50b4af9f2cdf6af69e29e5b", "best_bid": "0.21", "best_ask": "0.35"}, {"asset_id": "67378810577527070972744767795365201302059102892754756806873586464189616032168", "price": "0.79", "size": "143", "side": "SELL", "hash": "b4f585b8a216cc5d733eb6293c4fc0e24012c55f", "best_bid": "0.65", "best_ask": "0.79"}], "timestamp": "1769384235325", "event_type": "price_change"}}
{"_local_timestamp": "2026-01-25T23:37:16.008896+00:00", "data": {"market": "0xfbe6fb7c4fd16d7482ea90b7d0d1d7b19bb5e4a712509793e8c2df6bc3693870", "price_changes": [{"asset_id": "5074774964436566924334319836271529519849765235322159309891651323138989091656", "price": "0.2", "size": "0", "side": "BUY", "hash": "f2f313d66e30d2521ceb885338f4cc89007a7617", "best_bid": "0.21", "best_ask": "0.35"}, {"asset_id": "67378810577527070972744767795365201302059102892754756806873586464189616032168", "price": "0.8", "size": "0", "side": "SELL", "hash": "cde96a10ec8eab88bf5bd5af661389f1bc21aa1d", "best_bid": "0.65", "best_ask": "0.79"}], "timestamp": "1769384235940", "event_type": "price_change"}}
{"_local_timestamp": "2026-01-25T23:37:16.065827+00:00", "data": {"market": "0xfbe6fb7c4fd16d7482ea90b7d0d1d7b19bb5e4a712509793e8c2df6bc3693870", "price_changes": [{"asset_id": "5074774964436566924334319836271529519849765235322159309891651323138989091656", "price": "0.21", "size": "173", "side": "BUY", "hash": "f1203073b06b4af9fa024abe9028a8bfe91e3611", "best_bid": "0.21", "best_ask": "0.35"}, {"asset_id": "67378810577527070972744767795365201302059102892754756806873586464189616032168", "price": "0.79", "size": "173", "side": "SELL", "hash": "d40063bbf766061188c971d283b8ff0d8de54aaf", "best_bid": "0.65", "best_ask": "0.79"}], "timestamp": "1769384235995", "event_type": "price_change"}}
{"_local_timestamp": "2026-01-25T23:37:17.487654+00:00", "data": {"market": "0xfbe6fb7c4fd16d7482ea90b7d0d1d7b19bb5e4a712509793e8c2df6bc3693870", "price_changes": [{"asset_id": "5074774964436566924334319836271529519849765235322159309891651323138989091656", "price": "0.21", "size": "143", "side": "BUY", "hash": "1abd694f8bed5c9cb92ece18f90b56d3e2c02f8d", "best_bid": "0.21", "best_ask": "0.35"}, {"asset_id": "67378810577527070972744767795365201302059102892754756806873586464189616032168", "price": "0.79", "size": "143", "side": "SELL", "hash": "ab770a293f109f86f44645b911199746e6160c57", "best_bid": "0.65", "best_ask": "0.79"}], "timestamp": "1769384237420", "event_type": "price_change"}}
{"_local_timestamp": "2026-01-25T23:37:20.586016+00:00", "data": {"market": "0xfbe6fb7c4fd16d7482ea90b7d0d1d7b19bb5e4a712509793e8c2df6bc3693870", "price_changes": [{"asset_id": "5074774964436566924334319836271529519849765235322159309891651323138989091656", "price": "0.21", "size": "0", "side": "BUY", "hash": "f3a42466152e8a17eae6dc581a3f11e11740d869", "best_bid": "0.18", "best_ask": "0.35"}, {"asset_id": "67378810577527070972744767795365201302059102892754756806873586464189616032168", "price": "0.79", "size": "0", "side": "SELL", "hash": "af2ca7f6799a4ef16a4b55a4ddfbd308b4370117", "best_bid": "0.65", "best_ask": "0.82"}], "timestamp": "1769384240518", "event_type": "price_change"}}
{"_local_timestamp": "2026-01-25T23:37:20.837782+00:00", "data": {"market": "0xfbe6fb7c4fd16d7482ea90b7d0d1d7b19bb5e4a712509793e8c2df6bc3693870", "price_changes": [{"asset_id": "5074774964436566924334319836271529519849765235322159309891651323138989091656", "price": "0.19", "size": "143", "side": "BUY", "hash": "3a80b607d70fd227e8a379863398fd923cf83df0", "best_bid": "0.19", "best_ask": "0.35"}, {"asset_id": "67378810577527070972744767795365201302059102892754756806873586464189616032168", "price": "0.81", "size": "143", "side": "SELL", "hash": "58d33a66871b1f0a493f0b7f84f82bbfc82ae902", "best_bid": "0.65", "best_ask": "0.81"}], "timestamp": "1769384240768", "event_type": "price_change"}}
{"_local_timestamp": "2026-01-25T23:37:21.070550+00:00", "data": {"market": "0xfbe6fb7c4fd16d7482ea90b7d0d1d7b19bb5e4a712509793e8c2df6bc3693870", "price_changes": [{"asset_id": "5074774964436566924334319836271529519849765235322159309891651323138989091656", "price": "0.19", "size": "173", "side": "BUY", "hash": "a8275d551768ff7a142b4f9071b156edac3ac4e8", "best_bid": "0.19", "best_ask": "0.35"}, {"asset_id": "67378810577527070972744767795365201302059102892754756806873586464189616032168", "price": "0.81", "size": "173", "side": "SELL", "hash": "bb83839420999ffd3275f99c96d2113519af519d", "best_bid": "0.65", "best_ask": "0.81"}], "timestamp": "1769384240988", "event_type": "price_change"}}
{"_local_timestamp": "2026-01-25T23:37:25.988600+00:00", "data": {"market": "0xfbe6fb7c4fd16d7482ea90b7d0d1d7b19bb5e4a712509793e8c2df6bc3693870", "price_changes": [{"asset_id": "5074774964436566924334319836271529519849765235322159309891651323138989091656", "price": "0.19", "size": "30", "side": "BUY", "hash": "79382ee6431cac68498db590384e660f5dc8a6fd", "best_bid": "0.19", "best_ask": "0.35"}, {"asset_id": "67378810577527070972744767795365201302059102892754756806873586464189616032168", "price": "0.81", "size": "30", "side": "SELL", "hash": "e8793ccd311847566b0534b29c99943a39c07438", "best_bid": "0.65", "best_ask": "0.81"}], "timestamp": "1769384245922", "event_type": "price_change"}}
{"_local_timestamp": "2026-01-25T23:37:26.239014+00:00", "data": {"market": "0xfbe6fb7c4fd16d7482ea90b7d0d1d7b19bb5e4a712509793e8c2df6bc3693870", "price_changes": [{"asset_id": "5074774964436566924334319836271529519849765235322159309891651323138989091656", "price": "0.19", "size": "0", "side": "BUY", "hash": "7b044dfabea3921d679454cbe3cd56180000e32f", "best_bid": "0.18", "best_ask": "0.35"}, {"asset_id": "67378810577527070972744767795365201302059102892754756806873586464189616032168", "price": "0.81", "size": "0", "side": "SELL", "hash": "5448146605183e9d0f63396a35b60cded698eaae", "best_bid": "0.65", "best_ask": "0.82"}], "timestamp": "1769384246169", "event_type": "price_change"}}
{"_local_timestamp": "2026-01-25T23:37:26.289828+00:00", "data": {"market": "0xfbe6fb7c4fd16d7482ea90b7d0d1d7b19bb5e4a712509793e8c2df6bc3693870", "price_changes": [{"asset_id": "5074774964436566924334319836271529519849765235322159309891651323138989091656", "price": "0.16", "size": "105", "side": "BUY", "hash": "a704fee18500f562dce9007a5f501d2d93d956b5", "best_bid": "0.18", "best_ask": "0.35"}, {"asset_id": "67378810577527070972744767795365201302059102892754756806873586464189616032168", "price": "0.84", "size": "105", "side": "SELL", "hash": "b9344de9dee459003d6cfacb789ec5c37979b8c7", "best_bid": "0.65", "best_ask": "0.82"}], "timestamp": "1769384246220", "event_type": "price_change"}}
{"_local_timestamp": "2026-01-25T23:37:26.371034+00:00", "data": {"market": "0xfbe6fb7c4fd16d7482ea90b7d0d1d7b19bb5e4a712509793e8c2df6bc3693870", "price_changes": [{"asset_id": "5074774964436566924334319836271529519849765235322159309891651323138989091656", "price": "0.2", "size": "143", "side": "BUY", "hash": "272c4908022770e01077df72a7bfb241371a4417", "best_bid": "0.2", "best_ask": "0.35"}, {"asset_id": "67378810577527070972744767795365201302059102892754756806873586464189616032168", "price": "0.8", "size": "143", "side": "SELL", "hash": "b09e7e7ad6efd2eb54256ab90e628b535827c47b", "best_bid": "0.65", "best_ask": "0.8"}], "timestamp": "1769384246304", "event_type": "price_change"}}
{"_local_timestamp": "2026-01-25T23:37:27.223391+00:00", "data": {"market": "0xfbe6fb7c4fd16d7482ea90b7d0d1d7b19bb5e4a712509793e8c2df6bc3693870", "price_changes": [{"asset_id": "5074774964436566924334319836271529519849765235322159309891651323138989091656", "price": "0.16", "size": "75", "side": "BUY", "hash": "0382cb690aa2471e429fc3f7ee441bf1e4eca255", "best_bid": "0.2", "best_ask": "0.35"}, {"asset_id": "67378810577527070972744767795365201302059102892754756806873586464189616032168", "price": "0.84", "size": "75", "side": "SELL", "hash": "aac2569881f1abaee9f17f5c1586af1b30861882", "best_bid": "0.65", "best_ask": "0.8"}], "timestamp": "1769384247156", "event_type": "price_change"}}
{"_local_timestamp": "2026-01-25T23:37:27.296281+00:00", "data": {"market": "0xfbe6fb7c4fd16d7482ea90b7d0d1d7b19bb5e4a712509793e8c2df6bc3693870", "price_changes": [{"asset_id": "5074774964436566924334319836271529519849765235322159309891651323138989091656", "price": "0.2", "size": "173", "side": "BUY", "hash": "6e0adc974473b4fd3f84f6bf03911803ebead294", "best_bid": "0.2", "best_ask": "0.35"}, {"asset_id": "67378810577527070972744767795365201302059102892754756806873586464189616032168", "price": "0.8", "size": "173", "side": "SELL", "hash": "9cd809d6c49d91c6677dc7fa8423ea54c7b641ce", "best_bid": "0.65", "best_ask": "0.8"}], "timestamp": "1769384247224", "event_type": "price_change"}}
{"_local_timestamp": "2026-01-25T23:37:31.571200+00:00", "data": {"market": "0xfbe6fb7c4fd16d7482ea90b7d0d1d7b19bb5e4a712509793e8c2df6bc3693870", "price_changes": [{"asset_id": "5074774964436566924334319836271529519849765235322159309891651323138989091656", "price": "0.2", "size": "30", "side": "BUY", "hash": "3590fa4f8f88fc6ce95635120a270d8e60145392", "best_bid": "0.2", "best_ask": "0.35"}, {"asset_id": "67378810577527070972744767795365201302059102892754756806873586464189616032168", "price": "0.8", "size": "30", "side": "SELL", "hash": "2181fe68cd2bcd8891dc2c9d291345b56f1b5546", "best_bid": "0.65", "best_ask": "0.8"}], "timestamp": "1769384251483", "event_type": "price_change"}}
{"_local_timestamp": "2026-01-25T23:37:31.801621+00:00", "data": {"market": "0xfbe6fb7c4fd16d7482ea90b7d0d1d7b19bb5e4a712509793e8c2df6bc3693870", "price_changes": [{"asset_id": "5074774964436566924334319836271529519849765235322159309891651323138989091656", "price": "0.21", "size": "143", "side": "BUY", "hash": "6939ab5e6710fb06fe07adab07d8b9bc5bf6b7fd", "best_bid": "0.21", "best_ask": "0.35"}, {"asset_id": "67378810577527070972744767795365201302059102892754756806873586464189616032168", "price": "0.79", "size": "143", "side": "SELL", "hash": "7bfc956d4515f8a8716dee5431e2c022598b95e9", "best_bid": "0.65", "best_ask": "0.79"}], "timestamp": "1769384251702", "event_type": "price_change"}}
{"_local_timestamp": "2026-01-25T23:37:32.105717+00:00", "data": {"market": "0xfbe6fb7c4fd16d7482ea90b7d0d1d7b19bb5e4a712509793e8c2df6bc3693870", "price_changes": [{"asset_id": "5074774964436566924334319836271529519849765235322159309891651323138989091656", "price": "0.2", "size": "0", "side": "BUY", "hash": "a21af65cd12e2d09965d525161f6c7d9321a7f8a", "best_bid": "0.21", "best_ask": "0.35"}, {"asset_id": "67378810577527070972744767795365201302059102892754756806873586464189616032168", "price": "0.8", "size": "0", "side": "SELL", "hash": "04959001cf73abd356fafe7af82c05594df16b07", "best_bid": "0.65", "best_ask": "0.79"}], "timestamp": "1769384251953", "event_type": "price_change"}}
{"_local_timestamp": "2026-01-25T23:37:32.265345+00:00", "data": {"market": "0xfbe6fb7c4fd16d7482ea90b7d0d1d7b19bb5e4a712509793e8c2df6bc3693870", "price_changes": [{"asset_id": "5074774964436566924334319836271529519849765235322159309891651323138989091656", "price": "0.16", "size": "105", "side": "BUY", "hash": "104ad04c628cd823bdbbb997193b3187eb13f9cf", "best_bid": "0.21", "best_ask": "0.35"}, {"asset_id": "67378810577527070972744767795365201302059102892754756806873586464189616032168", "price": "0.84", "size": "105", "side": "SELL", "hash": "c27c53e734b0e8d811bde6b1358139d140824d2d", "best_bid": "0.65", "best_ask": "0.79"}], "timestamp": "1769384252110", "event_type": "price_change"}}
{"_local_timestamp": "2026-01-25T23:37:32.811041+00:00", "data": {"market": "0xfbe6fb7c4fd16d7482ea90b7d0d1d7b19bb5e4a712509793e8c2df6bc3693870", "price_changes": [{"asset_id": "5074774964436566924334319836271529519849765235322159309891651323138989091656", "price": "0.16", "size": "75", "side": "BUY", "hash": "4b6f2849d06873696a797b42ebf4a18704d5c99b", "best_bid": "0.21", "best_ask": "0.35"}, {"asset_id": "67378810577527070972744767795365201302059102892754756806873586464189616032168", "price": "0.84", "size": "75", "side": "SELL", "hash": "39e3c02023124599471769a438c08e277486eace", "best_bid": "0.65", "best_ask": "0.79"}], "timestamp": "1769384252733", "event_type": "price_change"}}
{"_local_timestamp": "2026-01-25T23:37:34.279237+00:00", "data": {"market": "0xab7cf16e7512fdfa7c82bf20948d23abcdc9df8b3e989428f05d613cfcf54354", "price_changes": [{"asset_id": "26694422228704253445992829245152017984860059805878639008116428764060631185077", "price": "0.01", "size": "180", "side": "BUY", "hash": "47ce23db2ea236b4a63f4021d57712a9673b501c", "best_bid": "0.05", "best_ask": "0.73"}, {"asset_id": "89960116666128494323588624450031313599543895729843144320701171327110792182724", "price": "0.99", "size": "180", "side": "SELL", "hash": "17d52bb8df1e28009193bd8946c9c148028e0caf", "best_bid": "0.27", "best_ask": "0.95"}], "timestamp": "1769384254214", "event_type": "price_change"}}
{"_local_timestamp": "2026-01-25T23:37:34.499596+00:00", "data": {"market": "0xab7cf16e7512fdfa7c82bf20948d23abcdc9df8b3e989428f05d613cfcf54354", "price_changes": [{"asset_id": "26694422228704253445992829245152017984860059805878639008116428764060631185077", "price": "0.01", "size": "202.08", "side": "BUY", "hash": "07969dc11cc3acd1c8e38f0c438900f72b23270a", "best_bid": "0.05", "best_ask": "0.73"}, {"asset_id": "89960116666128494323588624450031313599543895729843144320701171327110792182724", "price": "0.99", "size": "202.08", "side": "SELL", "hash": "c32d20a09eb924066c03f0c545c3a28054d56beb", "best_bid": "0.27", "best_ask": "0.95"}], "timestamp": "1769384254432", "event_type": "price_change"}}
{"_local_timestamp": "2026-01-25T23:37:36.931397+00:00", "data": {"market": "0xfbe6fb7c4fd16d7482ea90b7d0d1d7b19bb5e4a712509793e8c2df6bc3693870", "price_changes": [{"asset_id": "5074774964436566924334319836271529519849765235322159309891651323138989091656", "price": "0.21", "size": "0", "side": "BUY", "hash": "faa1d081d08c74f654872619154e53ff5f9566e5", "best_bid": "0.18", "best_ask": "0.35"}, {"asset_id": "67378810577527070972744767795365201302059102892754756806873586464189616032168", "price": "0.79", "size": "0", "side": "SELL", "hash": "27bda07766c07057468af29bb9f20459dd1b7ab5", "best_bid": "0.65", "best_ask": "0.82"}], "timestamp": "1769384256860", "event_type": "price_change"}}
{"_local_timestamp": "2026-01-25T23:37:37.299745+00:00", "data": {"market": "0xfbe6fb7c4fd16d7482ea90b7d0d1d7b19bb5e4a712509793e8c2df6bc3693870", "price_changes": [{"asset_id": "5074774964436566924334319836271529519849765235322159309891651323138989091656", "price": "0.19", "size": "143", "side": "BUY", "hash": "027f55f0c67688d6340857ef03ecaed503dd0b64", "best_bid": "0.19", "best_ask": "0.35"}, {"asset_id": "67378810577527070972744767795365201302059102892754756806873586464189616032168", "price": "0.81", "size": "143", "side": "SELL", "hash": "dc561a8daf3627b1be46db100aae0d4756ce6d00", "best_bid": "0.65", "best_ask": "0.81"}], "timestamp": "1769384257219", "event_type": "price_change"}}
{"_local_timestamp": "2026-01-25T23:37:37.425275+00:00", "data": {"market": "0xfbe6fb7c4fd16d7482ea90b7d0d1d7b19bb5e4a712509793e8c2df6bc3693870", "price_changes": [{"asset_id": "5074774964436566924334319836271529519849765235322159309891651323138989091656", "price": "0.19", "size": "173", "side": "BUY", "hash": "6519c5b4d5157a90aaf3c7452bd3c952425f3769", "best_bid": "0.19", "best_ask": "0.35"}, {"asset_id": "67378810577527070972744767795365201302059102892754756806873586464189616032168", "price": "0.81", "size": "173", "side": "SELL", "hash": "1aad9c120dc20d475109ba39fe62e8d053ba333b", "best_bid": "0.65", "best_ask": "0.81"}], "timestamp": "1769384257357", "event_type": "price_change"}}
{"_local_timestamp": "2026-01-25T23:37:39.389453+00:00", "data": {"market": "0xfbe6fb7c4fd16d7482ea90b7d0d1d7b19bb5e4a712509793e8c2df6bc3693870", "price_changes": [{"asset_id": "5074774964436566924334319836271529519849765235322159309891651323138989091656", "price": "0.22", "size": "50", "side": "BUY", "hash": "beea9064c779bb615e1a622c9d3eca12de8db8ff", "best_bid": "0.22", "best_ask": "0.35"}, {"asset_id": "67378810577527070972744767795365201302059102892754756806873586464189616032168", "price": "0.78", "size": "50", "side": "SELL", "hash": "429aeef31f79917ea18583dde0f523a20a793322", "best_bid": "0.65", "best_ask": "0.78"}], "timestamp": "1769384259311", "event_type": "price_change"}}
{"_local_timestamp": "2026-01-25T23:37:42.490381+00:00", "data": {"market": "0xfbe6fb7c4fd16d7482ea90b7d0d1d7b19bb5e4a712509793e8c2df6bc3693870", "price_changes": [{"asset_id": "5074774964436566924334319836271529519849765235322159309891651323138989091656", "price": "0.19", "size": "30", "side": "BUY", "hash": "9aad1a0c979432dd9e337a91bf1e926eb9579066", "best_bid": "0.22", "best_ask": "0.35"}, {"asset_id": "67378810577527070972744767795365201302059102892754756806873586464189616032168", "price": "0.81", "size": "30", "side": "SELL", "hash": "5b8689286644324e56db32f57e22c3ed611e7153", "best_bid": "0.65", "best_ask": "0.78"}], "timestamp": "1769384262421", "event_type": "price_change"}}
{"_local_timestamp": "2026-01-25T23:37:42.589321+00:00", "data": {"market": "0xfbe6fb7c4fd16d7482ea90b7d0d1d7b19bb5e4a712509793e8c2df6bc3693870", "price_changes": [{"asset_id": "5074774964436566924334319836271529519849765235322159309891651323138989091656", "price": "0.19", "size": "0", "side": "BUY", "hash": "dfd69098262ba9acca5308ee7d38f846ef8805f2", "best_bid": "0.22", "best_ask": "0.35"}, {"asset_id": "67378810577527070972744767795365201302059102892754756806873586464189616032168", "price": "0.81", "size": "0", "side": "SELL", "hash": "cb532a5a71a3959ba678678d82fba22ba8fdb300", "best_bid": "0.65", "best_ask": "0.78"}], "timestamp": "1769384262519", "event_type": "price_change"}}
{"_local_timestamp": "2026-01-25T23:37:42.831361+00:00", "data": {"market": "0xfbe6fb7c4fd16d7482ea90b7d0d1d7b19bb5e4a712509793e8c2df6bc3693870", "price_changes": [{"asset_id": "5074774964436566924334319836271529519849765235322159309891651323138989091656", "price": "0.23", "size": "143", "side": "BUY", "hash": "87058d8374de1b6e798bd9bebe7d773da6872bd0", "best_bid": "0.23", "best_ask": "0.35"}, {"asset_id": "67378810577527070972744767795365201302059102892754756806873586464189616032168", "price": "0.77", "size": "143", "side": "SELL", "hash": "75fef74c56190d55e9f75b05bee6a03cd1d1865d", "best_bid": "0.65", "best_ask": "0.77"}], "timestamp": "1769384262759", "event_type": "price_change"}}
{"_local_timestamp": "2026-01-25T23:37:45.031064+00:00", "data": {"market": "0x1ce7cb7e1f55b21bcd0535a2e4645ee3d50b3456fdcc8e412c34b4419d2aa7cd", "price_changes": [{"asset_id": "27902107709066487738161141460944976085267944595034678592701932004733312636395", "price": "0.05", "size": "23.99", "side": "BUY", "hash": "ea5fdb9f70d659ebb5e6eb07e1e8f98881efb893", "best_bid": "0.05", "best_ask": "0.96"}, {"asset_id": "999093452326295699764484983280573656083160274972318267036779745606355351908", "price": "0.95", "size": "23.99", "side": "SELL", "hash": "5af40d46dac1bdfd7b6fe28c5f2ea4adc9e85c65", "best_bid": "0.04", "best_ask": "0.95"}], "timestamp": "1769384264944", "event_type": "price_change"}}
{"_local_timestamp": "2026-01-25T23:37:46.247599+00:00", "data": {"market": "0x1ce7cb7e1f55b21bcd0535a2e4645ee3d50b3456fdcc8e412c34b4419d2aa7cd", "price_changes": [{"asset_id": "27902107709066487738161141460944976085267944595034678592701932004733312636395", "price": "0.04", "size": "0", "side": "BUY", "hash": "eb000b7912ff3f8fa3d0649b685575142b2e11ec", "best_bid": "0.05", "best_ask": "0.96"}, {"asset_id": "999093452326295699764484983280573656083160274972318267036779745606355351908", "price": "0.96", "size": "0", "side": "SELL", "hash": "2e8334fd16bbcdfe5986ec97c0c7b9398450f948", "best_bid": "0.04", "best_ask": "0.95"}], "timestamp": "1769384266142", "event_type": "price_change"}}
{"_local_timestamp": "2026-01-25T23:37:46.413467+00:00", "data": {"market": "0x1ce7cb7e1f55b21bcd0535a2e4645ee3d50b3456fdcc8e412c34b4419d2aa7cd", "price_changes": [{"asset_id": "27902107709066487738161141460944976085267944595034678592701932004733312636395", "price": "0.06", "size": "5.47", "side": "BUY", "hash": "077225413e85525012ebf8d1dcf7b6fb0ac94506", "best_bid": "0.06", "best_ask": "0.96"}, {"asset_id": "999093452326295699764484983280573656083160274972318267036779745606355351908", "price": "0.94", "size": "5.47", "side": "SELL", "hash": "dba7addc668515ea508f67fdf57cb0877192dc82", "best_bid": "0.04", "best_ask": "0.94"}], "timestamp": "1769384266291", "event_type": "price_change"}}
{"_local_timestamp": "2026-01-25T23:37:50.692109+00:00", "data": {"market": "0xab7cf16e7512fdfa7c82bf20948d23abcdc9df8b3e989428f05d613cfcf54354", "price_changes": [{"asset_id": "89960116666128494323588624450031313599543895729843144320701171327110792182724", "price": "0.27", "size": "349", "side": "BUY", "hash": "8ab3dbc22d0fcca20d8399b64a0c6eb21e20c82b", "best_bid": "0.27", "best_ask": "0.95"}, {"asset_id": "26694422228704253445992829245152017984860059805878639008116428764060631185077", "price": "0.73", "size": "349", "side": "SELL", "hash": "cd324e85a4dbf3ed50689cf864915967cd713d34", "best_bid": "0.05", "best_ask": "0.73"}], "timestamp": "1769384270616", "event_type": "price_change"}}
{"_local_timestamp": "2026-01-25T23:38:10.816092+00:00", "data": {"market": "0xfbe6fb7c4fd16d7482ea90b7d0d1d7b19bb5e4a712509793e8c2df6bc3693870", "price_changes": [{"asset_id": "5074774964436566924334319836271529519849765235322159309891651323138989091656", "price": "0.01", "size": "685.41", "side": "BUY", "hash": "ed72c2018a279e1fcea81f81928d45e8383a0119", "best_bid": "0.23", "best_ask": "0.35"}, {"asset_id": "67378810577527070972744767795365201302059102892754756806873586464189616032168", "price": "0.99", "size": "685.41", "side": "SELL", "hash": "85a17b529a0baf910c3fe00a04e2a1d0903684c0", "best_bid": "0.65", "best_ask": "0.77"}], "timestamp": "1769384290735", "event_type": "price_change"}}
{"_local_timestamp": "2026-01-25T23:39:11.266596+00:00", "data": {"market": "0x1ce7cb7e1f55b21bcd0535a2e4645ee3d50b3456fdcc8e412c34b4419d2aa7cd", "price_changes": [{"asset_id": "27902107709066487738161141460944976085267944595034678592701932004733312636395", "price": "0.05", "size": "0", "side": "BUY", "hash": "a1836cb7c7550624c804c022a4acc3b3363fe0f3", "best_bid": "0.06", "best_ask": "0.96"}, {"asset_id": "999093452326295699764484983280573656083160274972318267036779745606355351908", "price": "0.95", "size": "0", "side": "SELL", "hash": "1c3c988f322ac6f08306179a162a7d87f844e2bf", "best_bid": "0.04", "best_ask": "0.94"}], "timestamp": "1769384351195", "event_type": "price_change"}}
{"_local_timestamp": "2026-01-25T23:39:15.234221+00:00", "data": {"market": "0x1ce7cb7e1f55b21bcd0535a2e4645ee3d50b3456fdcc8e412c34b4419d2aa7cd", "price_changes": [{"asset_id": "27902107709066487738161141460944976085267944595034678592701932004733312636395", "price": "0.06", "size": "0", "side": "BUY", "hash": "61a875e7d40170762fd747200765f00e366cd0da", "best_bid": "0.03", "best_ask": "0.96"}, {"asset_id": "999093452326295699764484983280573656083160274972318267036779745606355351908", "price": "0.94", "size": "0", "side": "SELL", "hash": "2cc8fe16d4490f6efecfe285ad6ad21abaffea55", "best_bid": "0.04", "best_ask": "0.97"}], "timestamp": "1769384355090", "event_type": "price_change"}}
{"_local_timestamp": "2026-01-25T23:39:15.517898+00:00", "data": {"market": "0x1ce7cb7e1f55b21bcd0535a2e4645ee3d50b3456fdcc8e412c34b4419d2aa7cd", "price_changes": [{"asset_id": "27902107709066487738161141460944976085267944595034678592701932004733312636395", "price": "0.04", "size": "5.47", "side": "BUY", "hash": "bd64ea5e7a30a8de870c18306be32ea68a8ee45e", "best_bid": "0.04", "best_ask": "0.96"}, {"asset_id": "999093452326295699764484983280573656083160274972318267036779745606355351908", "price": "0.96", "size": "5.47", "side": "SELL", "hash": "c18dcef7433c87814c84189c37538a8a933a3575", "best_bid": "0.04", "best_ask": "0.96"}], "timestamp": "1769384355441", "event_type": "price_change"}}
{"_local_timestamp": "2026-01-25T23:39:37.095058+00:00", "data": {"market": "0xfbe6fb7c4fd16d7482ea90b7d0d1d7b19bb5e4a712509793e8c2df6bc3693870", "price_changes": [{"asset_id": "67378810577527070972744767795365201302059102892754756806873586464189616032168", "price": "0.63", "size": "0", "side": "BUY", "hash": "478c49a61d170c8503808662ec1aa715c9e9b363", "best_bid": "0.65", "best_ask": "0.77"}, {"asset_id": "5074774964436566924334319836271529519849765235322159309891651323138989091656", "price": "0.37", "size": "0", "side": "SELL", "hash": "cc6c8754ca0949a2f0808281821e23b635193a02", "best_bid": "0.23", "best_ask": "0.35"}], "timestamp": "1769384377000", "event_type": "price_change"}}
{"_local_timestamp": "2026-01-25T23:39:42.434780+00:00", "data": {"market": "0xfbe6fb7c4fd16d7482ea90b7d0d1d7b19bb5e4a712509793e8c2df6bc3693870", "price_changes": [{"asset_id": "67378810577527070972744767795365201302059102892754756806873586464189616032168", "price": "0.63", "size": "150", "side": "BUY", "hash": "c04c8951e04ac1395cc812122cb1eb241ff3d334", "best_bid": "0.65", "best_ask": "0.77"}, {"asset_id": "5074774964436566924334319836271529519849765235322159309891651323138989091656", "price": "0.37", "size": "150", "side": "SELL", "hash": "48462cb2cf1ee0fb620e93963697b8be35f4c667", "best_bid": "0.23", "best_ask": "0.35"}], "timestamp": "1769384382360", "event_type": "price_change"}}
