{"_local_timestamp": "2026-01-25T23:41:24.037154+00:00", "data": [{"market": "0x02a5a3a8d5b24c22dc34909fb3be332c3821d56448d5bb0ac9fa51b0ecc80e86", "asset_id": "55632868139706351389122666075856398477134009427047164358685308011467980299168", "timestamp": "1769384425969", "hash": "ece55c36e01bed7ff6d1da9f3d6491a9256ec01e", "bids": [{"price": "0.01", "size": "2789.7"}, {"price": "0.02", "size": "2100"}, {"price": "0.03", "size": "9.08"}, {"price": "0.07", "size": "1700"}, {"price": "0.08", "size": "800"}, {"price": "0.09", "size": "18"}, {"price": "0.1", "size": "6.3"}, {"price": "0.2", "size": "400"}, {"price": "0.27", "size": "200"}, {"price": "0.34", "size": "100"}, {"price": "0.5", "size": "10"}, {"price": "0.72", "size": "1022"}, {"price": "0.75", "size": "146"}, {"price": "0.78", "size": "33"}, {"price": "0.79", "size": "103"}, {"price": "0.8", "size": "105.61"}, {"price": "0.81", "size": "32"}, {"price": "0.82", "size": "29977.83"}], "asks": [{"price": "0.99", "size": "623.26"}, {"price": "0.97", "size": "141.88"}, {"price": "0.89", "size": "10"}, {"price": "0.87", "size": "666"}, {"price": "0.86", "size": "64"}, {"price": "0.85", "size": "15650"}, {"price": "0.84", "size": "32062.15"}, {"price": "0.83", "size": "2926.17"}], "event_type": "book", "last_trade_price": "0.170"}, {"market": "0xd4a593a75f3792506fe8524d7aeaf49334991e6c070d45a4078c72571d710773", "asset_id": "103307114743206260503322716578909422627520391583846307982053399838918279411998", "timestamp": "1769379483132", "hash": "5df8a21231b26806c3f9ad14c8c7d18144860a58", "bids": [{"price": "0.01", "size": "1085.42"}, {"price": "0.02", "size": "47.28"}, {"price": "0.45", "size": "2000"}], "asks": [{"price": "0.99", "size": "1085.42"}, {"price": "0.98", "size": "47.28"}, {"price": "0.62", "size": "10030"}, {"price": "0.55", "size": "2000"}], "event_type": "book", "last_trade_price": ""}, {"market": "0x137756995070dcbbfd7209f39dfc3634849e3a7a8cb54d657488154daf3e6ee3", "asset_id": "21398709410641435285632419901334057105989953460438825491305591535006041386484", "timestamp": "1769384465887", "hash": "edc55304545431256667e621c84760fa778f6f42", "bids": [{"price": "0.01", "size": "1185.06"}, {"price": "0.02", "size": "47.47"}, {"price": "0.15", "size": "10"}, {"price": "0.65", "size": "500"}], "asks": [{"price": "0.99", "size": "180"}, {"price": "0.98", "size": "50"}, {"price": "0.85", "size": "10"}, {"price": "0.81", "size": "600"}, {"price": "0.8", "size": "1975"}, {"price": "0.76", "size": "500"}, {"price": "0.75", "size": "2993.33"}], "event_type": "book", "last_trade_price": "0.250"}, {"market": "0xcf9badef0bb315f46d2e7f3668c6bd43e5f3216904dcdcfc358cd870a222715e", "asset_id": "43377525106057162749407823274399998203161813646276686521721267189850049066299", "timestamp": "1769384474592", "hash": "14be8214a27ac74ec73e1da992f0f856815488bf", "bids": [{"price": "0.01", "size": "1185.06"}, {"price": "0.02", "size": "47.47"}, {"price": "0.65", "size": "500"}], "asks": [{"price": "0.99", "size": "180"}, {"price": "0.98", "size": "50"}, {"price": "0.76", "size": "500"}, {"price": "0.75", "size": "2993.33"}], "event_type": "book", "last_trade_price": "0.250"}, {"market": "0xcf9badef0bb315f46d2e7f3668c6bd43e5f3216904dcdcfc358cd870a222715e", "asset_id": "103437817026016492734151818730407518925692290016210709828173525453811654215717", "timestamp": "1769384474592", "hash": "d427cf2ee0a8339246af65ee2052a679584155bf", "bids": [{"price": "0.01", "size": "180"}, {"price": "0.02", "size": "50"}, {"price": "0.24", "size": "500"}, {"price": "0.25", "size": "2993.33"}], "asks": [{"price": "0.99", "size": "1185.06"}, {"price": "0.98", "size": "47.47"}, {"price": "0.35", "size": "500"}], "event_type": "book", "last_trade_price": "0.250"}, {"market": "0x53e2d2393750ce215f97908878e2fcdc3ddb2fa507280d1448860b54be77c517", "asset_id": "102086309194829958113489139839716037799894437856228811556318771875066885648828", "timestamp": "1769384477659", "hash": "67bc73c00306776b35c8054d5482ebd6100bf0ef", "bids": [{"price": "0.01", "size": "1136.67"}, {"price": "0.02", "size": "47.41"}, {"price": "0.56", "size": "500"}], "asks": [{"price": "0.99", "size": "1136.85"}, {"price": "0.98", "size": "47.32"}, {"price": "0.67", "size": "500"}], "event_type": "book", "last_trade_price": ""}, {"market": "0x137756995070dcbbfd7209f39dfc3634849e3a7a8cb54d657488154daf3e6ee3", "asset_id": "42681870278978892451875954507719612372170122796989759502383896466347156199497", "timestamp": "1769384465887", "hash": "89ce2b84d55bf32b47b5165737818a84abbc3e95", "bids": [{"price": "0.01", "size": "180"}, {"price": "0.02", "size": "50"}, {"price": "0.15", "size": "10"}, {"price": "0.19", "size": "600"}, {"price": "0.2", "size": "1975"}, {"price": "0.24", "size": "500"}, {"price": "0.25", "size": "2993.33"}], "asks": [{"price": "0.99", "size": "1185.06"}, {"price": "0.98", "size": "47.47"}, {"price": "0.85", "size": "10"}, {"price": "0.35", "size": "500"}], "event_type": "book", "last_trade_price": "0.250"}, {"market": "0x02a5a3a8d5b24c22dc34909fb3be332c3821d56448d5bb0ac9fa51b0ecc80e86", "asset_id": "102488364465413824478249314098603452215755783745863591135734859144151686617118", "timestamp": "1769384425969", "hash": "88c64d342e76e7f847d400aa7c2060bcec06774d", "bids": [{"price": "0.01", "size": "623.26"}, {"price": "0.03", "size": "141.88"}, {"price": "0.11", "size": "10"}, {"price": "0.13", "size": "666"}, {"price": "0.14", "size": "64"}, {"price": "0.15", "size": "15650"}, {"price": "0.16", "size": "32062.15"}, {"price": "0.17", "size": "2926.17"}], "asks": [{"price": "0.99", "size": "2789.7"}, {"price": "0.98", "size": "2100"}, {"price": "0.97", "size": "9.08"}, {"price": "0.93", "size": "1700"}, {"price": "0.92", "size": "800"}, {"price": "0.91", "size": "18"}, {"price": "0.9", "size": "6.3"}, {"price": "0.8", "size": "400"}, {"price": "0.73", "size": "200"}, {"price": "0.66", "size": "100"}, {"price": "0.5", "size": "10"}, {"price": "0.28", "size": "1022"}, {"price": "0.25", "size": "146"}, {"price": "0.22", "size": "33"}, {"price": "0.21", "size": "103"}, {"price": "0.2", "size": "105.61"}, {"price": "0.19", "size": "32"}, {"price": "0.18", "size": "29977.83"}], "event_type": "book", "last_trade_price": "0.170"}, {"market": "0xd4a593a75f3792506fe8524d7aeaf49334991e6c070d45a4078c72571d710773", "asset_id": "102448720845979013515681492745430346253046192158738516463375186524783154291300", "timestamp": "1769379483132", "hash": "03a496de81fe8bd5814e9e1408b067d0c6f7f483", "bids": [{"price": "0.01", "size": "1085.42"}, {"price": "0.02", "size": "47.28"}, {"price": "0.38", "size": "10030"}, {"price": "0.45", "size": "2000"}], "asks": [{"price": "0.99", "size": "1085.42"}, {"price": "0.98", "size": "47.28"}, {"price": "0.55", "size": "2000"}], "event_type": "book", "last_trade_price": ""}, {"market": "0x53e2d2393750ce215f97908878e2fcdc3ddb2fa507280d1448860b54be77c517", "asset_id": "29791046156450423775961047954953037860638241505355550737925404099720218399306", "timestamp": "1769384477659", "hash": "a9c2e67baaa217fc457bccaf153c5541b8598662", "bids": [{"price": "0.01", "size": "1136.85"}, {"price": "0.02", "size": "47.32"}, {"price": "0.33", "size": "500"}], "asks": [{"price": "0.99", "size": "1136.67"}, {"price": "0.98", "size": "47.41"}, {"price": "0.44", "size": "500"}], "event_type": "book", "last_trade_price": ""}]}
{"_local_timestamp": "2026-01-25T23:41:46.159756+00:00", "data": {"market": "0xcf9badef0bb315f46d2e7f3668c6bd43e5f3216904dcdcfc358cd870a222715e", "price_changes": [{"asset_id": "43377525106057162749407823274399998203161813646276686521721267189850049066299", "price": "0.67", "size": "50", "side": "BUY", "hash": "a84abc96c80026390237e6ec7e3525cf9bcfafde", "best_bid": "0.67", "best_ask": "0.75"}, {"asset_id": "103437817026016492734151818730407518925692290016210709828173525453811654215717", "price": "0.33", "size": "50", "side": "SELL", "hash": "924861443c4ccb6e90c17a687c7103a969a1d8d4", "best_bid": "0.25", "best_ask": "0.33"}], "timestamp": "1769384506091", "event_type": "price_change"}}
{"_local_timestamp": "2026-01-25T23:42:10.757665+00:00", "data": {"market": "0x53e2d2393750ce215f97908878e2fcdc3ddb2fa507280d1448860b54be77c517", "price_changes": [{"asset_id": "102086309194829958113489139839716037799894437856228811556318771875066885648828", "price": "0.61", "size": "279.91", "side": "BUY", "hash": "c308a8a3d48f1a33ceedb2b9d2c27544eaae37e0", "best_bid": "0.61", "best_ask": "0.67"}, {"asset_id": "29791046156450423775961047954953037860638241505355550737925404099720218399306", "price": "0.39", "size": "279.91", "side": "SELL", "hash": "0bf84a99867ed3bfb60fa97277e84d1c4e8a3f0a", "best_bid": "0.33", "best_ask": "0.39"}], "timestamp": "1769384530691", "event_type": "price_change"}}
{"_local_timestamp": "2026-01-25T23:42:18.579580+00:00", "data": {"market": "0x53e2d2393750ce215f97908878e2fcdc3ddb2fa507280d1448860b54be77c517", "price_changes": [{"asset_id": "102086309194829958113489139839716037799894437856228811556318771875066885648828", "price": "0.61", "size": "0", "side": "BUY", "hash": "ef719af46ed86acd6eaab3fbc5cf5783efcd353c", "best_bid": "0.56", "best_ask": "0.67"}, {"asset_id": "29791046156450423775961047954953037860638241505355550737925404099720218399306", "price": "0.39", "size": "0", "side": "SELL", "hash": "6f762230a142fe554f1e4bd5a05da449d66e8111", "best_bid": "0.33", "best_ask": "0.44"}], "timestamp": "1769384538515", "event_type": "price_change"}}
{"_local_timestamp": "2026-01-25T23:42:26.117082+00:00", "data": {"market": "0xcf9badef0bb315f46d2e7f3668c6bd43e5f3216904dcdcfc358cd870a222715e", "price_changes": [{"asset_id": "103437817026016492734151818730407518925692290016210709828173525453811654215717", "price": "0.24", "size": "0", "side": "BUY", "hash": "48553ba9f0684461b3da2993671fec7643a5fb09", "best_bid": "0.25", "best_ask": "0.33"}, {"asset_id": "43377525106057162749407823274399998203161813646276686521721267189850049066299", "price": "0.76", "size": "0", "side": "SELL", "hash": "4b08d1992b5c8b9fa79e093ac889f7eae8545be1", "best_bid": "0.67", "best_ask": "0.75"}], "timestamp": "1769384546007", "event_type": "price_change"}}
{"_local_timestamp": "2026-01-25T23:42:26.120681+00:00", "data": {"market": "0x02a5a3a8d5b24c22dc34909fb3be332c3821d56448d5bb0ac9fa51b0ecc80e86", "price_changes": [{"asset_id": "55632868139706351389122666075856398477134009427047164358685308011467980299168", "price": "0.72", "size": "22", "side": "BUY", "hash": "ae38b246fae838042b68e023c5080dcfd120e81f", "best_bid": "0.82", "best_ask": "0.83"}, {"asset_id": "102488364465413824478249314098603452215755783745863591135734859144151686617118", "price": "0.28", "size": "22", "side": "SELL", "hash": "d77d770a275904e3feb89cb1cd8b9cd7ee06211c", "best_bid": "0.17", "best_ask": "0.18"}], "timestamp": "1769384546008", "event_type": "price_change"}}
{"_local_timestamp": "2026-01-25T23:42:26.170094+00:00", "data": {"market": "0x137756995070dcbbfd7209f39dfc3634849e3a7a8cb54d657488154daf3e6ee3", "price_changes": [{"asset_id": "42681870278978892451875954507719612372170122796989759502383896466347156199497", "price": "0.24", "size": "0", "side": "BUY", "hash": "9be035356a6bfcee3d0910d23679bbd231674761", "best_bid": "0.25", "best_ask": "0.35"}, {"asset_id": "21398709410641435285632419901334057105989953460438825491305591535006041386484", "price": "0.76", "size": "0", "side": "SELL", "hash": "ee7efad8a13016033afc027a9858715ef3aedbfa", "best_bid": "0.65", "best_ask": "0.75"}], "timestamp": "1769384546041", "event_type": "price_change"}}
{"_local_timestamp": "2026-01-25T23:42:26.185386+00:00", "data": {"market": "0x137756995070dcbbfd7209f39dfc3634849e3a7a8cb54d657488154daf3e6ee3", "price_changes": [{"asset_id": "21398709410641435285632419901334057105989953460438825491305591535006041386484", "price": "0.65", "size": "0", "side": "BUY", "hash": "9c7440ca0175487575aeb66a687364c5121e9429", "best_bid": "0.15", "best_ask": "0.75"}, {"asset_id": "42681870278978892451875954507719612372170122796989759502383896466347156199497", "price": "0.35", "size": "0", "side": "SELL", "hash": "0684b76b7aa938f8a1bdd02ef7e42437f515622a", "best_bid": "0.25", "best_ask": "0.85"}], "timestamp": "1769384546044", "event_type": "price_change"}}
{"_local_timestamp": "2026-01-25T23:42:26.192338+00:00", "data": {"market": "0x53e2d2393750ce215f97908878e2fcdc3ddb2fa507280d1448860b54be77c517", "price_changes": [{"asset_id": "102086309194829958113489139839716037799894437856228811556318771875066885648828", "price": "0.56", "size": "0", "side": "BUY", "hash": "cbf0daf3351880df04f343a5d6b959c0f1b00b8a", "best_bid": "0.02", "best_ask": "0.67"}, {"asset_id": "29791046156450423775961047954953037860638241505355550737925404099720218399306", "price": "0.44", "size": "0", "side": "SELL", "hash": "c334d9f2c3977f88807f1ac60f47fac0de9cb59b", "best_bid": "0.33", "best_ask": "0.98"}], "timestamp": "1769384546047", "event_type": "price_change"}}
{"_local_timestamp": "2026-01-25T23:42:26.200379+00:00", "data": {"market": "0x53e2d2393750ce215f97908878e2fcdc3ddb2fa507280d1448860b54be77c517", "price_changes": [{"asset_id": "29791046156450423775961047954953037860638241505355550737925404099720218399306", "price": "0.33", "size": "0", "side": "BUY", "hash": "2e465fa119ab26be3d70c8334af2448291c8efcd", "best_bid": "0.02", "best_ask": "0.98"}, {"asset_id": "102086309194829958113489139839716037799894437856228811556318771875066885648828", "price": "0.67", "size": "0", "side": "SELL", "hash": "6971172207568f2097670ebb6e66ffc4497faf24", "best_bid": "0.02", "best_ask": "0.98"}], "timestamp": "1769384546049", "event_type": "price_change"}}
{"_local_timestamp": "2026-01-25T23:42:26.200746+00:00", "data": {"market": "0xcf9badef0bb315f46d2e7f3668c6bd43e5f3216904dcdcfc358cd870a222715e", "price_changes": [{"asset_id": "43377525106057162749407823274399998203161813646276686521721267189850049066299", "price": "0.65", "size": "0", "side": "BUY", "hash": "40bd31925b82d3eef2f79343bf36a6e9527633b3", "best_bid": "0.67", "best_ask": "0.75"}, {"asset_id": "103437817026016492734151818730407518925692290016210709828173525453811654215717", "price": "0.35", "size": "0", "side": "SELL", "hash": "cf01baf879f40a4149cc235f24857ec72bedec81", "best_bid": "0.25", "best_ask": "0.33"}], "timestamp": "1769384546049", "event_type": "price_change"}}
{"_local_timestamp": "2026-01-25T23:42:26.211094+00:00", "data": {"market": "0x02a5a3a8d5b24c22dc34909fb3be332c3821d56448d5bb0ac9fa51b0ecc80e86", "price_changes": [{"asset_id": "55632868139706351389122666075856398477134009427047164358685308011467980299168", "price": "0.72", "size": "0", "side": "BUY", "hash": "fd97167d97eaa53890e8a21717bbe737919d20f0", "best_bid": "0.82", "best_ask": "0.83"}, {"asset_id": "102488364465413824478249314098603452215755783745863591135734859144151686617118", "price": "0.28", "size": "0", "side": "SELL", "hash": "6d575d2de64a91ef99667a9864c87eaed535efad", "best_bid": "0.17", "best_ask": "0.18"}], "timestamp": "1769384546091", "event_type": "price_change"}}
{"_local_timestamp": "2026-01-25T23:42:26.211532+00:00", "data": {"market": "0x02a5a3a8d5b24c22dc34909fb3be332c3821d56448d5bb0ac9fa51b0ecc80e86", "price_changes": [{"asset_id": "55632868139706351389122666075856398477134009427047164358685308011467980299168", "price": "0.5", "size": "32", "side": "BUY", "hash": "77cc930239bac2cc58604eed8d2282beca40656a", "best_bid": "0.82", "best_ask": "0.83"}, {"asset_id": "102488364465413824478249314098603452215755783745863591135734859144151686617118", "price": "0.5", "size": "32", "side": "SELL", "hash": "ed6e34ac7fe1a5a559dbe0a64e5975a6d13f4b4b", "best_bid": "0.17", "best_ask": "0.18"}], "timestamp": "1769384546092", "event_type": "price_change"}}
{"_local_timestamp": "2026-01-25T23:42:26.479972+00:00", "data": {"market": "0xcf9badef0bb315f46d2e7f3668c6bd43e5f3216904dcdcfc358cd870a222715e", "price_changes": [{"asset_id": "103437817026016492734151818730407518925692290016210709828173525453811654215717", "price": "0.24", "size": "500", "side": "BUY", "hash": "9ba67e1248764bb271f426d8eedb721eb0a416c7", "best_bid": "0.25", "best_ask": "0.33"}, {"asset_id": "43377525106057162749407823274399998203161813646276686521721267189850049066299", "price": "0.76", "size": "500", "side": "SELL", "hash": "f174c467b3c5f4366e0b8b9dba3a2c07f335d032", "best_bid": "0.67", "best_ask": "0.75"}], "timestamp": "1769384546413", "event_type": "price_change"}}
{"_local_timestamp": "2026-01-25T23:42:26.480427+00:00", "data": {"market": "0x02a5a3a8d5b24c22dc34909fb3be332c3821d56448d5bb0ac9fa51b0ecc80e86", "price_changes": [{"asset_id": "55632868139706351389122666075856398477134009427047164358685308011467980299168", "price": "0.72", "size": "1000", "side": "BUY", "hash": "7ca0c9b1421c701480ae1b1dd25d2ab5265ff87f", "best_bid": "0.82", "best_ask": "0.83"}, {"asset_id": "102488364465413824478249314098603452215755783745863591135734859144151686617118", "price": "0.28", "size": "1000", "side": "SELL", "hash": "1868157154623217b0e879a8c16ec2a7ceb270cc", "best_bid": "0.17", "best_ask": "0.18"}], "timestamp": "1769384546413", "event_type": "price_change"}}
{"_local_timestamp": "2026-01-25T23:42:26.488421+00:00", "data": {"market": "0x137756995070dcbbfd7209f39dfc3634849e3a7a8cb54d657488154daf3e6ee3", "price_changes": [{"asset_id": "21398709410641435285632419901334057105989953460438825491305591535006041386484", "price": "0.65", "size": "500", "side": "BUY", "hash": "ed65dafbbd11eec5442ba1712f8edb9dbbd8bfe6", "best_bid": "0.65", "best_ask": "0.75"}, {"asset_id": "42681870278978892451875954507719612372170122796989759502383896466347156199497", "price": "0.35", "size": "500", "side": "SELL", "hash": "8a4734c1488c54da500485e293238004d0ac052d", "best_bid": "0.25", "best_ask": "0.35"}], "timestamp": "1769384546413", "event_type": "price_change"}}
{"_local_timestamp": "2026-01-25T23:42:26.488790+00:00", "data": {"market": "0xcf9badef0bb315f46d2e7f3668c6bd43e5f3216904dcdcfc358cd870a222715e", "price_changes": [{"asset_id": "43377525106057162749407823274399998203161813646276686521721267189850049066299", "price": "0.65", "size": "500", "side": "BUY", "hash": "5a2ea2bd77e5831e889355b334ab8bbe477d9334", "best_bid": "0.67", "best_ask": "0.75"}, {"asset_id": "103437817026016492734151818730407518925692290016210709828173525453811654215717", "price": "0.35", "size": "500", "side": "SELL", "hash": "2ac4c836000cc841fab4edf337b1161fe99dfa0e", "best_bid": "0.25", "best_ask": "0.33"}], "timestamp": "1769384546415", "event_type": "price_change"}}
{"_local_timestamp": "2026-01-25T23:42:26.489072+00:00", "data": {"market": "0x53e2d2393750ce215f97908878e2fcdc3ddb2fa507280d1448860b54be77c517", "price_changes": [{"asset_id": "102086309194829958113489139839716037799894437856228811556318771875066885648828", "price": "0.56", "size": "500", "side": "BUY", "hash": "2c8c233a3972121afa6f4f2c5d1417761703d575", "best_bid": "0.56", "best_ask": "0.98"}, {"asset_id": "29791046156450423775961047954953037860638241505355550737925404099720218399306", "price": "0.44", "size": "500", "side": "SELL", "hash": "d5b8be52c927deaf207b888a8ba24e8b61f45323", "best_bid": "0.02", "best_ask": "0.44"}], "timestamp": "1769384546416", "event_type": "price_change"}}
{"_local_timestamp": "2026-01-25T23:42:26.496812+00:00", "data": {"market": "0x137756995070dcbbfd7209f39dfc3634849e3a7a8cb54d657488154daf3e6ee3", "price_changes": [{"asset_id": "42681870278978892451875954507719612372170122796989759502383896466347156199497", "price": "0.24", "size": "500", "side": "BUY", "hash": "a9a212b958ae8cb4297bb82b2efb3926022853d0", "best_bid": "0.25", "best_ask": "0.35"}, {"asset_id": "21398709410641435285632419901334057105989953460438825491305591535006041386484", "price": "0.76", "size": "500", "side": "SELL", "hash": "054e5b045b84c4ad03036731207a91f48cccc5b5", "best_bid": "0.65", "best_ask": "0.75"}], "timestamp": "1769384546419", "event_type": "price_change"}}
{"_local_timestamp": "2026-01-25T23:42:26.512901+00:00", "data": {"market": "0x53e2d2393750ce215f97908878e2fcdc3ddb2fa507280d1448860b54be77c517", "price_changes": [{"asset_id": "29791046156450423775961047954953037860638241505355550737925404099720218399306", "price": "0.33", "size": "500", "side": "BUY", "hash": "95f3ba8bb719d9906f0f8fb23901f15f8c46db69", "best_bid": "0.33", "best_ask": "0.44"}, {"asset_id": "102086309194829958113489139839716037799894437856228811556318771875066885648828", "price": "0.67", "size": "500", "side": "SELL", "hash": "b1105cad5a43ae0373ce67f881a3091a7df29be8", "best_bid": "0.56", "best_ask": "0.67"}], "timestamp": "1769384546427", "event_type": "price_change"}}
{"_local_timestamp": "2026-01-25T23:43:11.266779+00:00", "data": {"market": "0x53e2d2393750ce215f97908878e2fcdc3ddb2fa507280d1448860b54be77c517", "price_changes": [{"asset_id": "102086309194829958113489139839716037799894437856228811556318771875066885648828", "price": "0.61", "size": "279.91", "side": "BUY", "hash": "a2b0f4b5fb008c2daeb26f5e10c0064b0803ae8c", "best_bid": "0.61", "best_ask": "0.67"}, {"asset_id": "29791046156450423775961047954953037860638241505355550737925404099720218399306", "price": "0.39", "size": "279.91", "side": "SELL", "hash": "42b68918a425e909063e07afab0c133c0880fd22", "best_bid": "0.33", "best_ask": "0.39"}], "timestamp": "1769384591205", "event_type": "price_change"}}
{"_local_timestamp": "2026-01-25T23:43:19.249502+00:00", "data": {"market": "0x53e2d2393750ce215f97908878e2fcdc3ddb2fa507280d1448860b54be77c517", "price_changes": [{"asset_id": "102086309194829958113489139839716037799894437856228811556318771875066885648828", "price": "0.61", "size": "0", "side": "BUY", "hash": "bde99f76085e739e7e258beb9435c53932074dfc", "best_bid": "0.56", "best_ask": "0.67"}, {"asset_id": "29791046156450423775961047954953037860638241505355550737925404099720218399306", "price": "0.39", "size": "0", "side": "SELL", "hash": "3f267a8583da95a8f2cf378f8db7d71280d4eeb9", "best_bid": "0.33", "best_ask": "0.44"}], "timestamp": "1769384599184", "event_type": "price_change"}}
{"_local_timestamp": "2026-01-25T23:43:33.753945+00:00", "data": {"market": "0x02a5a3a8d5b24c22dc34909fb3be332c3821d56448d5bb0ac9fa51b0ecc80e86", "price_changes": [{"asset_id": "55632868139706351389122666075856398477134009427047164358685308011467980299168", "price": "0.5", "size": "10", "side": "BUY", "hash": "5b0da0c2f1e66e25cbd59581edd0e68275ec9c77", "best_bid": "0.82", "best_ask": "0.83"}, {"asset_id": "102488364465413824478249314098603452215755783745863591135734859144151686617118", "price": "0.5", "size": "10", "side": "SELL", "hash": "84f5fede902296d352f8c77d1cb65dd2288f23e0", "best_bid": "0.17", "best_ask": "0.18"}], "timestamp": "1769384613677", "event_type": "price_change"}}
{"_local_timestamp": "2026-01-25T23:43:33.754456+00:00", "data": {"market": "0x02a5a3a8d5b24c22dc34909fb3be332c3821d56448d5bb0ac9fa51b0ecc80e86", "price_changes": [{"asset_id": "55632868139706351389122666075856398477134009427047164358685308011467980299168", "price": "0.72", "size": "1022", "side": "BUY", "hash": "9d8a8a829a817021067131c7de2d7905223ee079", "best_bid": "0.82", "best_ask": "0.83"}, {"asset_id": "102488364465413824478249314098603452215755783745863591135734859144151686617118", "price": "0.28", "size": "1022", "side": "SELL", "hash": "0182c748705cb847f13ace3f10e4e8d646e36d4d", "best_bid": "0.17", "best_ask": "0.18"}], "timestamp": "1769384613679", "event_type": "price_change"}}
{"_local_timestamp": "2026-01-25T23:43:34.197252+00:00", "data": {"market": "0xcf9badef0bb315f46d2e7f3668c6bd43e5f3216904dcdcfc358cd870a222715e", "price_changes": [{"asset_id": "103437817026016492734151818730407518925692290016210709828173525453811654215717", "price": "0.02", "size": "0", "side": "BUY", "hash": "b604349796026ca4828d23763ba5c4815c3046bd", "best_bid": "0.25", "best_ask": "0.33"}, {"asset_id": "43377525106057162749407823274399998203161813646276686521721267189850049066299", "price": "0.98", "size": "0", "side": "SELL", "hash": "5dff370d3c8c336b53b0853616906365fad7099a", "best_bid": "0.67", "best_ask": "0.75"}], "timestamp": "1769384614123", "event_type": "price_change"}}
{"_local_timestamp": "2026-01-25T23:43:34.550893+00:00", "data": {"market": "0xcf9badef0bb315f46d2e7f3668c6bd43e5f3216904dcdcfc358cd870a222715e", "price_changes": [{"asset_id": "103437817026016492734151818730407518925692290016210709828173525453811654215717", "price": "0.02", "size": "50", "side": "BUY", "hash": "6f26ba812ab2e7889544f341debabf4ea8127f3c", "best_bid": "0.25", "best_ask": "0.33"}, {"asset_id": "43377525106057162749407823274399998203161813646276686521721267189850049066299", "price": "0.98", "size": "50", "side": "SELL", "hash": "f1695ae77b4e6bf4401271c1b4a6f904d63b9d2e", "best_bid": "0.67", "best_ask": "0.75"}], "timestamp": "1769384614481", "event_type": "price_change"}}
{"_local_timestamp": "2026-01-25T23:43:34.609141+00:00", "data": {"market": "0x137756995070dcbbfd7209f39dfc3634849e3a7a8cb54d657488154daf3e6ee3", "price_changes": [{"asset_id": "42681870278978892451875954507719612372170122796989759502383896466347156199497", "price": "0.02", "size": "15.21", "side": "BUY", "hash": "1941a6656506e7c5b3c81d15ba41097afac34383", "best_bid": "0.25", "best_ask": "0.35"}, {"asset_id": "21398709410641435285632419901334057105989953460438825491305591535006041386484", "price": "0.98", "size": "15.21", "side": "SELL", "hash": "8f572cc9e15d938c0a41fe29dc2015b26137c58e", "best_bid": "0.65", "best_ask": "0.75"}], "timestamp": "1769384614539", "event_type": "price_change"}}
