{"_local_timestamp": "2026-01-25T23:41:07.890707+00:00", "data": [{"market": "0xa10b3d27570f31a72d6f3423faaaf746ad969dc49f39325425041fcb80161608", "asset_id": "67502762968645714869002345805010352311871702593328714183166200318860465838709", "timestamp": "1769384465357", "hash": "d6d60f0079199cb417c8e69ff09965fbe8a529a0", "bids": [{"price": "0.01", "size": "9882.21"}, {"price": "0.02", "size": "2100"}, {"price": "0.03", "size": "9.45"}, {"price": "0.07", "size": "1700"}, {"price": "0.08", "size": "4657.32"}, {"price": "0.09", "size": "896.94"}, {"price": "0.1", "size": "200"}, {"price": "0.2", "size": "1290.11"}, {"price": "0.21", "size": "890.11"}, {"price": "0.35", "size": "130"}, {"price": "0.5", "size": "20"}, {"price": "0.52", "size": "50"}, {"price": "0.54", "size": "100"}, {"price": "0.56", "size": "1000"}, {"price": "0.57", "size": "43"}], "asks": [{"price": "0.99", "size": "9881.72"}, {"price": "0.98", "size": "2100"}, {"price": "0.97", "size": "9.18"}, {"price": "0.93", "size": "1700"}, {"price": "0.92", "size": "4857.32"}, {"price": "0.91", "size": "106.98"}, {"price": "0.68", "size": "112"}, {"price": "0.64", "size": "1268.11"}, {"price": "0.63", "size": "890.11"}, {"price": "0.62", "size": "23"}, {"price": "0.6", "size": "740.29"}, {"price": "0.59", "size": "410.52"}], "event_type": "book", "last_trade_price": "0.430"}, {"market": "0xa10b3d27570f31a72d6f3423faaaf746ad969dc49f39325425041fcb80161608", "asset_id": "84236884021542303032638452986954039824644750541397101214796644511947794899788", "timestamp": "1769384465357", "hash": "5d15f0c80cd90fcd2805ce9a1c454c13afb015ad", "bids": [{"price": "0.01", "size": "9881.72"}, {"price": "0.02", "size": "2100"}, {"price": "0.03", "size": "9.18"}, {"price": "0.07", "size": "1700"}, {"price": "0.08", "size": "4857.32"}, {"price": "0.09", "size": "106.98"}, {"price": "0.32", "size": "112"}, {"price": "0.36", "size": "1268.11"}, {"price": "0.37", "size": "890.11"}, {"price": "0.38", "size": "23"}, {"price": "0.4", "size": "740.29"}, {"price": "0.41", "size": "410.52"}], "asks": [{"price": "0.99", "size": "9882.21"}, {"price": "0.98", "size": "2100"}, {"price": "0.97", "size": "9.45"}, {"price": "0.93", "size": "1700"}, {"price": "0.92", "size": "4657.32"}, {"price": "0.91", "size": "896.94"}, {"price": "0.9", "size": "200"}, {"price": "0.8", "size": "1290.11"}, {"price": "0.79", "size": "890.11"}, {"price": "0.65", "size": "130"}, {"price": "0.5", "size": "20"}, {"price": "0.48", "size": "50"}, {"price": "0.46", "size": "100"}, {"price": "0.44", "size": "1000"}, {"price": "0.43", "size": "43"}], "event_type": "book", "last_trade_price": "0.430"}]}
{"_local_timestamp": "2026-01-25T23:41:09.382273+00:00", "data": {"market": "0xa10b3d27570f31a72d6f3423faaaf746ad969dc49f39325425041fcb80161608", "price_changes": [{"asset_id": "67502762968645714869002345805010352311871702593328714183166200318860465838709", "price": "0.1", "size": "100", "side": "BUY", "hash": "a893128e1143906b2c593c694f417f04963c1b6e", "best_bid": "0.57", "best_ask": "0.59"}, {"asset_id": "84236884021542303032638452986954039824644750541397101214796644511947794899788", "price": "0.9", "size": "100", "side": "SELL", "hash": "8bc997efb7806bcbaec7abebdb8994ef5bf6c093", "best_bid": "0.41", "best_ask": "0.43"}], "timestamp": "1769384469302", "event_type": "price_change"}}
{"_local_timestamp": "2026-01-25T23:41:09.435039+00:00", "data": {"market": "0xa10b3d27570f31a72d6f3423faaaf746ad969dc49f39325425041fcb80161608", "price_changes": [{"asset_id": "84236884021542303032638452986954039824644750541397101214796644511947794899788", "price": "0.08", "size": "700", "side": "BUY", "hash": "6064fb9033e8467a1463041c1adbabd4b9a6521c", "best_bid": "0.41", "best_ask": "0.43"}, {"asset_id": "67502762968645714869002345805010352311871702593328714183166200318860465838709", "price": "0.92", "size": "700", "side": "SELL", "hash": "0523c9b36792c773de498cf84134027c8644cc00", "best_bid": "0.57", "best_ask": "0.59"}], "timestamp": "1769384469362", "event_type": "price_change"}}
{"_local_timestamp": "2026-01-25T23:41:09.435509+00:00", "data": {"market": "0xa10b3d27570f31a72d6f3423faaaf746ad969dc49f39325425041fcb80161608", "price_changes": [{"asset_id": "67502762968645714869002345805010352311871702593328714183166200318860465838709", "price": "0.09", "size": "6.83", "side": "BUY", "hash": "4733df9dd1f6b7dbb13f00a493d097b32c3c3e43", "best_bid": "0.57", "best_ask": "0.59"}, {"asset_id": "84236884021542303032638452986954039824644750541397101214796644511947794899788", "price": "0.91", "size": "6.83", "side": "SELL", "hash": "c70e610329939df0c872fa907c4247c2f8577243", "best_bid": "0.41", "best_ask": "0.43"}], "timestamp": "1769384469363", "event_type": "price_change"}}
{"_local_timestamp": "2026-01-25T23:41:09.447412+00:00", "data": {"market": "0xa10b3d27570f31a72d6f3423faaaf746ad969dc49f39325425041fcb80161608", "price_changes": [{"asset_id": "84236884021542303032638452986954039824644750541397101214796644511947794899788", "price": "0.09", "size": "1377.08", "side": "BUY", "hash": "43d2cb377974fee7bc4fa1b828041d29bc6b427d", "best_bid": "0.41", "best_ask": "0.43"}, {"asset_id": "67502762968645714869002345805010352311871702593328714183166200318860465838709", "price": "0.91", "size": "1377.08", "side": "SELL", "hash": "66afcd1566ef337b2d05713295a8a58d265ff421", "best_bid": "0.57", "best_ask": "0.59"}], "timestamp": "1769384469366", "event_type": "price_change"}}
{"_local_timestamp": "2026-01-25T23:41:09.447775+00:00", "data": {"market": "0xa10b3d27570f31a72d6f3423faaaf746ad969dc49f39325425041fcb80161608", "price_changes": [{"asset_id": "84236884021542303032638452986954039824644750541397101214796644511947794899788", "price": "0.09", "size": "2267.19", "side": "BUY", "hash": "98f0e154cbf399af0a4ea1cd4f3122bf28d258e9", "best_bid": "0.41", "best_ask": "0.43"}, {"asset_id": "67502762968645714869002345805010352311871702593328714183166200318860465838709", "price": "0.91", "size": "2267.19", "side": "SELL", "hash": "e77a23cdd77d968ca86963911cf48edca176cd80", "best_bid": "0.57", "best_ask": "0.59"}], "timestamp": "1769384469367", "event_type": "price_change"}}
{"_local_timestamp": "2026-01-25T23:41:09.448045+00:00", "data": {"market": "0xa10b3d27570f31a72d6f3423faaaf746ad969dc49f39325425041fcb80161608", "price_changes": [{"asset_id": "84236884021542303032638452986954039824644750541397101214796644511947794899788", "price": "0.09", "size": "4264.3", "side": "BUY", "hash": "112c96adc533a751a9039a8b6eb44e4eda328758", "best_bid": "0.41", "best_ask": "0.43"}, {"asset_id": "67502762968645714869002345805010352311871702593328714183166200318860465838709", "price": "0.91", "size": "4264.3", "side": "SELL", "hash": "1ec72a0adddef86a367142c3a6cb98d4108acb23", "best_bid": "0.57", "best_ask": "0.59"}], "timestamp": "1769384469368", "event_type": "price_change"}}
{"_local_timestamp": "2026-01-25T23:41:09.691592+00:00", "data": {"market": "0xa10b3d27570f31a72d6f3423faaaf746ad969dc49f39325425041fcb80161608", "price_changes": [{"asset_id": "67502762968645714869002345805010352311871702593328714183166200318860465838709", "price": "0.08", "size": "4757.32", "side": "BUY", "hash": "9bc6aed16ae16860dec6e4796cbd9e3c9fe29d29", "best_bid": "0.57", "best_ask": "0.59"}, {"asset_id": "84236884021542303032638452986954039824644750541397101214796644511947794899788", "price": "0.92", "size": "4757.32", "side": "SELL", "hash": "694ed01fea6fecd4aec0789b210ef23251e2b215", "best_bid": "0.41", "best_ask": "0.43"}], "timestamp": "1769384469599", "event_type": "price_change"}}
{"_local_timestamp": "2026-01-25T23:41:11.741648+00:00", "data": {"market": "0xa10b3d27570f31a72d6f3423faaaf746ad969dc49f39325425041fcb80161608", "price_changes": [{"asset_id": "67502762968645714869002345805010352311871702593328714183166200318860465838709", "price": "0.1", "size": "0", "side": "BUY", "hash": "0e218aed9d95e2c4fa95e3d1ed84a90df2c8aa3d", "best_bid": "0.57", "best_ask": "0.59"}, {"asset_id": "84236884021542303032638452986954039824644750541397101214796644511947794899788", "price": "0.9", "size": "0", "side": "SELL", "hash": "dfc1a1711fe028b4ae365e0e623c148cc74ca499", "best_bid": "0.41", "best_ask": "0.43"}], "timestamp": "1769384471657", "event_type": "price_change"}}
{"_local_timestamp": "2026-01-25T23:41:12.052722+00:00", "data": {"market": "0xa10b3d27570f31a72d6f3423faaaf746ad969dc49f39325425041fcb80161608", "price_changes": [{"asset_id": "67502762968645714869002345805010352311871702593328714183166200318860465838709", "price": "0.08", "size": "4857.32", "side": "BUY", "hash": "0d098e59fdae28771e25db4de5e335e707f37bf3", "best_bid": "0.57", "best_ask": "0.59"}, {"asset_id": "84236884021542303032638452986954039824644750541397101214796644511947794899788", "price": "0.92", "size": "4857.32", "side": "SELL", "hash": "4d6a97986b915a2db05865db9f3af971327470f3", "best_bid": "0.41", "best_ask": "0.43"}], "timestamp": "1769384471944", "event_type": "price_change"}}
{"_local_timestamp": "2026-01-25T23:41:21.456599+00:00", "data": {"market": "0xa10b3d27570f31a72d6f3423faaaf746ad969dc49f39325425041fcb80161608", "price_changes": [{"asset_id": "67502762968645714869002345805010352311871702593328714183166200318860465838709", "price": "0.08", "size": "4957.32", "side": "BUY", "hash": "b74470df333fb3a3da9363e68546097080b530df", "best_bid": "0.57", "best_ask": "0.59"}, {"asset_id": "84236884021542303032638452986954039824644750541397101214796644511947794899788", "price": "0.92", "size": "4957.32", "side": "SELL", "hash": "05ecb86e313b1a2f3b6cb719b680f24a041bb48d", "best_bid": "0.41", "best_ask": "0.43"}], "timestamp": "1769384481356", "event_type": "price_change"}}
{"_local_timestamp": "2026-01-25T23:41:21.513468+00:00", "data": {"market": "0xa10b3d27570f31a72d6f3423faaaf746ad969dc49f39325425041fcb80161608", "price_changes": [{"asset_id": "67502762968645714869002345805010352311871702593328714183166200318860465838709", "price": "0.08", "size": "800", "side": "BUY", "hash": "4d46d0934565b865952dd017757b67d2bc5099c0", "best_bid": "0.57", "best_ask": "0.59"}, {"asset_id": "84236884021542303032638452986954039824644750541397101214796644511947794899788", "price": "0.92", "size": "800", "side": "SELL", "hash": "948e1182a896e72d44c95883f179658c60e3f322", "best_bid": "0.41", "best_ask": "0.43"}], "timestamp": "1769384481439", "event_type": "price_change"}}
{"_local_timestamp": "2026-01-25T23:41:21.644779+00:00", "data": {"market": "0xa10b3d27570f31a72d6f3423faaaf746ad969dc49f39325425041fcb80161608", "price_changes": [{"asset_id": "67502762968645714869002345805010352311871702593328714183166200318860465838709", "price": "0.09", "size": "1276.93", "side": "BUY", "hash": "b11a19f0a3a80dabb5b8e3453f5e6f367de27cf5", "best_bid": "0.57", "best_ask": "0.59"}, {"asset_id": "84236884021542303032638452986954039824644750541397101214796644511947794899788", "price": "0.91", "size": "1276.93", "side": "SELL", "hash": "b594e2fe5815c780f293744d0a1178c977c806d9", "best_bid": "0.41", "best_ask": "0.43"}], "timestamp": "1769384481567", "event_type": "price_change"}}
{"_local_timestamp": "2026-01-25T23:41:21.646961+00:00", "data": {"market": "0xa10b3d27570f31a72d6f3423faaaf746ad969dc49f39325425041fcb80161608", "price_changes": [{"asset_id": "67502762968645714869002345805010352311871702593328714183166200318860465838709", "price": "0.09", "size": "2167.04", "side": "BUY", "hash": "c3fdc8e428efd96c2a3973836db4799e24ddf7ba", "best_bid": "0.57", "best_ask": "0.59"}, {"asset_id": "84236884021542303032638452986954039824644750541397101214796644511947794899788", "price": "0.91", "size": "2167.04", "side": "SELL", "hash": "4fc5278c7464d428f4f2d328b69a9ae85b4b22b6", "best_bid": "0.41", "best_ask": "0.43"}], "timestamp": "1769384481568", "event_type": "price_change"}}
{"_local_timestamp": "2026-01-25T23:41:21.649866+00:00", "data": {"market": "0xa10b3d27570f31a72d6f3423faaaf746ad969dc49f39325425041fcb80161608", "price_changes": [{"asset_id": "67502762968645714869002345805010352311871702593328714183166200318860465838709", "price": "0.09", "size": "4164.15", "side": "BUY", "hash": "57e9b2510e09e33dd9288252ad6926d8b3ef9f0b", "best_bid": "0.57", "best_ask": "0.59"}, {"asset_id": "84236884021542303032638452986954039824644750541397101214796644511947794899788", "price": "0.91", "size": "4164.15", "side": "SELL", "hash": "70f6e34604e674b0b1e72ab58121047023416f84", "best_bid": "0.41", "best_ask": "0.43"}], "timestamp": "1769384481569", "event_type": "price_change"}}
{"_local_timestamp": "2026-01-25T23:41:27.932669+00:00", "data": {"market": "0xa10b3d27570f31a72d6f3423faaaf746ad969dc49f39325425041fcb80161608", "price_changes": [{"asset_id": "84236884021542303032638452986954039824644750541397101214796644511947794899788", "price": "0.08", "size": "300", "side": "BUY", "hash": "21131b795703ce1fafd090ffac18061b79829d50", "best_bid": "0.41", "best_ask": "0.43"}, {"asset_id": "67502762968645714869002345805010352311871702593328714183166200318860465838709", "price": "0.92", "size": "300", "side": "SELL", "hash": "1bdab80f754c999a395878ab3699f2f78447c3c9", "best_bid": "0.57", "best_ask": "0.59"}], "timestamp": "1769384487843", "event_type": "price_change"}}
{"_local_timestamp": "2026-01-25T23:41:28.035353+00:00", "data": {"market": "0xa10b3d27570f31a72d6f3423faaaf746ad969dc49f39325425041fcb80161608", "price_changes": [{"asset_id": "84236884021542303032638452986954039824644750541397101214796644511947794899788", "price": "0.08", "size": "1190.11", "side": "BUY", "hash": "c67ecad96505b012278879b3f35392fc53812c91", "best_bid": "0.41", "best_ask": "0.43"}, {"asset_id": "67502762968645714869002345805010352311871702593328714183166200318860465838709", "price": "0.92", "size": "1190.11", "side": "SELL", "hash": "09b0fadc4355be66adededc2c99005af098cc6e5", "best_bid": "0.57", "best_ask": "0.59"}], "timestamp": "1769384487960", "event_type": "price_change"}}
{"_local_timestamp": "2026-01-25T23:41:28.071341+00:00", "data": {"market": "0xa10b3d27570f31a72d6f3423faaaf746ad969dc49f39325425041fcb80161608", "price_changes": [{"asset_id": "84236884021542303032638452986954039824644750541397101214796644511947794899788", "price": "0.08", "size": "3187.22", "side": "BUY", "hash": "5f9d5a62ed53feb9cb8017c6a0b2eea9f7f98b79", "best_bid": "0.41", "best_ask": "0.43"}, {"asset_id": "67502762968645714869002345805010352311871702593328714183166200318860465838709", "price": "0.92", "size": "3187.22", "side": "SELL", "hash": "439cc12eb550377adf3fd429804e908dc1367f79", "best_bid": "0.57", "best_ask": "0.59"}], "timestamp": "1769384487995", "event_type": "price_change"}}
{"_local_timestamp": "2026-01-25T23:41:28.074145+00:00", "data": {"market": "0xa10b3d27570f31a72d6f3423faaaf746ad969dc49f39325425041fcb80161608", "price_changes": [{"asset_id": "84236884021542303032638452986954039824644750541397101214796644511947794899788", "price": "0.08", "size": "4457.32", "side": "BUY", "hash": "98a8f1836db198e273e538fac9e8e67264baaad3", "best_bid": "0.41", "best_ask": "0.43"}, {"asset_id": "67502762968645714869002345805010352311871702593328714183166200318860465838709", "price": "0.92", "size": "4457.32", "side": "SELL", "hash": "65bec1d01b687080773f782a4b987ff135188582", "best_bid": "0.57", "best_ask": "0.59"}], "timestamp": "1769384487997", "event_type": "price_change"}}
{"_local_timestamp": "2026-01-25T23:41:28.211963+00:00", "data": {"market": "0xa10b3d27570f31a72d6f3423faaaf746ad969dc49f39325425041fcb80161608", "price_changes": [{"asset_id": "84236884021542303032638452986954039824644750541397101214796644511947794899788", "price": "0.09", "size": "4664.3", "side": "BUY", "hash": "82fbb9f3112a5cb2789e2cd49edc7c04e50f5573", "best_bid": "0.41", "best_ask": "0.43"}, {"asset_id": "67502762968645714869002345805010352311871702593328714183166200318860465838709", "price": "0.91", "size": "4664.3", "side": "SELL", "hash": "5c410ca94917a38c2dee8314764e1b0f52850654", "best_bid": "0.57", "best_ask": "0.59"}], "timestamp": "1769384488133", "event_type": "price_change"}}
{"_local_timestamp": "2026-01-25T23:41:33.535669+00:00", "data": {"market": "0xa10b3d27570f31a72d6f3423faaaf746ad969dc49f39325425041fcb80161608", "price_changes": [{"asset_id": "67502762968645714869002345805010352311871702593328714183166200318860465838709", "price": "0.08", "size": "700", "side": "BUY", "hash": "6c31e279b0e696f67d9cc7a186df442aa3654fd3", "best_bid": "0.57", "best_ask": "0.59"}, {"asset_id": "84236884021542303032638452986954039824644750541397101214796644511947794899788", "price": "0.92", "size": "700", "side": "SELL", "hash": "9f787ecbf9a9b1041d1bbb77d185202b537d7e87", "best_bid": "0.41", "best_ask": "0.43"}], "timestamp": "1769384493429", "event_type": "price_change"}}
{"_local_timestamp": "2026-01-25T23:41:33.541158+00:00", "data": {"market": "0xa10b3d27570f31a72d6f3423faaaf746ad969dc49f39325425041fcb80161608", "price_changes": [{"asset_id": "84236884021542303032638452986954039824644750541397101214796644511947794899788", "price": "0.08", "size": "4357.32", "side": "BUY", "hash": "87d06d4bbd4f6fa1ead8a75cdacd21932dad60d9", "best_bid": "0.41", "best_ask": "0.43"}, {"asset_id": "67502762968645714869002345805010352311871702593328714183166200318860465838709", "price": "0.92", "size": "4357.32", "side": "SELL", "hash": "d6c17d80fc0e7ef3163bed8de80a64143806a6b3", "best_bid": "0.57", "best_ask": "0.59"}], "timestamp": "1769384493442", "event_type": "price_change"}}
{"_local_timestamp": "2026-01-25T23:41:33.646495+00:00", "data": {"market": "0xa10b3d27570f31a72d6f3423faaaf746ad969dc49f39325425041fcb80161608", "price_changes": [{"asset_id": "84236884021542303032638452986954039824644750541397101214796644511947794899788", "price": "0.09", "size": "506.98", "side": "BUY", "hash": "a7194874f2c5cc25ac3940f6b8486d8bebde7521", "best_bid": "0.41", "best_ask": "0.43"}, {"asset_id": "67502762968645714869002345805010352311871702593328714183166200318860465838709", "price": "0.91", "size": "506.98", "side": "SELL", "hash": "e61c3cf3445d70ab1cc22b272eeefc5696aa42f9", "best_bid": "0.57", "best_ask": "0.59"}], "timestamp": "1769384493572", "event_type": "price_change"}}
{"_local_timestamp": "2026-01-25T23:41:33.656050+00:00", "data": {"market": "0xa10b3d27570f31a72d6f3423faaaf746ad969dc49f39325425041fcb80161608", "price_changes": [{"asset_id": "84236884021542303032638452986954039824644750541397101214796644511947794899788", "price": "0.1", "size": "1997.11", "side": "BUY", "hash": "53731e59b15356d09216545c28008d5f1609822f", "best_bid": "0.41", "best_ask": "0.43"}, {"asset_id": "67502762968645714869002345805010352311871702593328714183166200318860465838709", "price": "0.9", "size": "1997.11", "side": "SELL", "hash": "247de24ecd4d18457ac8e167d6218accb74d1eef", "best_bid": "0.57", "best_ask": "0.59"}], "timestamp": "1769384493574", "event_type": "price_change"}}
{"_local_timestamp": "2026-01-25T23:41:33.656551+00:00", "data": {"market": "0xa10b3d27570f31a72d6f3423faaaf746ad969dc49f39325425041fcb80161608", "price_changes": [{"asset_id": "84236884021542303032638452986954039824644750541397101214796644511947794899788", "price": "0.1", "size": "7996.22", "side": "BUY", "hash": "12d7640c98b4bc230fbde74527194a8864fcb527", "best_bid": "0.41", "best_ask": "0.43"}, {"asset_id": "67502762968645714869002345805010352311871702593328714183166200318860465838709", "price": "0.9", "size": "7996.22", "side": "SELL", "hash": "ff01245fae9c90f2bb370ddc2651e172d4842c7d", "best_bid": "0.57", "best_ask": "0.59"}], "timestamp": "1769384493574", "event_type": "price_change"}}
{"_local_timestamp": "2026-01-25T23:41:33.656885+00:00", "data": {"market": "0xa10b3d27570f31a72d6f3423faaaf746ad969dc49f39325425041fcb80161608", "price_changes": [{"asset_id": "84236884021542303032638452986954039824644750541397101214796644511947794899788", "price": "0.1", "size": "9266.32", "side": "BUY", "hash": "661c3d0d4508083328085a9dca5d3f0d1e9e091e", "best_bid": "0.41", "best_ask": "0.43"}, {"asset_id": "67502762968645714869002345805010352311871702593328714183166200318860465838709", "price": "0.9", "size": "9266.32", "side": "SELL", "hash": "6b0c8a8b44d448ebc48e80c8b9e9eec28d160a6c", "best_bid": "0.57", "best_ask": "0.59"}], "timestamp": "1769384493575", "event_type": "price_change"}}
{"_local_timestamp": "2026-01-25T23:41:33.657305+00:00", "data": {"market": "0xa10b3d27570f31a72d6f3423faaaf746ad969dc49f39325425041fcb80161608", "price_changes": [{"asset_id": "84236884021542303032638452986954039824644750541397101214796644511947794899788", "price": "0.1", "size": "10156.43", "side": "BUY", "hash": "2526a20d4e86c24c1e8317bf483d5f9e62ac03fb", "best_bid": "0.41", "best_ask": "0.43"}, {"asset_id": "67502762968645714869002345805010352311871702593328714183166200318860465838709", "price": "0.9", "size": "10156.43", "side": "SELL", "hash": "b7447869115626046b6e29f046e975ff3905a828", "best_bid": "0.57", "best_ask": "0.59"}], "timestamp": "1769384493576", "event_type": "price_change"}}
{"_local_timestamp": "2026-01-25T23:41:33.714748+00:00", "data": {"market": "0xa10b3d27570f31a72d6f3423faaaf746ad969dc49f39325425041fcb80161608", "price_changes": [{"asset_id": "67502762968645714869002345805010352311871702593328714183166200318860465838709", "price": "0.09", "size": "4264.15", "side": "BUY", "hash": "9de3e1789c5d4825b3eee6471498712ac0bcd6f1", "best_bid": "0.57", "best_ask": "0.59"}, {"asset_id": "84236884021542303032638452986954039824644750541397101214796644511947794899788", "price": "0.91", "size": "4264.15", "side": "SELL", "hash": "a2d2024dddcf182c46751de001ff23109abc90bc", "best_bid": "0.41", "best_ask": "0.43"}], "timestamp": "1769384493645", "event_type": "price_change"}}
{"_local_timestamp": "2026-01-25T23:41:33.798579+00:00", "data": {"market": "0xa10b3d27570f31a72d6f3423faaaf746ad969dc49f39325425041fcb80161608", "price_changes": [{"asset_id": "84236884021542303032638452986954039824644750541397101214796644511947794899788", "price": "0.09", "size": "606.98", "side": "BUY", "hash": "d7c9c3caa30463bda6934812fc42514f14490dff", "best_bid": "0.41", "best_ask": "0.43"}, {"asset_id": "67502762968645714869002345805010352311871702593328714183166200318860465838709", "price": "0.91", "size": "606.98", "side": "SELL", "hash": "7a7ad7d003de75909c282ae86c323ed1df16fe18", "best_bid": "0.57", "best_ask": "0.59"}], "timestamp": "1769384493718", "event_type": "price_change"}}
