{"_local_timestamp": "2026-01-25T23:34:13.192585+00:00", "data": [{"market": "0x8960d9841cb0cfad6aa1c9d55067b42628b60560ae0a031b67972372b449ff92", "asset_id": "61963817687278949156561457702289203016562578262296881296974026720247149064615", "timestamp": "1769383886056", "hash": "362926e7e40c71243a46567f39e7101f20a42a6c", "bids": [{"price": "0.01", "size": "302.04"}, {"price": "0.02", "size": "325.48"}, {"price": "0.03", "size": "18.99"}, {"price": "0.04", "size": "29.99"}], "asks": [{"price": "0.99", "size": "293.28"}, {"price": "0.98", "size": "255.94"}, {"price": "0.97", "size": "9.8"}, {"price": "0.94", "size": "12.04"}], "event_type": "book", "last_trade_price": ""}, {"market": "0x3788b720cd8df3e46d5700fdf1fcb2006d57d1896822f69350960d83a7f6f2c3", "asset_id": "82941787026169217016577064856639835191868871934790509742804812814935908621037", "timestamp": "1769384027946", "hash": "2e2d5bb81c28b06a7c948c1af3659307233cef6d", "bids": [{"price": "0.01", "size": "8590.53"}, {"price": "0.02", "size": "1150"}, {"price": "0.03", "size": "4167.74"}, {"price": "0.09", "size": "300"}, {"price": "0.1", "size": "205.73"}, {"price": "0.11", "size": "125"}, {"price": "0.12", "size": "1265.11"}, {"price": "0.13", "size": "890.11"}, {"price": "0.32", "size": "105"}], "asks": [{"price": "0.99", "size": "7184.59"}, {"price": "0.98", "size": "4314.77"}, {"price": "0.96", "size": "550"}, {"price": "0.95", "size": "15.92"}, {"price": "0.77", "size": "300"}, {"price": "0.74", "size": "1090.11"}, {"price": "0.73", "size": "890.11"}, {"price": "0.72", "size": "125"}, {"price": "0.7", "size": "162"}, {"price": "0.59", "size": "8"}, {"price": "0.57", "size": "70"}], "event_type": "book", "last_trade_price": ""}, {"market": "0xa3db0789331514d26706a5ba0ea5383b7fbf69c7366bfedf81a0115f69cfe57d", "asset_id": "3103132194095219426836511727094772331436803570864955642027195551582214215009", "timestamp": "1769383981010", "hash": "e72c4fc0abdcf3e845e90fbe8ef77d2787e33c29", "bids": [{"price": "0.01", "size": "11391.33"}, {"price": "0.02", "size": "157.03"}, {"price": "0.03", "size": "12.74"}, {"price": "0.05", "size": "1140.11"}, {"price": "0.06", "size": "901.06"}], "asks": [{"price": "0.99", "size": "11391.33"}, {"price": "0.98", "size": "157.03"}, {"price": "0.97", "size": "12.74"}, {"price": "0.95", "size": "1140.11"}, {"price": "0.94", "size": "895.59"}], "event_type": "book", "last_trade_price": ""}, {"market": "0x3788b720cd8df3e46d5700fdf1fcb2006d57d1896822f69350960d83a7f6f2c3", "asset_id": "83260965155425071750789202687088676838918123979784508430901911692764221989918", "timestamp": "1769384027946", "hash": "9e0a9331ec6a7ba22045cc9423aee635913fb47c", "bids": [{"price": "0.01", "size": "7184.59"}, {"price": "0.02", "size": "4314.77"}, {"price": "0.04", "size": "550"}, {"price": "0.05", "size": "15.92"}, {"price": "0.23", "size": "300"}, {"price": "0.26", "size": "1090.11"}, {"price": "0.27", "size": "890.11"}, {"price": "0.28", "size": "125"}, {"price": "0.3", "size": "162"}, {"price": "0.41", "size": "8"}, {"price": "0.43", "size": "70"}], "asks": [{"price": "0.99", "size": "8590.53"}, {"price": "0.98", "size": "1150"}, {"price": "0.97", "size": "4167.74"}, {"price": "0.91", "size": "300"}, {"price": "0.9", "size": "205.73"}, {"price": "0.89", "size": "125"}, {"price": "0.88", "size": "1265.11"}, {"price": "0.87", "size": "890.11"}, {"price": "0.68", "size": "105"}], "event_type": "book", "last_trade_price": ""}, {"market": "0x3f2eb8f9cd6979afe707e4543d3043122a1cbba2ddc7a65e9ea97601248890ee", "asset_id": "88259995135008213692905889764500357581849606230487472831822828846742426729203", "timestamp": "1769383983192", "hash": "074e54b4645037817bd803526b093094aa5272f4", "bids": [{"price": "0.01", "size": "10448.02"}, {"price": "0.02", "size": "4201.52"}, {"price": "0.07", "size": "10.94"}, {"price": "0.09", "size": "1140.11"}, {"price": "0.1", "size": "890.11"}], "asks": [{"price": "0.99", "size": "11341.17"}, {"price": "0.98", "size": "8.05"}, {"price": "0.97", "size": "12.4"}, {"price": "0.95", "size": "1190.11"}, {"price": "0.94", "size": "895.44"}], "event_type": "book", "last_trade_price": ""}, {"market": "0xd3bec487721678dfe96c27d3055d2717d7d04e104f83d1502b32bea4436a952d", "asset_id": "113648131379277879753924959667041184881882806227484118809819396840767118223714", "timestamp": "1769383795982", "hash": "39e051885e0485c7b8928a294f5df82b8c5f8fba", "bids": [{"price": "0.01", "size": "294.79"}, {"price": "0.02", "size": "96.69"}, {"price": "0.03", "size": "9.53"}, {"price": "0.06", "size": "12.67"}], "asks": [{"price": "0.99", "size": "302.04"}, {"price": "0.98", "size": "100.48"}, {"price": "0.97", "size": "18.99"}, {"price": "0.96", "size": "29.99"}], "event_type": "book", "last_trade_price": ""}, {"market": "0x485ce1306dd172776d7a77cc89f586d6e25f88124e5892456d5ed7eea9090d73", "asset_id": "87841825926106475440156310469671214425083954360844729142714800512646927152922", "timestamp": "1769383982848", "hash": "7b8ddd28bf0a4707044456f4e9b9c2d2cdca3f86", "bids": [{"price": "0.01", "size": "303.63"}, {"price": "0.02", "size": "96.69"}, {"price": "0.03", "size": "20.99"}, {"price": "0.05", "size": "23.99"}, {"price": "0.06", "size": "5.47"}], "asks": [{"price": "0.99", "size": "302.04"}, {"price": "0.98", "size": "100.48"}, {"price": "0.97", "size": "18.99"}, {"price": "0.96", "size": "29.99"}], "event_type": "book", "last_trade_price": ""}, {"market": "0x9a83eaa76d0eb7e2dcdcd60309e839d8d72dc2cf4390b569cd15ddea33bfdb4e", "asset_id": "27888513267230729321709250185969253838771561814661155674945182507335066777790", "timestamp": "1769383981010", "hash": "cbf5b48cfe8af7c9c71cf7405cabe8011fa51ec1", "bids": [{"price": "0.01", "size": "11391.33"}, {"price": "0.02", "size": "157.03"}, {"price": "0.03", "size": "23.71"}, {"price": "0.06", "size": "1140.11"}, {"price": "0.07", "size": "904.31"}], "asks": [{"price": "0.99", "size": "11391.33"}, {"price": "0.98", "size": "157.03"}, {"price": "0.97", "size": "23.71"}, {"price": "0.94", "size": "1140.11"}, {"price": "0.93", "size": "895.58"}], "event_type": "book", "last_trade_price": ""}, {"market": "0x3954ec303febb0420062456b4125d2faf5dd12fd702cb7f36601cc5bf7adf8cf", "asset_id": "64349311682857866827393360367739437779294412649231079613468610137061404516535", "timestamp": "1769383983227", "hash": "3dbde076acf162c29382d04679095c1d5c919a73", "bids": [{"price": "0.01", "size": "11436.74"}, {"price": "0.02", "size": "44.9"}, {"price": "0.06", "size": "5.47"}, {"price": "0.07", "size": "5.47"}, {"price": "0.09", "size": "1140.11"}, {"price": "0.1", "size": "890.11"}], "asks": [{"price": "0.99", "size": "10547.23"}, {"price": "0.98", "size": "4201.91"}, {"price": "0.9", "size": "1140.11"}, {"price": "0.89", "size": "890.11"}], "event_type": "book", "last_trade_price": ""}, {"market": "0xc86e9656d38c5f006cb51bf1bdfa1e5b90a632d2c9cbf4c6f3e15aa9e34be297", "asset_id": "75817408377548610766665809770044466675141164601276055493067377670196650120168", "timestamp": "1769383980973", "hash": "8a10ecb49fc685791c076aad129f52b496a6ac3c", "bids": [{"price": "0.01", "size": "11439.99"}, {"price": "0.02", "size": "43.27"}, {"price": "0.04", "size": "5.47"}, {"price": "0.06", "size": "5.47"}, {"price": "0.07", "size": "5.47"}, {"price": "0.09", "size": "1140.11"}, {"price": "0.1", "size": "890.11"}], "asks": [{"price": "0.99", "size": "11442.05"}, {"price": "0.97", "size": "28.16"}, {"price": "0.9", "size": "300"}, {"price": "0.89", "size": "890.11"}, {"price": "0.82", "size": "5.55"}], "event_type": "book", "last_trade_price": ""}, {"market": "0x9a83eaa76d0eb7e2dcdcd60309e839d8d72dc2cf4390b569cd15ddea33bfdb4e", "asset_id": "103336392619027583676134527163320432699186704848416164441797167484155123904502", "timestamp": "1769383981010", "hash": "9ea1c93b3c173f5e62df4efffebbc2cebc2e0d2c", "bids": [{"price": "0.01", "size": "11391.33"}, {"price": "0.02", "size": "157.03"}, {"price": "0.03", "size": "23.71"}, {"price": "0.06", "size": "1140.11"}, {"price": "0.07", "size": "895.58"}], "asks": [{"price": "0.99", "size": "11391.33"}, {"price": "0.98", "size": "157.03"}, {"price": "0.97", "size": "23.71"}, {"price": "0.94", "size": "1140.11"}, {"price": "0.93", "size": "904.31"}], "event_type": "book", "last_trade_price": ""}, {"market": "0x3954ec303febb0420062456b4125d2faf5dd12fd702cb7f36601cc5bf7adf8cf", "asset_id": "18734145241804997171021886584889310771568155256660137995688218800340229317604", "timestamp": "1769383983227", "hash": "11fbc363c342e532972f8ba6c8edce1ec1e9b282", "bids": [{"price": "0.01", "size": "10547.23"}, {"price": "0.02", "size": "4201.91"}, {"price": "0.1", "size": "1140.11"}, {"price": "0.11", "size": "890.11"}], "asks": [{"price": "0.99", "size": "11436.74"}, {"price": "0.98", "size": "44.9"}, {"price": "0.94", "size": "5.47"}, {"price": "0.93", "size": "5.47"}, {"price": "0.91", "size": "1140.11"}, {"price": "0.9", "size": "890.11"}], "event_type": "book", "last_trade_price": ""}, {"market": "0xa3db0789331514d26706a5ba0ea5383b7fbf69c7366bfedf81a0115f69cfe57d", "asset_id": "89347168883216177290942337308564626845438137241490927486905126517375612527740", "timestamp": "1769383981010", "hash": "ee0d7b50c965dd0b58fb572679902516f1445a0a", "bids": [{"price": "0.01", "size": "11391.33"}, {"price": "0.02", "size": "157.03"}, {"price": "0.03", "size": "12.74"}, {"price": "0.05", "size": "1140.11"}, {"price": "0.06", "size": "895.59"}], "asks": [{"price": "0.99", "size": "11391.33"}, {"price": "0.98", "size": "157.03"}, {"price": "0.97", "size": "12.74"}, {"price": "0.95", "size": "1140.11"}, {"price": "0.94", "size": "901.06"}], "event_type": "book", "last_trade_price": ""}, {"market": "0xd9261f30db9f4f13887bb7034962ccab0e0f7e0a00a5a892ee6695020826bfe4", "asset_id": "42821893875966871518449471814771135482213633848029529871803285715812246793674", "timestamp": "1769383979201", "hash": "3594730e0cb237d565410767ca5473566d1f61c7", "bids": [{"price": "0.01", "size": "302.04"}, {"price": "0.02", "size": "275.48"}, {"price": "0.03", "size": "18.99"}, {"price": "0.04", "size": "29.99"}], "asks": [{"price": "0.99", "size": "302.04"}, {"price": "0.98", "size": "257.48"}, {"price": "0.97", "size": "18.99"}, {"price": "0.96", "size": "5.47"}], "event_type": "book", "last_trade_price": ""}, {"market": "0xd3bec487721678dfe96c27d3055d2717d7d04e104f83d1502b32bea4436a952d", "asset_id": "77855381230996067606750098735367294369035865859370005738242844881019056925725", "timestamp": "1769383795982", "hash": "abcf13ff5d2318bbe6a602ad53e1edd5f6f794ac", "bids": [{"price": "0.01", "size": "302.04"}, {"price": "0.02", "size": "100.48"}, {"price": "0.03", "size": "18.99"}, {"price": "0.04", "size": "29.99"}], "asks": [{"price": "0.99", "size": "294.79"}, {"price": "0.98", "size": "96.69"}, {"price": "0.97", "size": "9.53"}, {"price": "0.94", "size": "12.67"}], "event_type": "book", "last_trade_price": ""}, {"market": "0xc86e9656d38c5f006cb51bf1bdfa1e5b90a632d2c9cbf4c6f3e15aa9e34be297", "asset_id": "100904687155674326765601817752546749961630405169020182357454195192886816792582", "timestamp": "1769383980973", "hash": "e847973a00a1ecd395547f41fb810b7853914f71", "bids": [{"price": "0.01", "size": "11442.05"}, {"price": "0.03", "size": "28.16"}, {"price": "0.1", "size": "300"}, {"price": "0.11", "size": "890.11"}, {"price": "0.18", "size": "5.55"}], "asks": [{"price": "0.99", "size": "11439.99"}, {"price": "0.98", "size": "43.27"}, {"price": "0.96", "size": "5.47"}, {"price": "0.94", "size": "5.47"}, {"price": "0.93", "size": "5.47"}, {"price": "0.91", "size": "1140.11"}, {"price": "0.9", "size": "890.11"}], "event_type": "book", "last_trade_price": ""}, {"market": "0xd9261f30db9f4f13887bb7034962ccab0e0f7e0a00a5a892ee6695020826bfe4", "asset_id": "89686342503270167986446841122521338719128882966165149362478507209278270710085", "timestamp": "1769383979201", "hash": "f8de84b81909d281135e3272a8f3d3574debd670", "bids": [{"price": "0.01", "size": "302.04"}, {"price": "0.02", "size": "257.48"}, {"price": "0.03", "size": "18.99"}, {"price": "0.04", "size": "5.47"}], "asks": [{"price": "0.99", "size": "302.04"}, {"price": "0.98", "size": "275.48"}, {"price": "0.97", "size": "18.99"}, {"price": "0.96", "size": "29.99"}], "event_type": "book", "last_trade_price": ""}, {"market": "0x485ce1306dd172776d7a77cc89f586d6e25f88124e5892456d5ed7eea9090d73", "asset_id": "97528358565453323139050329739119863122720716621075724466897165338601927812963", "timestamp": "1769383982848", "hash": "c1c691d161888c5884aa7daf49eb0fc15122a89f", "bids": [{"price": "0.01", "size": "302.04"}, {"price": "0.02", "size": "100.48"}, {"price": "0.03", "size": "18.99"}, {"price": "0.04", "size": "29.99"}], "asks": [{"price": "0.99", "size": "303.63"}, {"price": "0.98", "size": "96.69"}, {"price": "0.97", "size": "20.99"}, {"price": "0.95", "size": "23.99"}, {"price": "0.94", "size": "5.47"}], "event_type": "book", "last_trade_price": ""}, {"market": "0x8960d9841cb0cfad6aa1c9d55067b42628b60560ae0a031b67972372b449ff92", "asset_id": "96534092401079138871902112518550779370486234549561591023672979476568161619882", "timestamp": "1769383886056", "hash": "3b9594d460d8bf82598c2f50f1ea06a6361be255", "bids": [{"price": "0.01", "size": "293.28"}, {"price": "0.02", "size": "255.94"}, {"price": "0.03", "size": "9.8"}, {"price": "0.06", "size": "12.04"}], "asks": [{"price": "0.99", "size": "302.04"}, {"price": "0.98", "size": "325.48"}, {"price": "0.97", "size": "18.99"}, {"price": "0.96", "size": "29.99"}], "event_type": "book", "last_trade_price": ""}, {"market": "0x3f2eb8f9cd6979afe707e4543d3043122a1cbba2ddc7a65e9ea97601248890ee", "asset_id": "102484701068555519192079347140364192632743634945213377300360113030189464221193", "timestamp": "1769383983192", "hash": "0c17070f62ae212756e8d8a7c891509bd88de334", "bids": [{"price": "0.01", "size": "11341.17"}, {"price": "0.02", "size": "8.05"}, {"price": "0.03", "size": "12.4"}, {"price": "0.05", "size": "1190.11"}, {"price": "0.06", "size": "895.44"}], "asks": [{"price": "0.99", "size": "10448.02"}, {"price": "0.98", "size": "4201.52"}, {"price": "0.93", "size": "10.94"}, {"price": "0.91", "size": "1140.11"}, {"price": "0.9", "size": "890.11"}], "event_type": "book", "last_trade_price": ""}]}
{"_local_timestamp": "2026-01-25T23:34:34.147932+00:00", "data": {"market": "0x485ce1306dd172776d7a77cc89f586d6e25f88124e5892456d5ed7eea9090d73", "price_changes": [{"asset_id": "87841825926106475440156310469671214425083954360844729142714800512646927152922", "price": "0.05", "size": "0", "side": "BUY", "hash": "12bebc72ac8d21a0ed869870c6982c6773c4ae9c", "best_bid": "0.06", "best_ask": "0.96"}, {"asset_id": "97528358565453323139050329739119863122720716621075724466897165338601927812963", "price": "0.95", "size": "0", "side": "SELL", "hash": "25b57eddcbc0d9ae88dbdcc839cda3510e0439d3", "best_bid": "0.04", "best_ask": "0.94"}], "timestamp": "1769384074075", "event_type": "price_change"}}
{"_local_timestamp": "2026-01-25T23:34:35.758727+00:00", "data": {"market": "0xd9261f30db9f4f13887bb7034962ccab0e0f7e0a00a5a892ee6695020826bfe4", "price_changes": [{"asset_id": "89686342503270167986446841122521338719128882966165149362478507209278270710085", "price": "0.05", "size": "23.99", "side": "BUY", "hash": "9ff369e60e747415132a7e9957863fa7fc7519dc", "best_bid": "0.05", "best_ask": "0.96"}, {"asset_id": "42821893875966871518449471814771135482213633848029529871803285715812246793674", "price": "0.95", "size": "23.99", "side": "SELL", "hash": "02c0394fb02c9999d60b14f7ebfbc0beeaad216d", "best_bid": "0.04", "best_ask": "0.95"}], "timestamp": "1769384075688", "event_type": "price_change"}}
{"_local_timestamp": "2026-01-25T23:34:39.019649+00:00", "data": {"market": "0x485ce1306dd172776d7a77cc89f586d6e25f88124e5892456d5ed7eea9090d73", "price_changes": [{"asset_id": "87841825926106475440156310469671214425083954360844729142714800512646927152922", "price": "0.06", "size": "0", "side": "BUY", "hash": "f51fe8004fe5bc605d7799bc4eb94feb85a17548", "best_bid": "0.03", "best_ask": "0.96"}, {"asset_id": "97528358565453323139050329739119863122720716621075724466897165338601927812963", "price": "0.94", "size": "0", "side": "SELL", "hash": "94f18af64c2c677f1511f84d0af95ecf0b571b27", "best_bid": "0.04", "best_ask": "0.97"}], "timestamp": "1769384078927", "event_type": "price_change"}}
{"_local_timestamp": "2026-01-25T23:34:39.027625+00:00", "data": {"market": "0xd9261f30db9f4f13887bb7034962ccab0e0f7e0a00a5a892ee6695020826bfe4", "price_changes": [{"asset_id": "89686342503270167986446841122521338719128882966165149362478507209278270710085", "price": "0.04", "size": "0", "side": "BUY", "hash": "6f8b84abbe7a0dc37b1b76a32958c94afa202883", "best_bid": "0.05", "best_ask": "0.96"}, {"asset_id": "42821893875966871518449471814771135482213633848029529871803285715812246793674", "price": "0.96", "size": "0", "side": "SELL", "hash": "d4021df6706aa70f525b3a7dc447d7f763f4559b", "best_bid": "0.04", "best_ask": "0.95"}], "timestamp": "1769384078927", "event_type": "price_change"}}
{"_local_timestamp": "2026-01-25T23:34:39.381775+00:00", "data": {"market": "0x485ce1306dd172776d7a77cc89f586d6e25f88124e5892456d5ed7eea9090d73", "price_changes": [{"asset_id": "87841825926106475440156310469671214425083954360844729142714800512646927152922", "price": "0.04", "size": "5.47", "side": "BUY", "hash": "9aa9781423c24d092ca65427f3223b8dd8542059", "best_bid": "0.04", "best_ask": "0.96"}, {"asset_id": "97528358565453323139050329739119863122720716621075724466897165338601927812963", "price": "0.96", "size": "5.47", "side": "SELL", "hash": "0aff2c5020183aa9de46b3b1ec63673bc861b41f", "best_bid": "0.04", "best_ask": "0.96"}], "timestamp": "1769384079248", "event_type": "price_change"}}
{"_local_timestamp": "2026-01-25T23:34:39.382157+00:00", "data": {"market": "0xd9261f30db9f4f13887bb7034962ccab0e0f7e0a00a5a892ee6695020826bfe4", "price_changes": [{"asset_id": "89686342503270167986446841122521338719128882966165149362478507209278270710085", "price": "0.06", "size": "5.47", "side": "BUY", "hash": "ddd7793ce59b9f609bddb38192c4249f76f3a794", "best_bid": "0.06", "best_ask": "0.96"}, {"asset_id": "42821893875966871518449471814771135482213633848029529871803285715812246793674", "price": "0.94", "size": "5.47", "side": "SELL", "hash": "24723f19922ee9295ac2740525b05bdd61c8ad05", "best_bid": "0.04", "best_ask": "0.94"}], "timestamp": "1769384079249", "event_type": "price_change"}}
{"_local_timestamp": "2026-01-25T23:34:44.216004+00:00", "data": {"market": "0xd3bec487721678dfe96c27d3055d2717d7d04e104f83d1502b32bea4436a952d", "price_changes": [{"asset_id": "113648131379277879753924959667041184881882806227484118809819396840767118223714", "price": "0.06", "size": "5.47", "side": "BUY", "hash": "b77623b9f9b25d9221b1ab477aaf8065d91fe22e", "best_bid": "0.06", "best_ask": "0.96"}, {"asset_id": "77855381230996067606750098735367294369035865859370005738242844881019056925725", "price": "0.94", "size": "5.47", "side": "SELL", "hash": "4ae6c8da1c35add71229a62a7c9492a6575f628a", "best_bid": "0.04", "best_ask": "0.94"}], "timestamp": "1769384084138", "event_type": "price_change"}}
{"_local_timestamp": "2026-01-25T23:34:44.469261+00:00", "data": {"market": "0xd3bec487721678dfe96c27d3055d2717d7d04e104f83d1502b32bea4436a952d", "price_changes": [{"asset_id": "113648131379277879753924959667041184881882806227484118809819396840767118223714", "price": "0.03", "size": "23.94", "side": "BUY", "hash": "e599d6098d2c579cd68ae3d661835f408a37b34a", "best_bid": "0.06", "best_ask": "0.96"}, {"asset_id": "77855381230996067606750098735367294369035865859370005738242844881019056925725", "price": "0.97", "size": "23.94", "side": "SELL", "hash": "79912819b483dec607871796479c0e22fce2ca79", "best_bid": "0.04", "best_ask": "0.94"}], "timestamp": "1769384084399", "event_type": "price_change"}}
{"_local_timestamp": "2026-01-25T23:34:46.096678+00:00", "data": {"market": "0xd3bec487721678dfe96c27d3055d2717d7d04e104f83d1502b32bea4436a952d", "price_changes": [{"asset_id": "113648131379277879753924959667041184881882806227484118809819396840767118223714", "price": "0.06", "size": "0", "side": "BUY", "hash": "c734e743b1eeec8c9cc1e8915269b12d4fdc50ee", "best_bid": "0.03", "best_ask": "0.96"}, {"asset_id": "77855381230996067606750098735367294369035865859370005738242844881019056925725", "price": "0.94", "size": "0", "side": "SELL", "hash": "4abb90aa09580c1a45c4b3560116407cdd5d8396", "best_bid": "0.04", "best_ask": "0.97"}], "timestamp": "1769384086008", "event_type": "price_change"}}
{"_local_timestamp": "2026-01-25T23:34:46.112709+00:00", "data": {"market": "0xd3bec487721678dfe96c27d3055d2717d7d04e104f83d1502b32bea4436a952d", "price_changes": [{"asset_id": "113648131379277879753924959667041184881882806227484118809819396840767118223714", "price": "0.04", "size": "5.47", "side": "BUY", "hash": "06285712e5e8e539ca79e812c43fe4e31c46d86b", "best_bid": "0.04", "best_ask": "0.96"}, {"asset_id": "77855381230996067606750098735367294369035865859370005738242844881019056925725", "price": "0.96", "size": "5.47", "side": "SELL", "hash": "c244cd73837133a0208331d731858e3a4b3a08ba", "best_bid": "0.04", "best_ask": "0.96"}], "timestamp": "1769384086042", "event_type": "price_change"}}
{"_local_timestamp": "2026-01-25T23:36:04.540939+00:00", "data": {"market": "0xd9261f30db9f4f13887bb7034962ccab0e0f7e0a00a5a892ee6695020826bfe4", "price_changes": [{"asset_id": "89686342503270167986446841122521338719128882966165149362478507209278270710085", "price": "0.05", "size": "0", "side": "BUY", "hash": "1ca42a6a301da5b6c973922622a706f058d876c0", "best_bid": "0.06", "best_ask": "0.96"}, {"asset_id": "42821893875966871518449471814771135482213633848029529871803285715812246793674", "price": "0.95", "size": "0", "side": "SELL", "hash": "bf9c2df37d39e1bc7ad879382d858b79ad390e42", "best_bid": "0.04", "best_ask": "0.94"}], "timestamp": "1769384164468", "event_type": "price_change"}}
{"_local_timestamp": "2026-01-25T23:36:05.906664+00:00", "data": {"market": "0xd9261f30db9f4f13887bb7034962ccab0e0f7e0a00a5a892ee6695020826bfe4", "price_changes": [{"asset_id": "89686342503270167986446841122521338719128882966165149362478507209278270710085", "price": "0.06", "size": "0", "side": "BUY", "hash": "55b8ffcd9d2d808fff5b24cfbb22598bbc3c72cf", "best_bid": "0.03", "best_ask": "0.96"}, {"asset_id": "42821893875966871518449471814771135482213633848029529871803285715812246793674", "price": "0.94", "size": "0", "side": "SELL", "hash": "f7c44367bd89d873f02900818f3817054faf8057", "best_bid": "0.04", "best_ask": "0.97"}], "timestamp": "1769384165831", "event_type": "price_change"}}
{"_local_timestamp": "2026-01-25T23:36:05.961851+00:00", "data": {"market": "0xd9261f30db9f4f13887bb7034962ccab0e0f7e0a00a5a892ee6695020826bfe4", "price_changes": [{"asset_id": "89686342503270167986446841122521338719128882966165149362478507209278270710085", "price": "0.04", "size": "5.47", "side": "BUY", "hash": "da4447ab0752d1a9305019cdba2a00afa9cbf80f", "best_bid": "0.04", "best_ask": "0.96"}, {"asset_id": "42821893875966871518449471814771135482213633848029529871803285715812246793674", "price": "0.96", "size": "5.47", "side": "SELL", "hash": "bb5096b1027149b892595068cb4c8dca071bf3e6", "best_bid": "0.04", "best_ask": "0.96"}], "timestamp": "1769384165880", "event_type": "price_change"}}
{"_local_timestamp": "2026-01-25T23:36:29.149017+00:00", "data": {"market": "0x3954ec303febb0420062456b4125d2faf5dd12fd702cb7f36601cc5bf7adf8cf", "price_changes": [{"asset_id": "18734145241804997171021886584889310771568155256660137995688218800340229317604", "price": "0.02", "size": "4162.9", "side": "BUY", "hash": "108c6c373818c64105e8124ad6151289916bdffa", "best_bid": "0.11", "best_ask": "0.9"}, {"asset_id": "64349311682857866827393360367739437779294412649231079613468610137061404516535", "price": "0.98", "size": "4162.9", "side": "SELL", "hash": "a3c05e8017cffe517985435603029fb9042921e0", "best_bid": "0.1", "best_ask": "0.89"}], "timestamp": "1769384189021", "event_type": "price_change"}}
{"_local_timestamp": "2026-01-25T23:36:29.247692+00:00", "data": {"market": "0x3954ec303febb0420062456b4125d2faf5dd12fd702cb7f36601cc5bf7adf8cf", "price_changes": [{"asset_id": "64349311682857866827393360367739437779294412649231079613468610137061404516535", "price": "0.01", "size": "10546.63", "side": "BUY", "hash": "94e5be2fc79af554b0febfa0aec2dddfa8f63b82", "best_bid": "0.1", "best_ask": "0.89"}, {"asset_id": "18734145241804997171021886584889310771568155256660137995688218800340229317604", "price": "0.99", "size": "10546.63", "side": "SELL", "hash": "3cf67baeb2672128bc9985207b7d8da4b0cf1fc0", "best_bid": "0.11", "best_ask": "0.9"}], "timestamp": "1769384189174", "event_type": "price_change"}}
{"_local_timestamp": "2026-01-25T23:36:29.248141+00:00", "data": {"market": "0x3954ec303febb0420062456b4125d2faf5dd12fd702cb7f36601cc5bf7adf8cf", "price_changes": [{"asset_id": "18734145241804997171021886584889310771568155256660137995688218800340229317604", "price": "0.02", "size": "5.58", "side": "BUY", "hash": "0611c7069bca5b453723e259bd7d896291d0b4e2", "best_bid": "0.11", "best_ask": "0.9"}, {"asset_id": "64349311682857866827393360367739437779294412649231079613468610137061404516535", "price": "0.98", "size": "5.58", "side": "SELL", "hash": "f69cc8956efa8bf10e193016ff8b27c772d60a75", "best_bid": "0.1", "best_ask": "0.89"}], "timestamp": "1769384189174", "event_type": "price_change"}}
{"_local_timestamp": "2026-01-25T23:36:29.732011+00:00", "data": {"market": "0x3954ec303febb0420062456b4125d2faf5dd12fd702cb7f36601cc5bf7adf8cf", "price_changes": [{"asset_id": "18734145241804997171021886584889310771568155256660137995688218800340229317604", "price": "0.03", "size": "26.01", "side": "BUY", "hash": "4e27577961dcbab7ad1791bcab407529416b70ea", "best_bid": "0.11", "best_ask": "0.9"}, {"asset_id": "64349311682857866827393360367739437779294412649231079613468610137061404516535", "price": "0.97", "size": "26.01", "side": "SELL", "hash": "5ccf4705542e575e821e37c237d1ef5a562150fe", "best_bid": "0.1", "best_ask": "0.89"}], "timestamp": "1769384189637", "event_type": "price_change"}}
{"_local_timestamp": "2026-01-25T23:36:30.111760+00:00", "data": {"market": "0x3f2eb8f9cd6979afe707e4543d3043122a1cbba2ddc7a65e9ea97601248890ee", "price_changes": [{"asset_id": "88259995135008213692905889764500357581849606230487472831822828846742426729203", "price": "0.02", "size": "4165.18", "side": "BUY", "hash": "51e115bf6a18faf2b7bb0f1b408e730e5e4887a5", "best_bid": "0.1", "best_ask": "0.94"}, {"asset_id": "102484701068555519192079347140364192632743634945213377300360113030189464221193", "price": "0.98", "size": "4165.18", "side": "SELL", "hash": "66a6b3ad3b48a1f7172f9c122fa52544a6e112f3", "best_bid": "0.06", "best_ask": "0.9"}], "timestamp": "1769384190044", "event_type": "price_change"}}
{"_local_timestamp": "2026-01-25T23:36:30.115456+00:00", "data": {"market": "0x3788b720cd8df3e46d5700fdf1fcb2006d57d1896822f69350960d83a7f6f2c3", "price_changes": [{"asset_id": "82941787026169217016577064856639835191868871934790509742804812814935908621037", "price": "0.01", "size": "8584.32", "side": "BUY", "hash": "4636e5c2d121640a013adb1880badbc22a01b5a0", "best_bid": "0.32", "best_ask": "0.57"}, {"asset_id": "83260965155425071750789202687088676838918123979784508430901911692764221989918", "price": "0.99", "size": "8584.32", "side": "SELL", "hash": "c61576fe1b3dd14a6de76b5510c975daff4b3de4", "best_bid": "0.43", "best_ask": "0.68"}], "timestamp": "1769384190044", "event_type": "price_change"}}
{"_local_timestamp": "2026-01-25T23:36:30.127083+00:00", "data": {"market": "0x3788b720cd8df3e46d5700fdf1fcb2006d57d1896822f69350960d83a7f6f2c3", "price_changes": [{"asset_id": "82941787026169217016577064856639835191868871934790509742804812814935908621037", "price": "0.03", "size": "4157.32", "side": "BUY", "hash": "4636e5c2d121640a013adb1880badbc22a01b5a0", "best_bid": "0.32", "best_ask": "0.57"}, {"asset_id": "83260965155425071750789202687088676838918123979784508430901911692764221989918", "price": "0.97", "size": "4157.32", "side": "SELL", "hash": "c61576fe1b3dd14a6de76b5510c975daff4b3de4", "best_bid": "0.43", "best_ask": "0.68"}], "timestamp": "1769384190044", "event_type": "price_change"}}
{"_local_timestamp": "2026-01-25T23:36:30.193018+00:00", "data": {"market": "0x3f2eb8f9cd6979afe707e4543d3043122a1cbba2ddc7a65e9ea97601248890ee", "price_changes": [{"asset_id": "88259995135008213692905889764500357581849606230487472831822828846742426729203", "price": "0.02", "size": "7.86", "side": "BUY", "hash": "12b739c9a82fb150b56ea9a7de9b6bb38f30688e", "best_bid": "0.1", "best_ask": "0.94"}, {"asset_id": "102484701068555519192079347140364192632743634945213377300360113030189464221193", "price": "0.98", "size": "7.86", "side": "SELL", "hash": "41d2a1894981474eea640aa8715da5434b9b894d", "best_bid": "0.06", "best_ask": "0.9"}], "timestamp": "1769384190124", "event_type": "price_change"}}
{"_local_timestamp": "2026-01-25T23:36:30.193476+00:00", "data": {"market": "0x3f2eb8f9cd6979afe707e4543d3043122a1cbba2ddc7a65e9ea97601248890ee", "price_changes": [{"asset_id": "102484701068555519192079347140364192632743634945213377300360113030189464221193", "price": "0.01", "size": "10451.06", "side": "BUY", "hash": "616056245ea5939b9ec843775e7a771e6101010b", "best_bid": "0.06", "best_ask": "0.9"}, {"asset_id": "88259995135008213692905889764500357581849606230487472831822828846742426729203", "price": "0.99", "size": "10451.06", "side": "SELL", "hash": "11e4eed82510ade4ad3acb921b1eabff93104338", "best_bid": "0.1", "best_ask": "0.94"}], "timestamp": "1769384190124", "event_type": "price_change"}}
{"_local_timestamp": "2026-01-25T23:36:31.276192+00:00", "data": {"market": "0x3788b720cd8df3e46d5700fdf1fcb2006d57d1896822f69350960d83a7f6f2c3", "price_changes": [{"asset_id": "82941787026169217016577064856639835191868871934790509742804812814935908621037", "price": "0.02", "size": "1155.41", "side": "BUY", "hash": "761f0f84d8db2eff18e2b75dea4e23083fb097a7", "best_bid": "0.32", "best_ask": "0.57"}, {"asset_id": "83260965155425071750789202687088676838918123979784508430901911692764221989918", "price": "0.98", "size": "1155.41", "side": "SELL", "hash": "e74fff49cfd9b6520e37ef9a4ff7786a371abbe9", "best_bid": "0.43", "best_ask": "0.68"}], "timestamp": "1769384191207", "event_type": "price_change"}}
{"_local_timestamp": "2026-01-25T23:36:31.276819+00:00", "data": {"market": "0x3f2eb8f9cd6979afe707e4543d3043122a1cbba2ddc7a65e9ea97601248890ee", "price_changes": [{"asset_id": "88259995135008213692905889764500357581849606230487472831822828846742426729203", "price": "0.03", "size": "24.23", "side": "BUY", "hash": "60908a89aff9925541346f052e66bd7207c54e3b", "best_bid": "0.1", "best_ask": "0.94"}, {"asset_id": "102484701068555519192079347140364192632743634945213377300360113030189464221193", "price": "0.97", "size": "24.23", "side": "SELL", "hash": "4e1f3ef8be91eac9e9c4273bf7cbc0f567846bb4", "best_bid": "0.06", "best_ask": "0.9"}], "timestamp": "1769384191207", "event_type": "price_change"}}
{"_local_timestamp": "2026-01-25T23:36:31.288373+00:00", "data": {"market": "0x3788b720cd8df3e46d5700fdf1fcb2006d57d1896822f69350960d83a7f6f2c3", "price_changes": [{"asset_id": "82941787026169217016577064856639835191868871934790509742804812814935908621037", "price": "0.04", "size": "6.66", "side": "BUY", "hash": "18b478878ca043597f01457d2ac7114532b3fe90", "best_bid": "0.32", "best_ask": "0.57"}, {"asset_id": "83260965155425071750789202687088676838918123979784508430901911692764221989918", "price": "0.96", "size": "6.66", "side": "SELL", "hash": "425ecfa76153d0565efe1f397bbf20397b739881", "best_bid": "0.43", "best_ask": "0.68"}], "timestamp": "1769384191208", "event_type": "price_change"}}
{"_local_timestamp": "2026-01-25T23:36:31.764411+00:00", "data": {"market": "0x3f2eb8f9cd6979afe707e4543d3043122a1cbba2ddc7a65e9ea97601248890ee", "price_changes": [{"asset_id": "102484701068555519192079347140364192632743634945213377300360113030189464221193", "price": "0.03", "size": "0", "side": "BUY", "hash": "174f1fc170237956b42a901b004a293915d560cc", "best_bid": "0.06", "best_ask": "0.9"}, {"asset_id": "88259995135008213692905889764500357581849606230487472831822828846742426729203", "price": "0.97", "size": "0", "side": "SELL", "hash": "8889d07e0e2bb1cbb18a1e84145e36d6cfaa5353", "best_bid": "0.1", "best_ask": "0.94"}], "timestamp": "1769384191677", "event_type": "price_change"}}
{"_local_timestamp": "2026-01-25T23:36:32.400511+00:00", "data": {"market": "0x3f2eb8f9cd6979afe707e4543d3043122a1cbba2ddc7a65e9ea97601248890ee", "price_changes": [{"asset_id": "102484701068555519192079347140364192632743634945213377300360113030189464221193", "price": "0.02", "size": "26.69", "side": "BUY", "hash": "58b939aaa1a2dab27b3923f3e9d4a661d5e7c0f8", "best_bid": "0.06", "best_ask": "0.9"}, {"asset_id": "88259995135008213692905889764500357581849606230487472831822828846742426729203", "price": "0.98", "size": "26.69", "side": "SELL", "hash": "bf8957abb8c420de570067e35bf62fbd399c0ea4", "best_bid": "0.1", "best_ask": "0.94"}], "timestamp": "1769384192327", "event_type": "price_change"}}
{"_local_timestamp": "2026-01-25T23:36:33.873544+00:00", "data": {"market": "0x8960d9841cb0cfad6aa1c9d55067b42628b60560ae0a031b67972372b449ff92", "price_changes": [{"asset_id": "96534092401079138871902112518550779370486234549561591023672979476568161619882", "price": "0.06", "size": "5.47", "side": "BUY", "hash": "d4fbde30fa5ad95e6165a4069fd48237c262a128", "best_bid": "0.06", "best_ask": "0.96"}, {"asset_id": "61963817687278949156561457702289203016562578262296881296974026720247149064615", "price": "0.94", "size": "5.47", "side": "SELL", "hash": "55fac84dd367188288b80f10febc64461045e24a", "best_bid": "0.04", "best_ask": "0.94"}], "timestamp": "1769384193789", "event_type": "price_change"}}
{"_local_timestamp": "2026-01-25T23:36:33.874086+00:00", "data": {"market": "0xc86e9656d38c5f006cb51bf1bdfa1e5b90a632d2c9cbf4c6f3e15aa9e34be297", "price_changes": [{"asset_id": "100904687155674326765601817752546749961630405169020182357454195192886816792582", "price": "0.01", "size": "11434.04", "side": "BUY", "hash": "898dc2993606b15e603e6f3feeb3a103860e4d42", "best_bid": "0.18", "best_ask": "0.9"}, {"asset_id": "75817408377548610766665809770044466675141164601276055493067377670196650120168", "price": "0.99", "size": "11434.04", "side": "SELL", "hash": "20ae1d73304b5f9126f0e07deb40dc1e012773b9", "best_bid": "0.1", "best_ask": "0.82"}], "timestamp": "1769384193789", "event_type": "price_change"}}
{"_local_timestamp": "2026-01-25T23:36:33.874458+00:00", "data": {"market": "0xc86e9656d38c5f006cb51bf1bdfa1e5b90a632d2c9cbf4c6f3e15aa9e34be297", "price_changes": [{"asset_id": "100904687155674326765601817752546749961630405169020182357454195192886816792582", "price": "0.03", "size": "0", "side": "BUY", "hash": "898dc2993606b15e603e6f3feeb3a103860e4d42", "best_bid": "0.18", "best_ask": "0.9"}, {"asset_id": "75817408377548610766665809770044466675141164601276055493067377670196650120168", "price": "0.97", "size": "0", "side": "SELL", "hash": "20ae1d73304b5f9126f0e07deb40dc1e012773b9", "best_bid": "0.1", "best_ask": "0.82"}], "timestamp": "1769384193789", "event_type": "price_change"}}
{"_local_timestamp": "2026-01-25T23:36:33.926521+00:00", "data": {"market": "0xc86e9656d38c5f006cb51bf1bdfa1e5b90a632d2c9cbf4c6f3e15aa9e34be297", "price_changes": [{"asset_id": "100904687155674326765601817752546749961630405169020182357454195192886816792582", "price": "0.01", "size": "10543.93", "side": "BUY", "hash": "091c7c9a76e3fe8bce079781c42055b5fb09762f", "best_bid": "0.18", "best_ask": "0.9"}, {"asset_id": "75817408377548610766665809770044466675141164601276055493067377670196650120168", "price": "0.99", "size": "10543.93", "side": "SELL", "hash": "7b5f49bf147048a1be993717f1e25fb1f950eba7", "best_bid": "0.1", "best_ask": "0.82"}], "timestamp": "1769384193850", "event_type": "price_change"}}
{"_local_timestamp": "2026-01-25T23:36:33.927433+00:00", "data": {"market": "0xc86e9656d38c5f006cb51bf1bdfa1e5b90a632d2c9cbf4c6f3e15aa9e34be297", "price_changes": [{"asset_id": "75817408377548610766665809770044466675141164601276055493067377670196650120168", "price": "0.01", "size": "10549.88", "side": "BUY", "hash": "fd9da42faa025a0d88dffbdcd6c3a86bae5abc03", "best_bid": "0.1", "best_ask": "0.82"}, {"asset_id": "100904687155674326765601817752546749961630405169020182357454195192886816792582", "price": "0.99", "size": "10549.88", "side": "SELL", "hash": "ddf378d69b3be054f34ecf6261c50566da82c2b7", "best_bid": "0.18", "best_ask": "0.9"}], "timestamp": "1769384193850", "event_type": "price_change"}}
{"_local_timestamp": "2026-01-25T23:36:34.161430+00:00", "data": {"market": "0x8960d9841cb0cfad6aa1c9d55067b42628b60560ae0a031b67972372b449ff92", "price_changes": [{"asset_id": "96534092401079138871902112518550779370486234549561591023672979476568161619882", "price": "0.03", "size": "22.94", "side": "BUY", "hash": "951fce05b06e26dc70bb07ac422ece26018fcab5", "best_bid": "0.06", "best_ask": "0.96"}, {"asset_id": "61963817687278949156561457702289203016562578262296881296974026720247149064615", "price": "0.97", "size": "22.94", "side": "SELL", "hash": "3e2d6d7284a7c5fd3d6d97725353b7230d46325f", "best_bid": "0.04", "best_ask": "0.94"}], "timestamp": "1769384194063", "event_type": "price_change"}}
{"_local_timestamp": "2026-01-25T23:36:34.162624+00:00", "data": {"market": "0xc86e9656d38c5f006cb51bf1bdfa1e5b90a632d2c9cbf4c6f3e15aa9e34be297", "price_changes": [{"asset_id": "100904687155674326765601817752546749961630405169020182357454195192886816792582", "price": "0.02", "size": "46.25", "side": "BUY", "hash": "98441e298162a828a054eb83d175fad41eba8813", "best_bid": "0.18", "best_ask": "0.9"}, {"asset_id": "75817408377548610766665809770044466675141164601276055493067377670196650120168", "price": "0.98", "size": "46.25", "side": "SELL", "hash": "45c8ac17b628b1cbcd28e7d1f6b5be5a3f705a32", "best_bid": "0.1", "best_ask": "0.82"}], "timestamp": "1769384194063", "event_type": "price_change"}}
{"_local_timestamp": "2026-01-25T23:36:36.177668+00:00", "data": {"market": "0x8960d9841cb0cfad6aa1c9d55067b42628b60560ae0a031b67972372b449ff92", "price_changes": [{"asset_id": "96534092401079138871902112518550779370486234549561591023672979476568161619882", "price": "0.06", "size": "0", "side": "BUY", "hash": "af1e9b15dc210319ff30bfa914c937cb30c6289c", "best_bid": "0.03", "best_ask": "0.96"}, {"asset_id": "61963817687278949156561457702289203016562578262296881296974026720247149064615", "price": "0.94", "size": "0", "side": "SELL", "hash": "47964628246eea0cb1b978e378f878ceee1bcae0", "best_bid": "0.04", "best_ask": "0.97"}], "timestamp": "1769384196081", "event_type": "price_change"}}
{"_local_timestamp": "2026-01-25T23:36:36.194902+00:00", "data": {"market": "0x8960d9841cb0cfad6aa1c9d55067b42628b60560ae0a031b67972372b449ff92", "price_changes": [{"asset_id": "96534092401079138871902112518550779370486234549561591023672979476568161619882", "price": "0.04", "size": "5.47", "side": "BUY", "hash": "817b151734be92df5f37e4c123be1ceb76c66a3c", "best_bid": "0.04", "best_ask": "0.96"}, {"asset_id": "61963817687278949156561457702289203016562578262296881296974026720247149064615", "price": "0.96", "size": "5.47", "side": "SELL", "hash": "35f00e8af10f2dfe4baaad77b9b369bd58fb0e11", "best_bid": "0.04", "best_ask": "0.96"}], "timestamp": "1769384196118", "event_type": "price_change"}}
{"_local_timestamp": "2026-01-25T23:36:58.184233+00:00", "data": {"market": "0xc86e9656d38c5f006cb51bf1bdfa1e5b90a632d2c9cbf4c6f3e15aa9e34be297", "price_changes": [{"asset_id": "100904687155674326765601817752546749961630405169020182357454195192886816792582", "price": "0.1", "size": "890.11", "side": "BUY", "hash": "3eaefbaf4c9b8419f0de28aa5151377b7a02a43f", "best_bid": "0.18", "best_ask": "0.9"}, {"asset_id": "75817408377548610766665809770044466675141164601276055493067377670196650120168", "price": "0.9", "size": "890.11", "side": "SELL", "hash": "9537116efe5fd0f83b620159d345319a7df7fdb1", "best_bid": "0.1", "best_ask": "0.82"}], "timestamp": "1769384218085", "event_type": "price_change"}}
{"_local_timestamp": "2026-01-25T23:36:58.286237+00:00", "data": {"market": "0x3788b720cd8df3e46d5700fdf1fcb2006d57d1896822f69350960d83a7f6f2c3", "price_changes": [{"asset_id": "82941787026169217016577064856639835191868871934790509742804812814935908621037", "price": "0.12", "size": "965.11", "side": "BUY", "hash": "94a18226653ce96260ac6e89ffdbf8cca0524fea", "best_bid": "0.32", "best_ask": "0.57"}, {"asset_id": "83260965155425071750789202687088676838918123979784508430901911692764221989918", "price": "0.88", "size": "965.11", "side": "SELL", "hash": "73eae78f0829c41477ab37f725952e755dbe5624", "best_bid": "0.43", "best_ask": "0.68"}], "timestamp": "1769384218089", "event_type": "price_change"}}
{"_local_timestamp": "2026-01-25T23:36:58.346096+00:00", "data": {"market": "0xc86e9656d38c5f006cb51bf1bdfa1e5b90a632d2c9cbf4c6f3e15aa9e34be297", "price_changes": [{"asset_id": "100904687155674326765601817752546749961630405169020182357454195192886816792582", "price": "0.02", "size": "936.36", "side": "BUY", "hash": "ba95721a105e29304be97e3a022867ce4bfe9bc8", "best_bid": "0.18", "best_ask": "0.9"}, {"asset_id": "75817408377548610766665809770044466675141164601276055493067377670196650120168", "price": "0.98", "size": "936.36", "side": "SELL", "hash": "b213e122858266dc0a3781c27d2477c3e8be4122", "best_bid": "0.1", "best_ask": "0.82"}], "timestamp": "1769384218157", "event_type": "price_change"}}
{"_local_timestamp": "2026-01-25T23:36:58.346589+00:00", "data": {"market": "0xc86e9656d38c5f006cb51bf1bdfa1e5b90a632d2c9cbf4c6f3e15aa9e34be297", "price_changes": [{"asset_id": "100904687155674326765601817752546749961630405169020182357454195192886816792582", "price": "0.01", "size": "11434.04", "side": "BUY", "hash": "fe9cec5e1dd64c1348928fa054fab21619891f76", "best_bid": "0.18", "best_ask": "0.9"}, {"asset_id": "75817408377548610766665809770044466675141164601276055493067377670196650120168", "price": "0.99", "size": "11434.04", "side": "SELL", "hash": "ab2a03aec30c675cb6e42d2ac4a1906f28deafca", "best_bid": "0.1", "best_ask": "0.82"}], "timestamp": "1769384218158", "event_type": "price_change"}}
{"_local_timestamp": "2026-01-25T23:36:58.466015+00:00", "data": {"market": "0x3788b720cd8df3e46d5700fdf1fcb2006d57d1896822f69350960d83a7f6f2c3", "price_changes": [{"asset_id": "82941787026169217016577064856639835191868871934790509742804812814935908621037", "price": "0.1", "size": "1095.84", "side": "BUY", "hash": "5c4a966a4d0f2f054a91dcab04598b11b6294861", "best_bid": "0.32", "best_ask": "0.57"}, {"asset_id": "83260965155425071750789202687088676838918123979784508430901911692764221989918", "price": "0.9", "size": "1095.84", "side": "SELL", "hash": "03671cb0f412054ea9170eb2e04049cd5f17eb1e", "best_bid": "0.43", "best_ask": "0.68"}], "timestamp": "1769384218381", "event_type": "price_change"}}
{"_local_timestamp": "2026-01-25T23:36:58.466505+00:00", "data": {"market": "0x3788b720cd8df3e46d5700fdf1fcb2006d57d1896822f69350960d83a7f6f2c3", "price_changes": [{"asset_id": "82941787026169217016577064856639835191868871934790509742804812814935908621037", "price": "0.11", "size": "1015.11", "side": "BUY", "hash": "62fa3290e97661e0753c802e5084cc005b4289c3", "best_bid": "0.32", "best_ask": "0.57"}, {"asset_id": "83260965155425071750789202687088676838918123979784508430901911692764221989918", "price": "0.89", "size": "1015.11", "side": "SELL", "hash": "a851859661c87c241f5697de4f19b53058fbcbc0", "best_bid": "0.43", "best_ask": "0.68"}], "timestamp": "1769384218382", "event_type": "price_change"}}
{"_local_timestamp": "2026-01-25T23:37:56.558147+00:00", "data": {"market": "0xc86e9656d38c5f006cb51bf1bdfa1e5b90a632d2c9cbf4c6f3e15aa9e34be297", "price_changes": [{"asset_id": "100904687155674326765601817752546749961630405169020182357454195192886816792582", "price": "0.12", "size": "300", "side": "BUY", "hash": "f39c6029892f9f35a743ddb109ae668d607ec6ea", "best_bid": "0.18", "best_ask": "0.9"}, {"asset_id": "75817408377548610766665809770044466675141164601276055493067377670196650120168", "price": "0.88", "size": "300", "side": "SELL", "hash": "c0c503224c76883249c6d75ccbed4e05846ea86c", "best_bid": "0.1", "best_ask": "0.82"}], "timestamp": "1769384276483", "event_type": "price_change"}}
{"_local_timestamp": "2026-01-25T23:37:56.558669+00:00", "data": {"market": "0x3788b720cd8df3e46d5700fdf1fcb2006d57d1896822f69350960d83a7f6f2c3", "price_changes": [{"asset_id": "82941787026169217016577064856639835191868871934790509742804812814935908621037", "price": "0.14", "size": "300", "side": "BUY", "hash": "63b6f0c02c96d97e085b45dfa6df1fd6f4ba41df", "best_bid": "0.32", "best_ask": "0.57"}, {"asset_id": "83260965155425071750789202687088676838918123979784508430901911692764221989918", "price": "0.86", "size": "300", "side": "SELL", "hash": "2f9baf73a1bcd93db8019a667746a2e7221301b2", "best_bid": "0.43", "best_ask": "0.68"}], "timestamp": "1769384276483", "event_type": "price_change"}}
{"_local_timestamp": "2026-01-25T23:37:56.612941+00:00", "data": {"market": "0xc86e9656d38c5f006cb51bf1bdfa1e5b90a632d2c9cbf4c6f3e15aa9e34be297", "price_changes": [{"asset_id": "100904687155674326765601817752546749961630405169020182357454195192886816792582", "price": "0.13", "size": "890.11", "side": "BUY", "hash": "9d6718f1d37f0952ddcbd296a89341977313242c", "best_bid": "0.18", "best_ask": "0.9"}, {"asset_id": "75817408377548610766665809770044466675141164601276055493067377670196650120168", "price": "0.87", "size": "890.11", "side": "SELL", "hash": "f622b2d304f47bd6cd7d01c2cbc063874259ebaa", "best_bid": "0.1", "best_ask": "0.82"}], "timestamp": "1769384276531", "event_type": "price_change"}}
{"_local_timestamp": "2026-01-25T23:37:56.613636+00:00", "data": {"market": "0x3788b720cd8df3e46d5700fdf1fcb2006d57d1896822f69350960d83a7f6f2c3", "price_changes": [{"asset_id": "82941787026169217016577064856639835191868871934790509742804812814935908621037", "price": "0.15", "size": "890.11", "side": "BUY", "hash": "8fbe153e90aac4be855741d00b6d34024a67a522", "best_bid": "0.32", "best_ask": "0.57"}, {"asset_id": "83260965155425071750789202687088676838918123979784508430901911692764221989918", "price": "0.85", "size": "890.11", "side": "SELL", "hash": "a7e234d932871e96b78680222537030d0d3ec5cc", "best_bid": "0.43", "best_ask": "0.68"}], "timestamp": "1769384276531", "event_type": "price_change"}}
{"_local_timestamp": "2026-01-25T23:37:56.614019+00:00", "data": {"market": "0xc86e9656d38c5f006cb51bf1bdfa1e5b90a632d2c9cbf4c6f3e15aa9e34be297", "price_changes": [{"asset_id": "100904687155674326765601817752546749961630405169020182357454195192886816792582", "price": "0.12", "size": "1190.11", "side": "BUY", "hash": "827753e2fc348c64155a4dc0b8f3454a780fb9b1", "best_bid": "0.18", "best_ask": "0.9"}, {"asset_id": "75817408377548610766665809770044466675141164601276055493067377670196650120168", "price": "0.88", "size": "1190.11", "side": "SELL", "hash": "244dc27c18fa85ce5996f7db961e5dcf00f9f659", "best_bid": "0.1", "best_ask": "0.82"}], "timestamp": "1769384276531", "event_type": "price_change"}}
{"_local_timestamp": "2026-01-25T23:37:56.614407+00:00", "data": {"market": "0x3788b720cd8df3e46d5700fdf1fcb2006d57d1896822f69350960d83a7f6f2c3", "price_changes": [{"asset_id": "82941787026169217016577064856639835191868871934790509742804812814935908621037", "price": "0.14", "size": "1190.11", "side": "BUY", "hash": "845016bddad3c1231b165d95d466cb23fc297ace", "best_bid": "0.32", "best_ask": "0.57"}, {"asset_id": "83260965155425071750789202687088676838918123979784508430901911692764221989918", "price": "0.86", "size": "1190.11", "side": "SELL", "hash": "39ef1fda98a8aae67fee2447bd54902f578bed88", "best_bid": "0.43", "best_ask": "0.68"}], "timestamp": "1769384276531", "event_type": "price_change"}}
{"_local_timestamp": "2026-01-25T23:37:56.635941+00:00", "data": {"market": "0x3788b720cd8df3e46d5700fdf1fcb2006d57d1896822f69350960d83a7f6f2c3", "price_changes": [{"asset_id": "82941787026169217016577064856639835191868871934790509742804812814935908621037", "price": "0.13", "size": "0", "side": "BUY", "hash": "e6f142dae3668e578c62bdffcf814935989db5fe", "best_bid": "0.32", "best_ask": "0.57"}, {"asset_id": "83260965155425071750789202687088676838918123979784508430901911692764221989918", "price": "0.87", "size": "0", "side": "SELL", "hash": "44a6590a62020e149dc110d64e13363c3a6e6a11", "best_bid": "0.43", "best_ask": "0.68"}], "timestamp": "1769384276560", "event_type": "price_change"}}
{"_local_timestamp": "2026-01-25T23:37:56.636570+00:00", "data": {"market": "0x3788b720cd8df3e46d5700fdf1fcb2006d57d1896822f69350960d83a7f6f2c3", "price_changes": [{"asset_id": "82941787026169217016577064856639835191868871934790509742804812814935908621037", "price": "0.12", "size": "75", "side": "BUY", "hash": "e6f142dae3668e578c62bdffcf814935989db5fe", "best_bid": "0.32", "best_ask": "0.57"}, {"asset_id": "83260965155425071750789202687088676838918123979784508430901911692764221989918", "price": "0.88", "size": "75", "side": "SELL", "hash": "44a6590a62020e149dc110d64e13363c3a6e6a11", "best_bid": "0.43", "best_ask": "0.68"}], "timestamp": "1769384276560", "event_type": "price_change"}}
{"_local_timestamp": "2026-01-25T23:37:56.637050+00:00", "data": {"market": "0xc86e9656d38c5f006cb51bf1bdfa1e5b90a632d2c9cbf4c6f3e15aa9e34be297", "price_changes": [{"asset_id": "100904687155674326765601817752546749961630405169020182357454195192886816792582", "price": "0.11", "size": "0", "side": "BUY", "hash": "d839bea103d6ba2be965b82c8596ed1678daf4b6", "best_bid": "0.18", "best_ask": "0.9"}, {"asset_id": "75817408377548610766665809770044466675141164601276055493067377670196650120168", "price": "0.89", "size": "0", "side": "SELL", "hash": "64e61dc40a89e8bdb1af7e2434b841878e03077c", "best_bid": "0.1", "best_ask": "0.82"}], "timestamp": "1769384276560", "event_type": "price_change"}}
{"_local_timestamp": "2026-01-25T23:37:56.637522+00:00", "data": {"market": "0xc86e9656d38c5f006cb51bf1bdfa1e5b90a632d2c9cbf4c6f3e15aa9e34be297", "price_changes": [{"asset_id": "100904687155674326765601817752546749961630405169020182357454195192886816792582", "price": "0.1", "size": "0", "side": "BUY", "hash": "d839bea103d6ba2be965b82c8596ed1678daf4b6", "best_bid": "0.18", "best_ask": "0.9"}, {"asset_id": "75817408377548610766665809770044466675141164601276055493067377670196650120168", "price": "0.9", "size": "0", "side": "SELL", "hash": "64e61dc40a89e8bdb1af7e2434b841878e03077c", "best_bid": "0.1", "best_ask": "0.82"}], "timestamp": "1769384276560", "event_type": "price_change"}}
{"_local_timestamp": "2026-01-25T23:37:56.838970+00:00", "data": {"market": "0xc86e9656d38c5f006cb51bf1bdfa1e5b90a632d2c9cbf4c6f3e15aa9e34be297", "price_changes": [{"asset_id": "100904687155674326765601817752546749961630405169020182357454195192886816792582", "price": "0.14", "size": "1270.1", "side": "BUY", "hash": "8d77ba4014915c363c3a3ff81e3dd03d4516f171", "best_bid": "0.18", "best_ask": "0.9"}, {"asset_id": "75817408377548610766665809770044466675141164601276055493067377670196650120168", "price": "0.86", "size": "1270.1", "side": "SELL", "hash": "202110dcb56f0940b338536e14f1f45f5949adc7", "best_bid": "0.1", "best_ask": "0.82"}], "timestamp": "1769384276758", "event_type": "price_change"}}
{"_local_timestamp": "2026-01-25T23:37:56.839447+00:00", "data": {"market": "0x3788b720cd8df3e46d5700fdf1fcb2006d57d1896822f69350960d83a7f6f2c3", "price_changes": [{"asset_id": "82941787026169217016577064856639835191868871934790509742804812814935908621037", "price": "0.16", "size": "890.11", "side": "BUY", "hash": "779ecd8f184091eb9b2820502bb35780be2dc6e5", "best_bid": "0.32", "best_ask": "0.57"}, {"asset_id": "83260965155425071750789202687088676838918123979784508430901911692764221989918", "price": "0.84", "size": "890.11", "side": "SELL", "hash": "ed021e40ad25a2ae7f90dbc507538cd702f23db5", "best_bid": "0.43", "best_ask": "0.68"}], "timestamp": "1769384276758", "event_type": "price_change"}}
{"_local_timestamp": "2026-01-25T23:37:56.839862+00:00", "data": {"market": "0xc86e9656d38c5f006cb51bf1bdfa1e5b90a632d2c9cbf4c6f3e15aa9e34be297", "price_changes": [{"asset_id": "100904687155674326765601817752546749961630405169020182357454195192886816792582", "price": "0.14", "size": "3267.21", "side": "BUY", "hash": "1bf8fa2890424443eee276e3646f78fa542dc6d4", "best_bid": "0.18", "best_ask": "0.9"}, {"asset_id": "75817408377548610766665809770044466675141164601276055493067377670196650120168", "price": "0.86", "size": "3267.21", "side": "SELL", "hash": "292f972132af51ac644b3b86bc79e7ca2ddd3d6a", "best_bid": "0.1", "best_ask": "0.82"}], "timestamp": "1769384276759", "event_type": "price_change"}}
{"_local_timestamp": "2026-01-25T23:37:56.840276+00:00", "data": {"market": "0x3788b720cd8df3e46d5700fdf1fcb2006d57d1896822f69350960d83a7f6f2c3", "price_changes": [{"asset_id": "82941787026169217016577064856639835191868871934790509742804812814935908621037", "price": "0.16", "size": "2160.21", "side": "BUY", "hash": "23a3fc4d50f8732252f12e7cca5118150e7a21ef", "best_bid": "0.32", "best_ask": "0.57"}, {"asset_id": "83260965155425071750789202687088676838918123979784508430901911692764221989918", "price": "0.84", "size": "2160.21", "side": "SELL", "hash": "1c01a18153949075acac4615cfede9f3d39fa75f", "best_bid": "0.43", "best_ask": "0.68"}], "timestamp": "1769384276759", "event_type": "price_change"}}
{"_local_timestamp": "2026-01-25T23:37:56.840684+00:00", "data": {"market": "0xc86e9656d38c5f006cb51bf1bdfa1e5b90a632d2c9cbf4c6f3e15aa9e34be297", "price_changes": [{"asset_id": "100904687155674326765601817752546749961630405169020182357454195192886816792582", "price": "0.14", "size": "4157.32", "side": "BUY", "hash": "670fce07f04593ddb434dd2df276883bd5d6dbfa", "best_bid": "0.18", "best_ask": "0.9"}, {"asset_id": "75817408377548610766665809770044466675141164601276055493067377670196650120168", "price": "0.86", "size": "4157.32", "side": "SELL", "hash": "974383b63e23defa268a69edff2539d474c6642c", "best_bid": "0.1", "best_ask": "0.82"}], "timestamp": "1769384276760", "event_type": "price_change"}}
{"_local_timestamp": "2026-01-25T23:37:56.841085+00:00", "data": {"market": "0x3788b720cd8df3e46d5700fdf1fcb2006d57d1896822f69350960d83a7f6f2c3", "price_changes": [{"asset_id": "82941787026169217016577064856639835191868871934790509742804812814935908621037", "price": "0.16", "size": "4157.32", "side": "BUY", "hash": "e56d199c497c163aa910bbfe3953170d3ea5cd8b", "best_bid": "0.32", "best_ask": "0.57"}, {"asset_id": "83260965155425071750789202687088676838918123979784508430901911692764221989918", "price": "0.84", "size": "4157.32", "side": "SELL", "hash": "5e00d4a57ed925add75a22e41ae8a739d78e7e65", "best_bid": "0.43", "best_ask": "0.68"}], "timestamp": "1769384276760", "event_type": "price_change"}}
