{"_local_timestamp": "2026-01-25T23:34:34.338654+00:00", "data": [{"market": "0xe5a0256c8d27098050920679f481e66e37881894b53e6c05435be20970e11b56", "asset_id": "42954482129163122731065291230958424227339073063901131650237357812906642693208", "timestamp": "1769383986108", "hash": "ba223ef57bcb21f4f00f86b1f37d1959932b281a", "bids": [{"price": "0.01", "size": "10442.03"}, {"price": "0.02", "size": "8.72"}, {"price": "0.03", "size": "1190.11"}, {"price": "0.04", "size": "890.11"}, {"price": "0.05", "size": "15.38"}, {"price": "0.19", "size": "10"}, {"price": "0.24", "size": "50"}, {"price": "0.27", "size": "47"}], "asks": [{"price": "0.99", "size": "7084.32"}, {"price": "0.98", "size": "4457.32"}, {"price": "0.97", "size": "7.52"}, {"price": "0.92", "size": "9.02"}, {"price": "0.71", "size": "1190.11"}, {"price": "0.7", "size": "890.11"}, {"price": "0.47", "size": "10"}, {"price": "0.46", "size": "69"}], "event_type": "book", "last_trade_price": ""}, {"market": "0xe5a0256c8d27098050920679f481e66e37881894b53e6c05435be20970e11b56", "asset_id": "157594979500967495302741920453520952705436469927039004105566273714932188072", "timestamp": "1769383986108", "hash": "d0b6f5a3f067b9883bee2637033aa0ff5aeacae6", "bids": [{"price": "0.01", "size": "7084.32"}, {"price": "0.02", "size": "4457.32"}, {"price": "0.03", "size": "7.52"}, {"price": "0.08", "size": "9.02"}, {"price": "0.29", "size": "1190.11"}, {"price": "0.3", "size": "890.11"}, {"price": "0.53", "size": "10"}, {"price": "0.54", "size": "69"}], "asks": [{"price": "0.99", "size": "10442.03"}, {"price": "0.98", "size": "8.72"}, {"price": "0.97", "size": "1190.11"}, {"price": "0.96", "size": "890.11"}, {"price": "0.95", "size": "15.38"}, {"price": "0.81", "size": "10"}, {"price": "0.76", "size": "50"}, {"price": "0.73", "size": "47"}], "event_type": "book", "last_trade_price": ""}]}
{"_local_timestamp": "2026-01-25T23:34:36.763021+00:00", "data": {"market": "0xe5a0256c8d27098050920679f481e66e37881894b53e6c05435be20970e11b56", "price_changes": [{"asset_id": "157594979500967495302741920453520952705436469927039004105566273714932188072", "price": "0.08", "size": "0", "side": "BUY", "hash": "a99816b12bdf7608d1e97d3c754ce59200752b76", "best_bid": "0.54", "best_ask": "0.73"}, {"asset_id": "42954482129163122731065291230958424227339073063901131650237357812906642693208", "price": "0.92", "size": "0", "side": "SELL", "hash": "9d22e0a7dc72cda96dcbba2f64bd63a5ff90552a", "best_bid": "0.27", "best_ask": "0.46"}], "timestamp": "1769384076527", "event_type": "price_change"}}
{"_local_timestamp": "2026-01-25T23:34:37.070123+00:00", "data": {"market": "0xe5a0256c8d27098050920679f481e66e37881894b53e6c05435be20970e11b56", "price_changes": [{"asset_id": "157594979500967495302741920453520952705436469927039004105566273714932188072", "price": "0.03", "size": "31.59", "side": "BUY", "hash": "da9ec5aa7fbfb8344c7edb39db304f1b1f5bdce1", "best_bid": "0.54", "best_ask": "0.73"}, {"asset_id": "42954482129163122731065291230958424227339073063901131650237357812906642693208", "price": "0.97", "size": "31.59", "side": "SELL", "hash": "0e06c38eea8a8d9fd7ae2d8fb6eba1279bfd136a", "best_bid": "0.27", "best_ask": "0.46"}], "timestamp": "1769384076840", "event_type": "price_change"}}
{"_local_timestamp": "2026-01-25T23:35:45.949934+00:00", "data": {"market": "0xe5a0256c8d27098050920679f481e66e37881894b53e6c05435be20970e11b56", "price_changes": [{"asset_id": "157594979500967495302741920453520952705436469927039004105566273714932188072", "price": "0.02", "size": "5457.32", "side": "BUY", "hash": "7489333d942d80950ee6ce15fbcafa1c5afb7877", "best_bid": "0.54", "best_ask": "0.73"}, {"asset_id": "42954482129163122731065291230958424227339073063901131650237357812906642693208", "price": "0.98", "size": "5457.32", "side": "SELL", "hash": "985be2ca13e84e9b8786807af797517f9d3ce989", "best_bid": "0.27", "best_ask": "0.46"}], "timestamp": "1769384145877", "event_type": "price_change"}}
{"_local_timestamp": "2026-01-25T23:35:46.048150+00:00", "data": {"market": "0xe5a0256c8d27098050920679f481e66e37881894b53e6c05435be20970e11b56", "price_changes": [{"asset_id": "157594979500967495302741920453520952705436469927039004105566273714932188072", "price": "0.03", "size": "2028.7", "side": "BUY", "hash": "185b9a5725b0a12f4d71c90923350f743dacb32b", "best_bid": "0.54", "best_ask": "0.73"}, {"asset_id": "42954482129163122731065291230958424227339073063901131650237357812906642693208", "price": "0.97", "size": "2028.7", "side": "SELL", "hash": "d1e9612340404cab81e98c77463b3d04bc789ba8", "best_bid": "0.27", "best_ask": "0.46"}], "timestamp": "1769384145975", "event_type": "price_change"}}
{"_local_timestamp": "2026-01-25T23:35:46.048539+00:00", "data": {"market": "0xe5a0256c8d27098050920679f481e66e37881894b53e6c05435be20970e11b56", "price_changes": [{"asset_id": "157594979500967495302741920453520952705436469927039004105566273714932188072", "price": "0.03", "size": "3298.8", "side": "BUY", "hash": "9c118ba7ab00b6d4bf60fc591fe39c333544ed56", "best_bid": "0.54", "best_ask": "0.73"}, {"asset_id": "42954482129163122731065291230958424227339073063901131650237357812906642693208", "price": "0.97", "size": "3298.8", "side": "SELL", "hash": "2de86455fda1c3048da6d33ee4e68b12e8df496d", "best_bid": "0.27", "best_ask": "0.46"}], "timestamp": "1769384145976", "event_type": "price_change"}}
{"_local_timestamp": "2026-01-25T23:35:46.048883+00:00", "data": {"market": "0xe5a0256c8d27098050920679f481e66e37881894b53e6c05435be20970e11b56", "price_changes": [{"asset_id": "157594979500967495302741920453520952705436469927039004105566273714932188072", "price": "0.03", "size": "4188.91", "side": "BUY", "hash": "bfedd7f93417a49dcb011cfbde2315dce29b5750", "best_bid": "0.54", "best_ask": "0.73"}, {"asset_id": "42954482129163122731065291230958424227339073063901131650237357812906642693208", "price": "0.97", "size": "4188.91", "side": "SELL", "hash": "7f06ba620a9a399503a7f326f8f47c361b9746cf", "best_bid": "0.27", "best_ask": "0.46"}], "timestamp": "1769384145976", "event_type": "price_change"}}
{"_local_timestamp": "2026-01-25T23:35:53.740291+00:00", "data": {"market": "0xe5a0256c8d27098050920679f481e66e37881894b53e6c05435be20970e11b56", "price_changes": [{"asset_id": "157594979500967495302741920453520952705436469927039004105566273714932188072", "price": "0.02", "size": "5157.32", "side": "BUY", "hash": "257e96f1c684b50feec656fc358e36c873759ae7", "best_bid": "0.54", "best_ask": "0.73"}, {"asset_id": "42954482129163122731065291230958424227339073063901131650237357812906642693208", "price": "0.98", "size": "5157.32", "side": "SELL", "hash": "15f5cae48171ecc7d0f92ae76fcf1bb74cd5cac1", "best_bid": "0.27", "best_ask": "0.46"}], "timestamp": "1769384153661", "event_type": "price_change"}}
{"_local_timestamp": "2026-01-25T23:35:53.799837+00:00", "data": {"market": "0xe5a0256c8d27098050920679f481e66e37881894b53e6c05435be20970e11b56", "price_changes": [{"asset_id": "157594979500967495302741920453520952705436469927039004105566273714932188072", "price": "0.02", "size": "1000", "side": "BUY", "hash": "e6944c638239ea7e47f1a820804453b94f66bdf1", "best_bid": "0.54", "best_ask": "0.73"}, {"asset_id": "42954482129163122731065291230958424227339073063901131650237357812906642693208", "price": "0.98", "size": "1000", "side": "SELL", "hash": "17cb1d87a16ccfbafca9b42377a92bef0308c3c4", "best_bid": "0.27", "best_ask": "0.46"}], "timestamp": "1769384153735", "event_type": "price_change"}}
{"_local_timestamp": "2026-01-25T23:35:53.953099+00:00", "data": {"market": "0xe5a0256c8d27098050920679f481e66e37881894b53e6c05435be20970e11b56", "price_changes": [{"asset_id": "157594979500967495302741920453520952705436469927039004105566273714932188072", "price": "0.03", "size": "4488.91", "side": "BUY", "hash": "ca77a02ddff116e2ceb987bac1358dd6b2db516c", "best_bid": "0.54", "best_ask": "0.73"}, {"asset_id": "42954482129163122731065291230958424227339073063901131650237357812906642693208", "price": "0.97", "size": "4488.91", "side": "SELL", "hash": "d37d7e6bec6fe8927427941d704685feab571c91", "best_bid": "0.27", "best_ask": "0.46"}], "timestamp": "1769384153888", "event_type": "price_change"}}
