{"_local_timestamp": "2026-01-25T23:34:23.800678+00:00", "data": [{"market": "0x075644373ee9b10679b5d9c4133202c8f537206eeb456073f0147455ceb1ccfb", "asset_id": "96286079885758953696615284399030269817415728790134813853112424523816811502470", "timestamp": "1769384061841", "hash": "cfdfed88480cb64e2d74d9568c36b0f13348254c", "bids": [{"price": "0.01", "size": "280"}, {"price": "0.02", "size": "513.13"}, {"price": "0.03", "size": "1090.11"}, {"price": "0.04", "size": "896.05"}, {"price": "0.05", "size": "250"}, {"price": "0.06", "size": "8.32"}, {"price": "0.09", "size": "261"}], "asks": [{"price": "0.99", "size": "8888.8"}, {"price": "0.98", "size": "1000"}, {"price": "0.97", "size": "1100"}, {"price": "0.96", "size": "6.81"}, {"price": "0.93", "size": "1700"}, {"price": "0.9", "size": "300"}, {"price": "0.89", "size": "5.73"}, {"price": "0.88", "size": "700"}, {"price": "0.87", "size": "4157.32"}, {"price": "0.86", "size": "300"}, {"price": "0.67", "size": "300"}, {"price": "0.63", "size": "1090.11"}, {"price": "0.62", "size": "890.11"}, {"price": "0.6", "size": "125"}, {"price": "0.57", "size": "75"}, {"price": "0.5", "size": "10"}, {"price": "0.2", "size": "150"}, {"price": "0.19", "size": "56.73"}], "event_type": "book", "last_trade_price": "0.810"}, {"market": "0x075644373ee9b10679b5d9c4133202c8f537206eeb456073f0147455ceb1ccfb", "asset_id": "52615588191460470438968831832569300660020698058311540467884028012774443701200", "timestamp": "1769384061841", "hash": "2a029055630bfdaacfac58880b1d4541f6e491fc", "bids": [{"price": "0.01", "size": "8888.8"}, {"price": "0.02", "size": "1000"}, {"price": "0.03", "size": "1100"}, {"price": "0.04", "size": "6.81"}, {"price": "0.07", "size": "1700"}, {"price": "0.1", "size": "300"}, {"price": "0.11", "size": "5.73"}, {"price": "0.12", "size": "700"}, {"price": "0.13", "size": "4157.32"}, {"price": "0.14", "size": "300"}, {"price": "0.33", "size": "300"}, {"price": "0.37", "size": "1090.11"}, {"price": "0.38", "size": "890.11"}, {"price": "0.4", "size": "125"}, {"price": "0.43", "size": "75"}, {"price": "0.5", "size": "10"}, {"price": "0.8", "size": "150"}, {"price": "0.81", "size": "56.73"}], "asks": [{"price": "0.99", "size": "280"}, {"price": "0.98", "size": "513.13"}, {"price": "0.97", "size": "1090.11"}, {"price": "0.96", "size": "896.05"}, {"price": "0.95", "size": "250"}, {"price": "0.94", "size": "8.32"}, {"price": "0.91", "size": "261"}], "event_type": "book", "last_trade_price": "0.810"}]}
{"_local_timestamp": "2026-01-25T23:34:29.454780+00:00", "data": {"market": "0x075644373ee9b10679b5d9c4133202c8f537206eeb456073f0147455ceb1ccfb", "price_changes": [{"asset_id": "52615588191460470438968831832569300660020698058311540467884028012774443701200", "price": "0.12", "size": "600", "side": "BUY", "hash": "af507a650aa8ac035ff141d95829c32da8430034", "best_bid": "0.81", "best_ask": "0.91"}, {"asset_id": "96286079885758953696615284399030269817415728790134813853112424523816811502470", "price": "0.88", "size": "600", "side": "SELL", "hash": "21cec5e7d0504bcef9f5364a7b27a66080e349c6", "best_bid": "0.09", "best_ask": "0.19"}], "timestamp": "1769384069205", "event_type": "price_change"}}
{"_local_timestamp": "2026-01-25T23:34:29.721891+00:00", "data": {"market": "0x075644373ee9b10679b5d9c4133202c8f537206eeb456073f0147455ceb1ccfb", "price_changes": [{"asset_id": "52615588191460470438968831832569300660020698058311540467884028012774443701200", "price": "0.08", "size": "100", "side": "BUY", "hash": "78d9819d924a3f6b2f946ea44035c135c6f08818", "best_bid": "0.81", "best_ask": "0.91"}, {"asset_id": "96286079885758953696615284399030269817415728790134813853112424523816811502470", "price": "0.92", "size": "100", "side": "SELL", "hash": "f3391148fdef561ecbc96836865bd141841aac40", "best_bid": "0.09", "best_ask": "0.19"}], "timestamp": "1769384069496", "event_type": "price_change"}}
{"_local_timestamp": "2026-01-25T23:34:30.216856+00:00", "data": {"market": "0x075644373ee9b10679b5d9c4133202c8f537206eeb456073f0147455ceb1ccfb", "price_changes": [{"asset_id": "52615588191460470438968831832569300660020698058311540467884028012774443701200", "price": "0.12", "size": "200", "side": "BUY", "hash": "3e0d84573eccf7c0a7af251d6669d7becab0eb45", "best_bid": "0.81", "best_ask": "0.91"}, {"asset_id": "96286079885758953696615284399030269817415728790134813853112424523816811502470", "price": "0.88", "size": "200", "side": "SELL", "hash": "234275bc1db928b65ffe10006f88962b440ba6c5", "best_bid": "0.09", "best_ask": "0.19"}], "timestamp": "1769384069842", "event_type": "price_change"}}
{"_local_timestamp": "2026-01-25T23:34:30.217641+00:00", "data": {"market": "0x075644373ee9b10679b5d9c4133202c8f537206eeb456073f0147455ceb1ccfb", "price_changes": [{"asset_id": "52615588191460470438968831832569300660020698058311540467884028012774443701200", "price": "0.14", "size": "100", "side": "BUY", "hash": "3e0d84573eccf7c0a7af251d6669d7becab0eb45", "best_bid": "0.81", "best_ask": "0.91"}, {"asset_id": "96286079885758953696615284399030269817415728790134813853112424523816811502470", "price": "0.86", "size": "100", "side": "SELL", "hash": "234275bc1db928b65ffe10006f88962b440ba6c5", "best_bid": "0.09", "best_ask": "0.19"}], "timestamp": "1769384069842", "event_type": "price_change"}}
{"_local_timestamp": "2026-01-25T23:34:30.407998+00:00", "data": {"market": "0x075644373ee9b10679b5d9c4133202c8f537206eeb456073f0147455ceb1ccfb", "price_changes": [{"asset_id": "52615588191460470438968831832569300660020698058311540467884028012774443701200", "price": "0.08", "size": "990.11", "side": "BUY", "hash": "948ca7f6560fbb0c29b5ddd7da8d4b5997bf2e04", "best_bid": "0.81", "best_ask": "0.91"}, {"asset_id": "96286079885758953696615284399030269817415728790134813853112424523816811502470", "price": "0.92", "size": "990.11", "side": "SELL", "hash": "d7928317b04ab33cf463bf058a6f27d2d6865ba8", "best_bid": "0.09", "best_ask": "0.19"}], "timestamp": "1769384070082", "event_type": "price_change"}}
{"_local_timestamp": "2026-01-25T23:34:30.442788+00:00", "data": {"market": "0x075644373ee9b10679b5d9c4133202c8f537206eeb456073f0147455ceb1ccfb", "price_changes": [{"asset_id": "52615588191460470438968831832569300660020698058311540467884028012774443701200", "price": "0.15", "size": "200", "side": "BUY", "hash": "88a36dd15e357c6e7beb4c886c28b50a48ff8efc", "best_bid": "0.81", "best_ask": "0.91"}, {"asset_id": "96286079885758953696615284399030269817415728790134813853112424523816811502470", "price": "0.85", "size": "200", "side": "SELL", "hash": "ca546de57393ca976b335cf970dd90e23d09f3f6", "best_bid": "0.09", "best_ask": "0.19"}], "timestamp": "1769384070113", "event_type": "price_change"}}
{"_local_timestamp": "2026-01-25T23:34:30.453693+00:00", "data": {"market": "0x075644373ee9b10679b5d9c4133202c8f537206eeb456073f0147455ceb1ccfb", "price_changes": [{"asset_id": "52615588191460470438968831832569300660020698058311540467884028012774443701200", "price": "0.08", "size": "1390.11", "side": "BUY", "hash": "fe593b6ed8ee3bfc5818644c1c87ee974723c2f8", "best_bid": "0.81", "best_ask": "0.91"}, {"asset_id": "96286079885758953696615284399030269817415728790134813853112424523816811502470", "price": "0.92", "size": "1390.11", "side": "SELL", "hash": "58c66a0c7f68401459b265cc807febe6f68e4d8c", "best_bid": "0.09", "best_ask": "0.19"}], "timestamp": "1769384070114", "event_type": "price_change"}}
{"_local_timestamp": "2026-01-25T23:34:30.586857+00:00", "data": {"market": "0x075644373ee9b10679b5d9c4133202c8f537206eeb456073f0147455ceb1ccfb", "price_changes": [{"asset_id": "52615588191460470438968831832569300660020698058311540467884028012774443701200", "price": "0.08", "size": "2660.21", "side": "BUY", "hash": "a9001f372cd142488e85e55f6805c7392bf41423", "best_bid": "0.81", "best_ask": "0.91"}, {"asset_id": "96286079885758953696615284399030269817415728790134813853112424523816811502470", "price": "0.92", "size": "2660.21", "side": "SELL", "hash": "2c1cd1644ca7bdbc8b0851b9948c7937ae350391", "best_bid": "0.09", "best_ask": "0.19"}], "timestamp": "1769384070258", "event_type": "price_change"}}
{"_local_timestamp": "2026-01-25T23:34:30.588181+00:00", "data": {"market": "0x075644373ee9b10679b5d9c4133202c8f537206eeb456073f0147455ceb1ccfb", "price_changes": [{"asset_id": "52615588191460470438968831832569300660020698058311540467884028012774443701200", "price": "0.08", "size": "4657.32", "side": "BUY", "hash": "46f9a07173e5ee7d3d57134be56133f38fd74a87", "best_bid": "0.81", "best_ask": "0.91"}, {"asset_id": "96286079885758953696615284399030269817415728790134813853112424523816811502470", "price": "0.92", "size": "4657.32", "side": "SELL", "hash": "51c1c4e48d972fc8e72794314158190d961a59e8", "best_bid": "0.09", "best_ask": "0.19"}], "timestamp": "1769384070259", "event_type": "price_change"}}
{"_local_timestamp": "2026-01-25T23:34:31.961511+00:00", "data": {"market": "0x075644373ee9b10679b5d9c4133202c8f537206eeb456073f0147455ceb1ccfb", "price_changes": [{"asset_id": "52615588191460470438968831832569300660020698058311540467884028012774443701200", "price": "0.12", "size": "100", "side": "BUY", "hash": "6fc60d41988eb029793b9d5b42f4f3545314acb0", "best_bid": "0.81", "best_ask": "0.91"}, {"asset_id": "96286079885758953696615284399030269817415728790134813853112424523816811502470", "price": "0.88", "size": "100", "side": "SELL", "hash": "4f3b3aafd06695c5a0d48bb8ce118bcb3464512a", "best_bid": "0.09", "best_ask": "0.19"}], "timestamp": "1769384071737", "event_type": "price_change"}}
{"_local_timestamp": "2026-01-25T23:34:32.400945+00:00", "data": {"market": "0x075644373ee9b10679b5d9c4133202c8f537206eeb456073f0147455ceb1ccfb", "price_changes": [{"asset_id": "52615588191460470438968831832569300660020698058311540467884028012774443701200", "price": "0.08", "size": "4757.32", "side": "BUY", "hash": "dd4aff631ee48b90a50c0339fb247de884e40b69", "best_bid": "0.81", "best_ask": "0.91"}, {"asset_id": "96286079885758953696615284399030269817415728790134813853112424523816811502470", "price": "0.92", "size": "4757.32", "side": "SELL", "hash": "ba7eea740b2be4e046f5a045fdec4b22cedb2afb", "best_bid": "0.09", "best_ask": "0.19"}], "timestamp": "1769384072119", "event_type": "price_change"}}
