{"_local_timestamp": "2026-01-25T23:41:32.020108+00:00", "data": [{"market": "0x9252af917064e7da329ff163e3b474a89b7e696af9273121e7ed05d51ce8076e", "asset_id": "95611885440525316673809228124321544337370534791636174999001111816306159196319", "timestamp": "1769384447833", "hash": "00b4f5b1197bd38a6dccc1e5a7d7ab7438c6a0ea", "bids": [{"price": "0.01", "size": "255.04"}, {"price": "0.02", "size": "137.48"}, {"price": "0.03", "size": "18.99"}, {"price": "0.04", "size": "29.99"}], "asks": [{"price": "0.99", "size": "247.79"}, {"price": "0.98", "size": "129.69"}, {"price": "0.97", "size": "23.94"}, {"price": "0.95", "size": "23.99"}, {"price": "0.94", "size": "5.47"}], "event_type": "book", "last_trade_price": ""}, {"market": "0xd5b8a9fa9bf2901d7b65aeebbe902beb75a94f55d01568620f9019cf42baafc3", "asset_id": "21896677863206295160764951171024843855405795866725911321592439193049728793993", "timestamp": "1769384438255", "hash": "bc20a558dab26156d97da435d6f8f046df411a6f", "bids": [{"price": "0.01", "size": "202.04"}, {"price": "0.02", "size": "111.48"}, {"price": "0.03", "size": "18.99"}, {"price": "0.04", "size": "29.99"}], "asks": [{"price": "0.99", "size": "203.64"}, {"price": "0.98", "size": "114.03"}, {"price": "0.97", "size": "20.76"}, {"price": "0.96", "size": "5.47"}], "event_type": "book", "last_trade_price": ""}, {"market": "0x20ae53c1e998c5a96f2e0a16969bed67776747673ecf656532f66fe92c0325f2", "asset_id": "98666990704673078934052593270509620800778688761645673807695102241965965285040", "timestamp": "1769379343409", "hash": "a384d3b37f0d6f829909fa71b84a0aa92dc09ebf", "bids": [{"price": "0.01", "size": "302.04"}, {"price": "0.02", "size": "260.48"}, {"price": "0.03", "size": "18.99"}, {"price": "0.04", "size": "29.99"}], "asks": [{"price": "0.99", "size": "293.08"}, {"price": "0.98", "size": "146"}, {"price": "0.97", "size": "34.44"}, {"price": "0.75", "size": "20"}], "event_type": "book", "last_trade_price": ""}, {"market": "0x969a4e419a8367aae50b987bad42ab63ac10dac8d26ff127d0bf760966cec5d1", "asset_id": "102223615333359510968818585894515414426142047182902322774471061764654377861912", "timestamp": "1769384438255", "hash": "fee92ddff083c625fedffccc310f4d30a50e3445", "bids": [{"price": "0.01", "size": "203.99"}, {"price": "0.02", "size": "114.03"}, {"price": "0.03", "size": "20.65"}, {"price": "0.04", "size": "5.47"}], "asks": [{"price": "0.99", "size": "202.04"}, {"price": "0.98", "size": "111.48"}, {"price": "0.97", "size": "18.99"}, {"price": "0.96", "size": "29.99"}], "event_type": "book", "last_trade_price": ""}, {"market": "0x1e11532a601a1edf099ae87517b6655ad623850ab541ce4be048e12b7a5531bd", "asset_id": "66708675759662702298395769732914383858613037898473941784360692119146346326774", "timestamp": "1769384381234", "hash": "818a7573fce15f16efd81b95dfd37b4613fab199", "bids": [{"price": "0.01", "size": "2880"}, {"price": "0.02", "size": "1007.71"}, {"price": "0.03", "size": "1100"}, {"price": "0.04", "size": "6.98"}, {"price": "0.05", "size": "1700"}, {"price": "0.06", "size": "250"}, {"price": "0.1", "size": "800"}, {"price": "0.11", "size": "5.15"}, {"price": "0.3", "size": "300"}, {"price": "0.33", "size": "200"}, {"price": "0.36", "size": "125"}, {"price": "0.39", "size": "75"}, {"price": "0.43", "size": "968.73"}], "asks": [{"price": "0.99", "size": "2885.36"}, {"price": "0.98", "size": "2109.48"}, {"price": "0.97", "size": "264"}, {"price": "0.95", "size": "1700"}, {"price": "0.94", "size": "12.61"}, {"price": "0.88", "size": "1000"}, {"price": "0.86", "size": "200"}, {"price": "0.85", "size": "125"}, {"price": "0.84", "size": "75"}, {"price": "0.8", "size": "5200"}, {"price": "0.74", "size": "10"}, {"price": "0.65", "size": "1060"}, {"price": "0.6", "size": "150"}, {"price": "0.57", "size": "8671.62"}, {"price": "0.56", "size": "149"}, {"price": "0.53", "size": "50"}, {"price": "0.52", "size": "25"}], "event_type": "book", "last_trade_price": "0.430"}, {"market": "0x78e8787f553d61e98adccce4435a048d98a83ae78772e4e2fdd612a513adb364", "asset_id": "45983074742860920972532321280320307436312805224600601435618797020050836421112", "timestamp": "1769379343409", "hash": "9be80b0e7c7de2e6a1ecff0a2b4c89a6dd1fef42", "bids": [{"price": "0.01", "size": "293.08"}, {"price": "0.02", "size": "146"}, {"price": "0.03", "size": "34.44"}, {"price": "0.25", "size": "20"}], "asks": [{"price": "0.99", "size": "302.04"}, {"price": "0.98", "size": "260.48"}, {"price": "0.97", "size": "18.99"}, {"price": "0.96", "size": "29.99"}], "event_type": "book", "last_trade_price": ""}, {"market": "0xe90b40d2aaed14c6f3b45ddc74978cf93eaea5d96b31baa07ed66845fa9680ac", "asset_id": "36342897937302903499095411880652292023456116233345104449322600741381549417183", "timestamp": "1769379344690", "hash": "c95c607553e5767b91591b8fc0431d3635d46823", "bids": [{"price": "0.01", "size": "302.04"}, {"price": "0.02", "size": "111.48"}, {"price": "0.03", "size": "18.99"}, {"price": "0.04", "size": "29.99"}], "asks": [{"price": "0.99", "size": "293.08"}, {"price": "0.98", "size": "147"}, {"price": "0.97", "size": "34.44"}, {"price": "0.75", "size": "20"}], "event_type": "book", "last_trade_price": ""}, {"market": "0x78e8787f553d61e98adccce4435a048d98a83ae78772e4e2fdd612a513adb364", "asset_id": "90479647587708119304647757190103608357196061212319777388885459912793442102064", "timestamp": "1769379343409", "hash": "baf88388c3fe7212524ce745b0efd7054cb436d7", "bids": [{"price": "0.01", "size": "302.04"}, {"price": "0.02", "size": "260.48"}, {"price": "0.03", "size": "18.99"}, {"price": "0.04", "size": "29.99"}], "asks": [{"price": "0.99", "size": "293.08"}, {"price": "0.98", "size": "146"}, {"price": "0.97", "size": "34.44"}, {"price": "0.75", "size": "20"}], "event_type": "book", "last_trade_price": ""}, {"market": "0xe90b40d2aaed14c6f3b45ddc74978cf93eaea5d96b31baa07ed66845fa9680ac", "asset_id": "19212894818564824318285199428742420720835984577024610348814330135197992355304", "timestamp": "1769379344690", "hash": "98f86c9f5312aa5767b3205f3176a27b284f9390", "bids": [{"price": "0.01", "size": "293.08"}, {"price": "0.02", "size": "147"}, {"price": "0.03", "size": "34.44"}, {"price": "0.25", "size": "20"}], "asks": [{"price": "0.99", "size": "302.04"}, {"price": "0.98", "size": "111.48"}, {"price": "0.97", "size": "18.99"}, {"price": "0.96", "size": "29.99"}], "event_type": "book", "last_trade_price": ""}, {"market": "0x238a8fed0212a7bcefe77ccbae273480b4365cf5fadfaf1ac48bfaeee1753eda", "asset_id": "58800026084768257918933020186744171811873232612805582141841193013362537640628", "timestamp": "1769384438255", "hash": "ae00c84a69c1f4d8ef1c369cf556814d02ecfb7d", "bids": [{"price": "0.01", "size": "256.64"}, {"price": "0.02", "size": "141.03"}, {"price": "0.03", "size": "20.76"}, {"price": "0.04", "size": "5.47"}], "asks": [{"price": "0.99", "size": "255.04"}, {"price": "0.98", "size": "137.48"}, {"price": "0.97", "size": "18.99"}, {"price": "0.96", "size": "29.99"}], "event_type": "book", "last_trade_price": ""}, {"market": "0xd5b8a9fa9bf2901d7b65aeebbe902beb75a94f55d01568620f9019cf42baafc3", "asset_id": "25250568644051712927265575538701695682751453682694871169648732829006946404369", "timestamp": "1769384438255", "hash": "b7a2d5201e020ba7f0806397bf02b26f6e267cdc", "bids": [{"price": "0.01", "size": "203.64"}, {"price": "0.02", "size": "114.03"}, {"price": "0.03", "size": "20.76"}, {"price": "0.04", "size": "5.47"}], "asks": [{"price": "0.99", "size": "202.04"}, {"price": "0.98", "size": "111.48"}, {"price": "0.97", "size": "18.99"}, {"price": "0.96", "size": "29.99"}], "event_type": "book", "last_trade_price": ""}, {"market": "0x238a8fed0212a7bcefe77ccbae273480b4365cf5fadfaf1ac48bfaeee1753eda", "asset_id": "106886848115229700323370730946714864858589102359853841106537807141588985603334", "timestamp": "1769384438255", "hash": "8b1484e1d6ee2aeb320d27697e36280beccc50c1", "bids": [{"price": "0.01", "size": "255.04"}, {"price": "0.02", "size": "137.48"}, {"price": "0.03", "size": "18.99"}, {"price": "0.04", "size": "29.99"}], "asks": [{"price": "0.99", "size": "256.64"}, {"price": "0.98", "size": "141.03"}, {"price": "0.97", "size": "20.76"}, {"price": "0.96", "size": "5.47"}], "event_type": "book", "last_trade_price": ""}, {"market": "0x9252af917064e7da329ff163e3b474a89b7e696af9273121e7ed05d51ce8076e", "asset_id": "14417864184768876052416637108824343440319362281480143806197676740643890761947", "timestamp": "1769384447833", "hash": "5af184b9f337104c11e9c4d0eb104063ccb2bc86", "bids": [{"price": "0.01", "size": "247.79"}, {"price": "0.02", "size": "129.69"}, {"price": "0.03", "size": "23.94"}, {"price": "0.05", "size": "23.99"}, {"price": "0.06", "size": "5.47"}], "asks": [{"price": "0.99", "size": "255.04"}, {"price": "0.98", "size": "137.48"}, {"price": "0.97", "size": "18.99"}, {"price": "0.96", "size": "29.99"}], "event_type": "book", "last_trade_price": ""}, {"market": "0x20ae53c1e998c5a96f2e0a16969bed67776747673ecf656532f66fe92c0325f2", "asset_id": "90706648112168115608679276809269428671111843138882307458129777226961767360375", "timestamp": "1769379343409", "hash": "5781112823158529ea0e2222d853450256dba69b", "bids": [{"price": "0.01", "size": "293.08"}, {"price": "0.02", "size": "146"}, {"price": "0.03", "size": "34.44"}, {"price": "0.25", "size": "20"}], "asks": [{"price": "0.99", "size": "302.04"}, {"price": "0.98", "size": "260.48"}, {"price": "0.97", "size": "18.99"}, {"price": "0.96", "size": "29.99"}], "event_type": "book", "last_trade_price": ""}, {"market": "0x969a4e419a8367aae50b987bad42ab63ac10dac8d26ff127d0bf760966cec5d1", "asset_id": "34299296493329520046513261833511480324579972226620800050971655836362711103489", "timestamp": "1769384438255", "hash": "ef3122f26a4f066fe15a8acefd509c7ce7c033bd", "bids": [{"price": "0.01", "size": "202.04"}, {"price": "0.02", "size": "111.48"}, {"price": "0.03", "size": "18.99"}, {"price": "0.04", "size": "29.99"}], "asks": [{"price": "0.99", "size": "203.99"}, {"price": "0.98", "size": "114.03"}, {"price": "0.97", "size": "20.65"}, {"price": "0.96", "size": "5.47"}], "event_type": "book", "last_trade_price": ""}, {"market": "0x1e11532a601a1edf099ae87517b6655ad623850ab541ce4be048e12b7a5531bd", "asset_id": "67254637928157160544499520814151614476827706051606568528165237913154876839321", "timestamp": "1769384381234", "hash": "ef5224f12d0606f3a0af0e2cceab7409633c02d1", "bids": [{"price": "0.01", "size": "2885.36"}, {"price": "0.02", "size": "2109.48"}, {"price": "0.03", "size": "264"}, {"price": "0.05", "size": "1700"}, {"price": "0.06", "size": "12.61"}, {"price": "0.12", "size": "1000"}, {"price": "0.14", "size": "200"}, {"price": "0.15", "size": "125"}, {"price": "0.16", "size": "75"}, {"price": "0.2", "size": "5200"}, {"price": "0.26", "size": "10"}, {"price": "0.35", "size": "1060"}, {"price": "0.4", "size": "150"}, {"price": "0.43", "size": "8671.62"}, {"price": "0.44", "size": "149"}, {"price": "0.47", "size": "50"}, {"price": "0.48", "size": "25"}], "asks": [{"price": "0.99", "size": "2880"}, {"price": "0.98", "size": "1007.71"}, {"price": "0.97", "size": "1100"}, {"price": "0.96", "size": "6.98"}, {"price": "0.95", "size": "1700"}, {"price": "0.94", "size": "250"}, {"price": "0.9", "size": "800"}, {"price": "0.89", "size": "5.15"}, {"price": "0.7", "size": "300"}, {"price": "0.67", "size": "200"}, {"price": "0.64", "size": "125"}, {"price": "0.61", "size": "75"}, {"price": "0.57", "size": "968.73"}], "event_type": "book", "last_trade_price": "0.430"}]}
{"_local_timestamp": "2026-01-25T23:42:04.748376+00:00", "data": {"market": "0x1e11532a601a1edf099ae87517b6655ad623850ab541ce4be048e12b7a5531bd", "price_changes": [{"asset_id": "67254637928157160544499520814151614476827706051606568528165237913154876839321", "price": "0.45", "size": "30", "side": "BUY", "hash": "0ecefca2342df977fb0d63529eb8b1b538e925cd", "best_bid": "0.48", "best_ask": "0.57"}, {"asset_id": "66708675759662702298395769732914383858613037898473941784360692119146346326774", "price": "0.55", "size": "30", "side": "SELL", "hash": "740c1606ce94d1cada63e46449f0cf5906208573", "best_bid": "0.43", "best_ask": "0.52"}], "timestamp": "1769384524677", "event_type": "price_change"}}
{"_local_timestamp": "2026-01-25T23:42:04.979595+00:00", "data": {"market": "0x1e11532a601a1edf099ae87517b6655ad623850ab541ce4be048e12b7a5531bd", "price_changes": [{"asset_id": "67254637928157160544499520814151614476827706051606568528165237913154876839321", "price": "0.44", "size": "179", "side": "BUY", "hash": "a0e44101acc5dea372fa8deda6392a53c6456ffc", "best_bid": "0.48", "best_ask": "0.57"}, {"asset_id": "66708675759662702298395769732914383858613037898473941784360692119146346326774", "price": "0.56", "size": "179", "side": "SELL", "hash": "77f0fd379650281af697ceccfd4fe7c1623fc95b", "best_bid": "0.43", "best_ask": "0.52"}], "timestamp": "1769384524915", "event_type": "price_change"}}
{"_local_timestamp": "2026-01-25T23:42:06.836213+00:00", "data": {"market": "0x9252af917064e7da329ff163e3b474a89b7e696af9273121e7ed05d51ce8076e", "price_changes": [{"asset_id": "14417864184768876052416637108824343440319362281480143806197676740643890761947", "price": "0.05", "size": "0", "side": "BUY", "hash": "5289d616fd77f0f5085edb3eed4df06f67b526ef", "best_bid": "0.06", "best_ask": "0.96"}, {"asset_id": "95611885440525316673809228124321544337370534791636174999001111816306159196319", "price": "0.95", "size": "0", "side": "SELL", "hash": "bf41676ee69a0e95b92e71e29934503c83b6748b", "best_bid": "0.04", "best_ask": "0.94"}], "timestamp": "1769384526764", "event_type": "price_change"}}
{"_local_timestamp": "2026-01-25T23:42:07.456171+00:00", "data": {"market": "0x9252af917064e7da329ff163e3b474a89b7e696af9273121e7ed05d51ce8076e", "price_changes": [{"asset_id": "14417864184768876052416637108824343440319362281480143806197676740643890761947", "price": "0.06", "size": "0", "side": "BUY", "hash": "7864ea3eb46ddd616707b28e4f2fe3adec42bc8b", "best_bid": "0.03", "best_ask": "0.96"}, {"asset_id": "95611885440525316673809228124321544337370534791636174999001111816306159196319", "price": "0.94", "size": "0", "side": "SELL", "hash": "a56a25ac30b5169d7d0465c86e693b69323d9b6b", "best_bid": "0.04", "best_ask": "0.97"}], "timestamp": "1769384527383", "event_type": "price_change"}}
{"_local_timestamp": "2026-01-25T23:42:07.546380+00:00", "data": {"market": "0x9252af917064e7da329ff163e3b474a89b7e696af9273121e7ed05d51ce8076e", "price_changes": [{"asset_id": "14417864184768876052416637108824343440319362281480143806197676740643890761947", "price": "0.04", "size": "5.47", "side": "BUY", "hash": "fa565a03baf56621eaa23d6e82e6fcf7e3b3a786", "best_bid": "0.04", "best_ask": "0.96"}, {"asset_id": "95611885440525316673809228124321544337370534791636174999001111816306159196319", "price": "0.96", "size": "5.47", "side": "SELL", "hash": "271659bb0f9f8f11573331dd4ea7fc2326ad0685", "best_bid": "0.04", "best_ask": "0.96"}], "timestamp": "1769384527471", "event_type": "price_change"}}
{"_local_timestamp": "2026-01-25T23:43:07.993894+00:00", "data": {"market": "0x1e11532a601a1edf099ae87517b6655ad623850ab541ce4be048e12b7a5531bd", "price_changes": [{"asset_id": "67254637928157160544499520814151614476827706051606568528165237913154876839321", "price": "0.5", "size": "5", "side": "BUY", "hash": "c447860dde56d0010e0520c7a906f356ebca9385", "best_bid": "0.5", "best_ask": "0.57"}, {"asset_id": "66708675759662702298395769732914383858613037898473941784360692119146346326774", "price": "0.5", "size": "5", "side": "SELL", "hash": "1538adc7128a84b375576078ecc0ebbe1c5a39c2", "best_bid": "0.43", "best_ask": "0.5"}], "timestamp": "1769384587851", "event_type": "price_change"}}
{"_local_timestamp": "2026-01-25T23:43:13.389066+00:00", "data": {"market": "0x1e11532a601a1edf099ae87517b6655ad623850ab541ce4be048e12b7a5531bd", "price_changes": [{"asset_id": "66708675759662702298395769732914383858613037898473941784360692119146346326774", "price": "0.52", "size": "18", "side": "SELL", "hash": "c5703735a10f309cdefc2c1890a2ad32581aca5b", "best_bid": "0.43", "best_ask": "0.5"}, {"asset_id": "67254637928157160544499520814151614476827706051606568528165237913154876839321", "price": "0.48", "size": "18", "side": "BUY", "hash": "feac93cb064467baae6dc8b8a472f10b104c728a", "best_bid": "0.5", "best_ask": "0.57"}], "timestamp": "1769384593265", "event_type": "price_change"}}
{"_local_timestamp": "2026-01-25T23:43:13.448870+00:00", "data": {"market": "0x1e11532a601a1edf099ae87517b6655ad623850ab541ce4be048e12b7a5531bd", "price_changes": [{"asset_id": "66708675759662702298395769732914383858613037898473941784360692119146346326774", "price": "0.51", "size": "7", "side": "SELL", "hash": "1623fc0e8a5f9fa26138c64383d846c1ede42b52", "best_bid": "0.43", "best_ask": "0.5"}, {"asset_id": "67254637928157160544499520814151614476827706051606568528165237913154876839321", "price": "0.49", "size": "7", "side": "BUY", "hash": "96c7335837e5c3702ef4c95147a4a47ab11f9b2f", "best_bid": "0.5", "best_ask": "0.57"}], "timestamp": "1769384593326", "event_type": "price_change"}}
{"_local_timestamp": "2026-01-25T23:43:21.111571+00:00", "data": {"market": "0x1e11532a601a1edf099ae87517b6655ad623850ab541ce4be048e12b7a5531bd", "price_changes": [{"asset_id": "66708675759662702298395769732914383858613037898473941784360692119146346326774", "price": "0.46", "size": "50", "side": "BUY", "hash": "cc1ac18506fb6e7e17cbe1c9c7ceca75178aa0a1", "best_bid": "0.46", "best_ask": "0.5"}, {"asset_id": "67254637928157160544499520814151614476827706051606568528165237913154876839321", "price": "0.54", "size": "50", "side": "SELL", "hash": "204eda64a6f643321eabadf1a047df8a941bf4da", "best_bid": "0.5", "best_ask": "0.54"}], "timestamp": "1769384600998", "event_type": "price_change"}}
{"_local_timestamp": "2026-01-25T23:43:27.036547+00:00", "data": {"market": "0x1e11532a601a1edf099ae87517b6655ad623850ab541ce4be048e12b7a5531bd", "price_changes": [{"asset_id": "66708675759662702298395769732914383858613037898473941784360692119146346326774", "price": "0.02", "size": "1000", "side": "BUY", "hash": "94f148677c79d70840723b5493fb984a56c8cee8", "best_bid": "0.46", "best_ask": "0.5"}, {"asset_id": "67254637928157160544499520814151614476827706051606568528165237913154876839321", "price": "0.98", "size": "1000", "side": "SELL", "hash": "389422e6dc253fffb66e09178b52efb8741c8cc0", "best_bid": "0.5", "best_ask": "0.54"}], "timestamp": "1769384606908", "event_type": "price_change"}}
{"_local_timestamp": "2026-01-25T23:43:27.241839+00:00", "data": {"market": "0x1e11532a601a1edf099ae87517b6655ad623850ab541ce4be048e12b7a5531bd", "price_changes": [{"asset_id": "66708675759662702298395769732914383858613037898473941784360692119146346326774", "price": "0.02", "size": "1005.01", "side": "BUY", "hash": "6a7db42e8b597d55f2f101077033bc09b5c55773", "best_bid": "0.46", "best_ask": "0.5"}, {"asset_id": "67254637928157160544499520814151614476827706051606568528165237913154876839321", "price": "0.98", "size": "1005.01", "side": "SELL", "hash": "f11cb2529b399bebec3d69d9126281a0eeaad15a", "best_bid": "0.5", "best_ask": "0.54"}], "timestamp": "1769384607143", "event_type": "price_change"}}
{"_local_timestamp": "2026-01-25T23:43:27.243094+00:00", "data": {"market": "0x1e11532a601a1edf099ae87517b6655ad623850ab541ce4be048e12b7a5531bd", "price_changes": [{"asset_id": "66708675759662702298395769732914383858613037898473941784360692119146346326774", "price": "0.01", "size": "2885.4", "side": "BUY", "hash": "bd84916a95ee0f476210ccc782090c88cfbdba6e", "best_bid": "0.46", "best_ask": "0.5"}, {"asset_id": "67254637928157160544499520814151614476827706051606568528165237913154876839321", "price": "0.99", "size": "2885.4", "side": "SELL", "hash": "161cde2a9de6d9469b6a72f1a5b6ddd90cb165c5", "best_bid": "0.5", "best_ask": "0.54"}], "timestamp": "1769384607144", "event_type": "price_change"}}
{"_local_timestamp": "2026-01-25T23:43:28.937734+00:00", "data": {"market": "0x1e11532a601a1edf099ae87517b6655ad623850ab541ce4be048e12b7a5531bd", "price_changes": [{"asset_id": "67254637928157160544499520814151614476827706051606568528165237913154876839321", "price": "0.48", "size": "0", "side": "BUY", "hash": "3ebdb1de53e476d1a85ed137c4060343d4cddca0", "best_bid": "0.5", "best_ask": "0.54"}, {"asset_id": "66708675759662702298395769732914383858613037898473941784360692119146346326774", "price": "0.52", "size": "0", "side": "SELL", "hash": "b1335c22c8a6698924c9ab37eca3bdde28424d9b", "best_bid": "0.46", "best_ask": "0.5"}], "timestamp": "1769384608784", "event_type": "price_change"}}
{"_local_timestamp": "2026-01-25T23:43:35.977609+00:00", "data": {"market": "0x1e11532a601a1edf099ae87517b6655ad623850ab541ce4be048e12b7a5531bd", "price_changes": [{"asset_id": "66708675759662702298395769732914383858613037898473941784360692119146346326774", "price": "0.46", "size": "46.3", "side": "BUY", "hash": "2de48eb2df860672e8c488d2c22ab5857167bafe", "best_bid": "0.46", "best_ask": "0.5"}, {"asset_id": "67254637928157160544499520814151614476827706051606568528165237913154876839321", "price": "0.54", "size": "46.3", "side": "SELL", "hash": "8637bd8c8cbfa7f24ebaff4ddc6a03af7c803aa9", "best_bid": "0.5", "best_ask": "0.54"}], "timestamp": "1769384615886", "event_type": "price_change"}}
{"_local_timestamp": "2026-01-25T23:43:35.978151+00:00", "data": {"market": "0x1e11532a601a1edf099ae87517b6655ad623850ab541ce4be048e12b7a5531bd", "asset_id": "67254637928157160544499520814151614476827706051606568528165237913154876839321", "bids": [{"price": "0.01", "size": "2885.36"}, {"price": "0.02", "size": "2109.48"}, {"price": "0.03", "size": "264"}, {"price": "0.05", "size": "1700"}, {"price": "0.06", "size": "12.61"}, {"price": "0.12", "size": "1000"}, {"price": "0.14", "size": "200"}, {"price": "0.15", "size": "125"}, {"price": "0.16", "size": "75"}, {"price": "0.2", "size": "5200"}, {"price": "0.26", "size": "10"}, {"price": "0.35", "size": "1060"}, {"price": "0.4", "size": "150"}, {"price": "0.43", "size": "8671.62"}, {"price": "0.44", "size": "179"}, {"price": "0.45", "size": "30"}, {"price": "0.47", "size": "50"}, {"price": "0.49", "size": "7"}, {"price": "0.5", "size": "5"}], "asks": [{"price": "0.99", "size": "2885.4"}, {"price": "0.98", "size": "1005.01"}, {"price": "0.97", "size": "1100"}, {"price": "0.96", "size": "6.98"}, {"price": "0.95", "size": "1700"}, {"price": "0.94", "size": "250"}, {"price": "0.9", "size": "800"}, {"price": "0.89", "size": "5.15"}, {"price": "0.7", "size": "300"}, {"price": "0.67", "size": "200"}, {"price": "0.64", "size": "125"}, {"price": "0.61", "size": "75"}, {"price": "0.57", "size": "968.73"}, {"price": "0.54", "size": "46.3"}], "hash": "8637bd8c8cbfa7f24ebaff4ddc6a03af7c803aa9", "timestamp": "1769384615886", "event_type": "book"}}
{"_local_timestamp": "2026-01-25T23:43:35.978644+00:00", "data": {"market": "0x1e11532a601a1edf099ae87517b6655ad623850ab541ce4be048e12b7a5531bd", "asset_id": "66708675759662702298395769732914383858613037898473941784360692119146346326774", "bids": [{"price": "0.01", "size": "2885.4"}, {"price": "0.02", "size": "1005.01"}, {"price": "0.03", "size": "1100"}, {"price": "0.04", "size": "6.98"}, {"price": "0.05", "size": "1700"}, {"price": "0.06", "size": "250"}, {"price": "0.1", "size": "800"}, {"price": "0.11", "size": "5.15"}, {"price": "0.3", "size": "300"}, {"price": "0.33", "size": "200"}, {"price": "0.36", "size": "125"}, {"price": "0.39", "size": "75"}, {"price": "0.43", "size": "968.73"}, {"price": "0.46", "size": "46.3"}], "asks": [{"price": "0.99", "size": "2885.36"}, {"price": "0.98", "size": "2109.48"}, {"price": "0.97", "size": "264"}, {"price": "0.95", "size": "1700"}, {"price": "0.94", "size": "12.61"}, {"price": "0.88", "size": "1000"}, {"price": "0.86", "size": "200"}, {"price": "0.85", "size": "125"}, {"price": "0.84", "size": "75"}, {"price": "0.8", "size": "5200"}, {"price": "0.74", "size": "10"}, {"price": "0.65", "size": "1060"}, {"price": "0.6", "size": "150"}, {"price": "0.57", "size": "8671.62"}, {"price": "0.56", "size": "179"}, {"price": "0.55", "size": "30"}, {"price": "0.53", "size": "50"}, {"price": "0.51", "size": "7"}, {"price": "0.5", "size": "5"}], "hash": "2de48eb2df860672e8c488d2c22ab5857167bafe", "timestamp": "1769384615886", "event_type": "book"}}
{"_local_timestamp": "2026-01-25T23:43:36.006986+00:00", "data": {"market": "0x1e11532a601a1edf099ae87517b6655ad623850ab541ce4be048e12b7a5531bd", "asset_id": "67254637928157160544499520814151614476827706051606568528165237913154876839321", "price": "0.54", "size": "3.7", "fee_rate_bps": "0", "side": "BUY", "timestamp": "1769384615916", "event_type": "last_trade_price", "transaction_hash": "0x73b0331b20fcf339f6e221a7929ddadd17183979e66a0ce83533b663212e7c96"}}
{"_local_timestamp": "2026-01-25T23:43:36.192658+00:00", "data": {"market": "0x9252af917064e7da329ff163e3b474a89b7e696af9273121e7ed05d51ce8076e", "price_changes": [{"asset_id": "14417864184768876052416637108824343440319362281480143806197676740643890761947", "price": "0.05", "size": "23.99", "side": "BUY", "hash": "0af2e74774cfd6d702dfe786e562db2cb3a8f011", "best_bid": "0.05", "best_ask": "0.96"}, {"asset_id": "95611885440525316673809228124321544337370534791636174999001111816306159196319", "price": "0.95", "size": "23.99", "side": "SELL", "hash": "cd300c99876cb2635ad26b1f964f6280ca79a9bc", "best_bid": "0.04", "best_ask": "0.95"}], "timestamp": "1769384616096", "event_type": "price_change"}}
{"_local_timestamp": "2026-01-25T23:43:39.922475+00:00", "data": {"market": "0x9252af917064e7da329ff163e3b474a89b7e696af9273121e7ed05d51ce8076e", "price_changes": [{"asset_id": "14417864184768876052416637108824343440319362281480143806197676740643890761947", "price": "0.04", "size": "0", "side": "BUY", "hash": "099c1efd341f10cd64fde042ae97606b2fc8dec0", "best_bid": "0.05", "best_ask": "0.96"}, {"asset_id": "95611885440525316673809228124321544337370534791636174999001111816306159196319", "price": "0.96", "size": "0", "side": "SELL", "hash": "f07fd56c6b26eb1637af8ebe410946d95751a2f9", "best_bid": "0.04", "best_ask": "0.95"}], "timestamp": "1769384619845", "event_type": "price_change"}}
{"_local_timestamp": "2026-01-25T23:43:40.295275+00:00", "data": {"market": "0x9252af917064e7da329ff163e3b474a89b7e696af9273121e7ed05d51ce8076e", "price_changes": [{"asset_id": "14417864184768876052416637108824343440319362281480143806197676740643890761947", "price": "0.06", "size": "5.47", "side": "BUY", "hash": "84193d6d486dd0c434e94a3e8021fbb23304f68a", "best_bid": "0.06", "best_ask": "0.96"}, {"asset_id": "95611885440525316673809228124321544337370534791636174999001111816306159196319", "price": "0.94", "size": "5.47", "side": "SELL", "hash": "4e46587bac145eb575da860da0744e6fa1137b35", "best_bid": "0.04", "best_ask": "0.94"}], "timestamp": "1769384620227", "event_type": "price_change"}}
{"_local_timestamp": "2026-01-25T23:44:35.681668+00:00", "data": {"market": "0x1e11532a601a1edf099ae87517b6655ad623850ab541ce4be048e12b7a5531bd", "price_changes": [{"asset_id": "66708675759662702298395769732914383858613037898473941784360692119146346326774", "price": "0.5", "size": "3034", "side": "SELL", "hash": "a06605d546894d35a13d908831bad452296b2f0e", "best_bid": "0.46", "best_ask": "0.5"}, {"asset_id": "67254637928157160544499520814151614476827706051606568528165237913154876839321", "price": "0.5", "size": "3034", "side": "BUY", "hash": "14affab940f3744d488a240a123ca166a3ed50ad", "best_bid": "0.5", "best_ask": "0.54"}], "timestamp": "1769384675610", "event_type": "price_change"}}
{"_local_timestamp": "2026-01-25T23:44:36.087267+00:00", "data": {"market": "0x1e11532a601a1edf099ae87517b6655ad623850ab541ce4be048e12b7a5531bd", "price_changes": [{"asset_id": "67254637928157160544499520814151614476827706051606568528165237913154876839321", "price": "0.44", "size": "149", "side": "BUY", "hash": "66625f815a5083c5f6cfbefca8a23c587d4aa7fa", "best_bid": "0.5", "best_ask": "0.54"}, {"asset_id": "66708675759662702298395769732914383858613037898473941784360692119146346326774", "price": "0.56", "size": "149", "side": "SELL", "hash": "c1bae7c891fccbb293215952ccba6cf2e066631f", "best_bid": "0.46", "best_ask": "0.5"}], "timestamp": "1769384676020", "event_type": "price_change"}}
{"_local_timestamp": "2026-01-25T23:44:36.223659+00:00", "data": {"market": "0x1e11532a601a1edf099ae87517b6655ad623850ab541ce4be048e12b7a5531bd", "price_changes": [{"asset_id": "67254637928157160544499520814151614476827706051606568528165237913154876839321", "price": "0.51", "size": "30", "side": "BUY", "hash": "ebd11f326a5270c572b6f76fac086dccec1a52dd", "best_bid": "0.51", "best_ask": "0.54"}, {"asset_id": "66708675759662702298395769732914383858613037898473941784360692119146346326774", "price": "0.49", "size": "30", "side": "SELL", "hash": "34121f5abfa63075cea5f13edb345469fbb583c2", "best_bid": "0.46", "best_ask": "0.49"}], "timestamp": "1769384676143", "event_type": "price_change"}}
