{"_local_timestamp": "2026-01-25T23:34:22.709779+00:00", "data": [{"market": "0xd9da9ee6a242dba13df6b3dbc7b8656d23b24095530b4792f02dc8a9dde1d2b8", "asset_id": "7123972703794718329642819874202240708274041485788179669884434088818954052902", "timestamp": "1769383982889", "hash": "df9ee9f42fc75faa9cc081ba97020f85477d6072", "bids": [{"price": "0.01", "size": "202.04"}, {"price": "0.02", "size": "117.48"}, {"price": "0.03", "size": "18.99"}, {"price": "0.04", "size": "29.99"}], "asks": [{"price": "0.99", "size": "203.9"}, {"price": "0.98", "size": "97.03"}, {"price": "0.97", "size": "20.67"}, {"price": "0.95", "size": "23.99"}, {"price": "0.94", "size": "5.47"}], "event_type": "book", "last_trade_price": ""}, {"market": "0x120b6d1e5c2c7b2f829888602ed16e792d230a5ff355b089ad6602f609db7186", "asset_id": "62140599186549764849896554376217026066000863933868565357498027555036623231033", "timestamp": "1769381052243", "hash": "682ea2368ec915c2bab702c17160425887ab8ee9", "bids": [{"price": "0.01", "size": "202.04"}, {"price": "0.02", "size": "217.48"}, {"price": "0.03", "size": "18.99"}, {"price": "0.04", "size": "29.99"}], "asks": [{"price": "0.99", "size": "1191.92"}, {"price": "0.98", "size": "150"}, {"price": "0.97", "size": "9.35"}, {"price": "0.95", "size": "12"}, {"price": "0.94", "size": "15.47"}, {"price": "0.69", "size": "292"}], "event_type": "book", "last_trade_price": ""}, {"market": "0xd9da9ee6a242dba13df6b3dbc7b8656d23b24095530b4792f02dc8a9dde1d2b8", "asset_id": "43752723515341616442363272911237517984411275529651927229682631705565587472477", "timestamp": "1769383982889", "hash": "9c29bed3b7e005a1cd0392b5cccbfa8893d77b23", "bids": [{"price": "0.01", "size": "203.9"}, {"price": "0.02", "size": "97.03"}, {"price": "0.03", "size": "20.67"}, {"price": "0.05", "size": "23.99"}, {"price": "0.06", "size": "5.47"}], "asks": [{"price": "0.99", "size": "202.04"}, {"price": "0.98", "size": "117.48"}, {"price": "0.97", "size": "18.99"}, {"price": "0.96", "size": "29.99"}], "event_type": "book", "last_trade_price": ""}, {"market": "0x80ad6a323730550504bfd91a51f369a13a58f9e85d3b253822af758d676dc8b0", "asset_id": "60030254347097287641913434239071732471138533420582004199390934075567708451825", "timestamp": "1769383982889", "hash": "ae2a24fd75a44237110fa3d7ffc9cbca306d6331", "bids": [{"price": "0.01", "size": "202.04"}, {"price": "0.02", "size": "117.48"}, {"price": "0.03", "size": "18.99"}, {"price": "0.04", "size": "29.99"}], "asks": [{"price": "0.99", "size": "203.9"}, {"price": "0.98", "size": "97.03"}, {"price": "0.97", "size": "20.67"}, {"price": "0.95", "size": "23.99"}, {"price": "0.94", "size": "5.47"}], "event_type": "book", "last_trade_price": ""}, {"market": "0x80ad6a323730550504bfd91a51f369a13a58f9e85d3b253822af758d676dc8b0", "asset_id": "63613185962877121507034941248427685509347732021166962762240562835009892128873", "timestamp": "1769383982889", "hash": "214e2aaab399a941981d7fe11446ae4c79de6129", "bids": [{"price": "0.01", "size": "203.9"}, {"price": "0.02", "size": "97.03"}, {"price": "0.03", "size": "20.67"}, {"price": "0.05", "size": "23.99"}, {"price": "0.06", "size": "5.47"}], "asks": [{"price": "0.99", "size": "202.04"}, {"price": "0.98", "size": "117.48"}, {"price": "0.97", "size": "18.99"}, {"price": "0.96", "size": "29.99"}], "event_type": "book", "last_trade_price": ""}, {"market": "0xeb944349ff47de5b4549a21e8c528a479c7753817a684596661840b046d6cba8", "asset_id": "50600544739849936248140466095920930336130180972723750669273451545858736863996", "timestamp": "1769382047196", "hash": "4404a4859ccd3f5c3fb02cca15b72f643fb4e48c", "bids": [{"price": "0.01", "size": "2790.04"}, {"price": "0.02", "size": "2250"}, {"price": "0.03", "size": "8.24"}, {"price": "0.05", "size": "1700"}, {"price": "0.08", "size": "700"}, {"price": "0.09", "size": "7.24"}, {"price": "0.17", "size": "500"}, {"price": "0.19", "size": "200"}, {"price": "0.21", "size": "125"}, {"price": "0.22", "size": "137"}, {"price": "0.34", "size": "10"}, {"price": "0.47", "size": "50"}, {"price": "0.58", "size": "463.61"}], "asks": [{"price": "0.99", "size": "189.87"}, {"price": "0.98", "size": "150"}, {"price": "0.97", "size": "11"}, {"price": "0.93", "size": "300"}, {"price": "0.92", "size": "200"}, {"price": "0.91", "size": "125"}, {"price": "0.9", "size": "80.71"}, {"price": "0.89", "size": "100"}, {"price": "0.66", "size": "50"}], "event_type": "book", "last_trade_price": "0.580"}, {"market": "0x837f63bab45164a748cbf9241eb87449b72178734b3493bf2a50d97005664606", "asset_id": "104069286949461220202513301112982753159909723208199746703124675837794742649809", "timestamp": "1769383982889", "hash": "8432ce466d4d61e9e594a9077dc38e2c8f2aeb3d", "bids": [{"price": "0.01", "size": "247.79"}, {"price": "0.02", "size": "222.24"}, {"price": "0.03", "size": "12.74"}, {"price": "0.05", "size": "23.99"}, {"price": "0.06", "size": "5.47"}], "asks": [{"price": "0.99", "size": "255.04"}, {"price": "0.98", "size": "226.48"}, {"price": "0.97", "size": "18.99"}, {"price": "0.96", "size": "29.99"}], "event_type": "book", "last_trade_price": ""}, {"market": "0x120b6d1e5c2c7b2f829888602ed16e792d230a5ff355b089ad6602f609db7186", "asset_id": "14969631244620072548937238920110952314846202392494614407096742974372068137420", "timestamp": "1769381052243", "hash": "9c1335485d7d495235015c145dffcd24e3958358", "bids": [{"price": "0.01", "size": "1191.92"}, {"price": "0.02", "size": "150"}, {"price": "0.03", "size": "9.35"}, {"price": "0.05", "size": "12"}, {"price": "0.06", "size": "15.47"}, {"price": "0.31", "size": "292"}], "asks": [{"price": "0.99", "size": "202.04"}, {"price": "0.98", "size": "217.48"}, {"price": "0.97", "size": "18.99"}, {"price": "0.96", "size": "29.99"}], "event_type": "book", "last_trade_price": ""}, {"market": "0xeb944349ff47de5b4549a21e8c528a479c7753817a684596661840b046d6cba8", "asset_id": "60703836480711286982172418922209696302757245365413839509843624681127386148512", "timestamp": "1769382047196", "hash": "c73c3d12bebb648be70834afed83a17e19da5f2a", "bids": [{"price": "0.01", "size": "189.87"}, {"price": "0.02", "size": "150"}, {"price": "0.03", "size": "11"}, {"price": "0.07", "size": "300"}, {"price": "0.08", "size": "200"}, {"price": "0.09", "size": "125"}, {"price": "0.1", "size": "80.71"}, {"price": "0.11", "size": "100"}, {"price": "0.34", "size": "50"}], "asks": [{"price": "0.99", "size": "2790.04"}, {"price": "0.98", "size": "2250"}, {"price": "0.97", "size": "8.24"}, {"price": "0.95", "size": "1700"}, {"price": "0.92", "size": "700"}, {"price": "0.91", "size": "7.24"}, {"price": "0.83", "size": "500"}, {"price": "0.81", "size": "200"}, {"price": "0.79", "size": "125"}, {"price": "0.78", "size": "137"}, {"price": "0.66", "size": "10"}, {"price": "0.53", "size": "50"}, {"price": "0.42", "size": "463.61"}], "event_type": "book", "last_trade_price": "0.580"}, {"market": "0x837f63bab45164a748cbf9241eb87449b72178734b3493bf2a50d97005664606", "asset_id": "11205702805310769362946666596934469363884890063300729698622751933484666476454", "timestamp": "1769383982889", "hash": "1d3dea67370e2ebfddff37a2a3a975847b37785e", "bids": [{"price": "0.01", "size": "255.04"}, {"price": "0.02", "size": "226.48"}, {"price": "0.03", "size": "18.99"}, {"price": "0.04", "size": "29.99"}], "asks": [{"price": "0.99", "size": "247.79"}, {"price": "0.98", "size": "222.24"}, {"price": "0.97", "size": "12.74"}, {"price": "0.95", "size": "23.99"}, {"price": "0.94", "size": "5.47"}], "event_type": "book", "last_trade_price": ""}]}
{"_local_timestamp": "2026-01-25T23:34:33.631163+00:00", "data": {"market": "0x80ad6a323730550504bfd91a51f369a13a58f9e85d3b253822af758d676dc8b0", "price_changes": [{"asset_id": "63613185962877121507034941248427685509347732021166962762240562835009892128873", "price": "0.05", "size": "0", "side": "BUY", "hash": "f70a9900307e0281d363202c86bcef7ed386132a", "best_bid": "0.06", "best_ask": "0.96"}, {"asset_id": "60030254347097287641913434239071732471138533420582004199390934075567708451825", "price": "0.95", "size": "0", "side": "SELL", "hash": "c42333b92e22c010e17a3cb394b28de7a42f0d3b", "best_bid": "0.04", "best_ask": "0.94"}], "timestamp": "1769384073386", "event_type": "price_change"}}
{"_local_timestamp": "2026-01-25T23:34:33.730067+00:00", "data": {"market": "0x837f63bab45164a748cbf9241eb87449b72178734b3493bf2a50d97005664606", "price_changes": [{"asset_id": "104069286949461220202513301112982753159909723208199746703124675837794742649809", "price": "0.05", "size": "0", "side": "BUY", "hash": "fbea9561132d474fa10134858416932edff5d283", "best_bid": "0.06", "best_ask": "0.96"}, {"asset_id": "11205702805310769362946666596934469363884890063300729698622751933484666476454", "price": "0.95", "size": "0", "side": "SELL", "hash": "56e2f055c20c04c881da4ebf360d6518532e10f9", "best_bid": "0.04", "best_ask": "0.94"}], "timestamp": "1769384073492", "event_type": "price_change"}}
{"_local_timestamp": "2026-01-25T23:34:33.731412+00:00", "data": {"market": "0xd9da9ee6a242dba13df6b3dbc7b8656d23b24095530b4792f02dc8a9dde1d2b8", "price_changes": [{"asset_id": "43752723515341616442363272911237517984411275529651927229682631705565587472477", "price": "0.05", "size": "0", "side": "BUY", "hash": "b4d36e4c886fbc23a48b499c6d32baa86740e1df", "best_bid": "0.06", "best_ask": "0.96"}, {"asset_id": "7123972703794718329642819874202240708274041485788179669884434088818954052902", "price": "0.95", "size": "0", "side": "SELL", "hash": "7c10d0151704b389b676308d1b05a74685eed8e5", "best_bid": "0.04", "best_ask": "0.94"}], "timestamp": "1769384073492", "event_type": "price_change"}}
{"_local_timestamp": "2026-01-25T23:34:35.299830+00:00", "data": {"market": "0xd9da9ee6a242dba13df6b3dbc7b8656d23b24095530b4792f02dc8a9dde1d2b8", "price_changes": [{"asset_id": "43752723515341616442363272911237517984411275529651927229682631705565587472477", "price": "0.06", "size": "0", "side": "BUY", "hash": "d365b5e65443f9c667450bd3f4309b541f7f0b70", "best_bid": "0.03", "best_ask": "0.96"}, {"asset_id": "7123972703794718329642819874202240708274041485788179669884434088818954052902", "price": "0.94", "size": "0", "side": "SELL", "hash": "994876c8c195d29c516eb726c73adf8ad16e15f1", "best_bid": "0.04", "best_ask": "0.97"}], "timestamp": "1769384075057", "event_type": "price_change"}}
{"_local_timestamp": "2026-01-25T23:34:35.300397+00:00", "data": {"market": "0x80ad6a323730550504bfd91a51f369a13a58f9e85d3b253822af758d676dc8b0", "price_changes": [{"asset_id": "63613185962877121507034941248427685509347732021166962762240562835009892128873", "price": "0.06", "size": "0", "side": "BUY", "hash": "44ce5e24489953ca5be2321e10c3ed8b4fd98197", "best_bid": "0.03", "best_ask": "0.96"}, {"asset_id": "60030254347097287641913434239071732471138533420582004199390934075567708451825", "price": "0.94", "size": "0", "side": "SELL", "hash": "c9ff929e18ad7348d5254d31b37349d657d2f674", "best_bid": "0.04", "best_ask": "0.97"}], "timestamp": "1769384075057", "event_type": "price_change"}}
{"_local_timestamp": "2026-01-25T23:34:35.317940+00:00", "data": {"market": "0x837f63bab45164a748cbf9241eb87449b72178734b3493bf2a50d97005664606", "price_changes": [{"asset_id": "104069286949461220202513301112982753159909723208199746703124675837794742649809", "price": "0.06", "size": "0", "side": "BUY", "hash": "43ed78dac848ba9af6030fc9fe6ac9cb53c521a3", "best_bid": "0.03", "best_ask": "0.96"}, {"asset_id": "11205702805310769362946666596934469363884890063300729698622751933484666476454", "price": "0.94", "size": "0", "side": "SELL", "hash": "7d8b8635fc2af41101f929b84a4c0834d033bc29", "best_bid": "0.04", "best_ask": "0.97"}], "timestamp": "1769384075057", "event_type": "price_change"}}
{"_local_timestamp": "2026-01-25T23:34:35.513113+00:00", "data": {"market": "0x837f63bab45164a748cbf9241eb87449b72178734b3493bf2a50d97005664606", "price_changes": [{"asset_id": "104069286949461220202513301112982753159909723208199746703124675837794742649809", "price": "0.04", "size": "5.47", "side": "BUY", "hash": "c7ec89f3488b0e42b4ec920b89069d2babae51fb", "best_bid": "0.04", "best_ask": "0.96"}, {"asset_id": "11205702805310769362946666596934469363884890063300729698622751933484666476454", "price": "0.96", "size": "5.47", "side": "SELL", "hash": "7cae585091d13e8ebc5347d39dd77b3712944c74", "best_bid": "0.04", "best_ask": "0.96"}], "timestamp": "1769384075275", "event_type": "price_change"}}
{"_local_timestamp": "2026-01-25T23:34:35.513552+00:00", "data": {"market": "0xd9da9ee6a242dba13df6b3dbc7b8656d23b24095530b4792f02dc8a9dde1d2b8", "price_changes": [{"asset_id": "43752723515341616442363272911237517984411275529651927229682631705565587472477", "price": "0.04", "size": "5.47", "side": "BUY", "hash": "11d10bf1df5907e7bf238b6603033731f7cc16d9", "best_bid": "0.04", "best_ask": "0.96"}, {"asset_id": "7123972703794718329642819874202240708274041485788179669884434088818954052902", "price": "0.96", "size": "5.47", "side": "SELL", "hash": "7c2f091681a1094a0226eba72124b7685964ca1a", "best_bid": "0.04", "best_ask": "0.96"}], "timestamp": "1769384075275", "event_type": "price_change"}}
{"_local_timestamp": "2026-01-25T23:34:35.515095+00:00", "data": {"market": "0x80ad6a323730550504bfd91a51f369a13a58f9e85d3b253822af758d676dc8b0", "price_changes": [{"asset_id": "63613185962877121507034941248427685509347732021166962762240562835009892128873", "price": "0.04", "size": "5.47", "side": "BUY", "hash": "fab9946654aa3048745e5f8aebf5ef5285ce67ac", "best_bid": "0.04", "best_ask": "0.96"}, {"asset_id": "60030254347097287641913434239071732471138533420582004199390934075567708451825", "price": "0.96", "size": "5.47", "side": "SELL", "hash": "370681460fa0ddde27c8353be9e33db440e55fe0", "best_bid": "0.04", "best_ask": "0.96"}], "timestamp": "1769384075275", "event_type": "price_change"}}
{"_local_timestamp": "2026-01-25T23:35:58.228653+00:00", "data": {"market": "0x837f63bab45164a748cbf9241eb87449b72178734b3493bf2a50d97005664606", "price_changes": [{"asset_id": "104069286949461220202513301112982753159909723208199746703124675837794742649809", "price": "0.03", "size": "21.03", "side": "BUY", "hash": "9c161eb21abfdb9f453a712831f18b1c90415e57", "best_bid": "0.04", "best_ask": "0.96"}, {"asset_id": "11205702805310769362946666596934469363884890063300729698622751933484666476454", "price": "0.97", "size": "21.03", "side": "SELL", "hash": "43e25a66549b13ae36df93033989427bc8b5c4d4", "best_bid": "0.04", "best_ask": "0.96"}], "timestamp": "1769384158133", "event_type": "price_change"}}
{"_local_timestamp": "2026-01-25T23:35:58.230540+00:00", "data": {"market": "0x837f63bab45164a748cbf9241eb87449b72178734b3493bf2a50d97005664606", "price_changes": [{"asset_id": "104069286949461220202513301112982753159909723208199746703124675837794742649809", "price": "0.01", "size": "257.41", "side": "BUY", "hash": "19589984851353387d14ab35267b12496267798b", "best_bid": "0.04", "best_ask": "0.96"}, {"asset_id": "11205702805310769362946666596934469363884890063300729698622751933484666476454", "price": "0.99", "size": "257.41", "side": "SELL", "hash": "8ba4eb3789e65b5d67684a51d35811feee2f7ba5", "best_bid": "0.04", "best_ask": "0.96"}], "timestamp": "1769384158134", "event_type": "price_change"}}
{"_local_timestamp": "2026-01-25T23:36:05.446904+00:00", "data": {"market": "0x80ad6a323730550504bfd91a51f369a13a58f9e85d3b253822af758d676dc8b0", "price_changes": [{"asset_id": "63613185962877121507034941248427685509347732021166962762240562835009892128873", "price": "0.05", "size": "23.99", "side": "BUY", "hash": "f08989c2f241f40e1a96ad14295479c2aacf6f40", "best_bid": "0.05", "best_ask": "0.96"}, {"asset_id": "60030254347097287641913434239071732471138533420582004199390934075567708451825", "price": "0.95", "size": "23.99", "side": "SELL", "hash": "e0fca77b099ba71044412a1c6aee192aade75865", "best_bid": "0.04", "best_ask": "0.95"}], "timestamp": "1769384165373", "event_type": "price_change"}}
{"_local_timestamp": "2026-01-25T23:36:05.550894+00:00", "data": {"market": "0xd9da9ee6a242dba13df6b3dbc7b8656d23b24095530b4792f02dc8a9dde1d2b8", "price_changes": [{"asset_id": "43752723515341616442363272911237517984411275529651927229682631705565587472477", "price": "0.05", "size": "23.99", "side": "BUY", "hash": "9c7320d3c7774d157d6f092c47fd4a04cc7f79af", "best_bid": "0.05", "best_ask": "0.96"}, {"asset_id": "7123972703794718329642819874202240708274041485788179669884434088818954052902", "price": "0.95", "size": "23.99", "side": "SELL", "hash": "148d8b0cff15115ac0a10c08d18844182b48b0bf", "best_bid": "0.04", "best_ask": "0.95"}], "timestamp": "1769384165482", "event_type": "price_change"}}
{"_local_timestamp": "2026-01-25T23:36:05.653026+00:00", "data": {"market": "0x837f63bab45164a748cbf9241eb87449b72178734b3493bf2a50d97005664606", "price_changes": [{"asset_id": "104069286949461220202513301112982753159909723208199746703124675837794742649809", "price": "0.05", "size": "23.99", "side": "BUY", "hash": "ae1185115cc7e6d7b7ace784a9838dd2a8fb08b0", "best_bid": "0.05", "best_ask": "0.96"}, {"asset_id": "11205702805310769362946666596934469363884890063300729698622751933484666476454", "price": "0.95", "size": "23.99", "side": "SELL", "hash": "69d191f3da8e38ec0fec2fa393688917b225fea7", "best_bid": "0.04", "best_ask": "0.95"}], "timestamp": "1769384165580", "event_type": "price_change"}}
{"_local_timestamp": "2026-01-25T23:36:09.190768+00:00", "data": {"market": "0x837f63bab45164a748cbf9241eb87449b72178734b3493bf2a50d97005664606", "price_changes": [{"asset_id": "104069286949461220202513301112982753159909723208199746703124675837794742649809", "price": "0.04", "size": "0", "side": "BUY", "hash": "b38e9e30b6e56a58b261d7d7cebf7722ed6743d1", "best_bid": "0.05", "best_ask": "0.96"}, {"asset_id": "11205702805310769362946666596934469363884890063300729698622751933484666476454", "price": "0.96", "size": "0", "side": "SELL", "hash": "2070e94e47e696659d968d25558a17a515c268d3", "best_bid": "0.04", "best_ask": "0.95"}], "timestamp": "1769384169122", "event_type": "price_change"}}
{"_local_timestamp": "2026-01-25T23:36:09.198740+00:00", "data": {"market": "0xd9da9ee6a242dba13df6b3dbc7b8656d23b24095530b4792f02dc8a9dde1d2b8", "price_changes": [{"asset_id": "43752723515341616442363272911237517984411275529651927229682631705565587472477", "price": "0.04", "size": "0", "side": "BUY", "hash": "f80a76bc6698ff6525d1a8e4ff250efadf37cb86", "best_bid": "0.05", "best_ask": "0.96"}, {"asset_id": "7123972703794718329642819874202240708274041485788179669884434088818954052902", "price": "0.96", "size": "0", "side": "SELL", "hash": "73e1f14a418e11aa573ed6e73b19ec0a98588b73", "best_bid": "0.04", "best_ask": "0.95"}], "timestamp": "1769384169122", "event_type": "price_change"}}
{"_local_timestamp": "2026-01-25T23:36:09.199140+00:00", "data": {"market": "0x80ad6a323730550504bfd91a51f369a13a58f9e85d3b253822af758d676dc8b0", "price_changes": [{"asset_id": "63613185962877121507034941248427685509347732021166962762240562835009892128873", "price": "0.04", "size": "0", "side": "BUY", "hash": "67091a1c22dbac6dbee4c4207b436a1e0b9b5931", "best_bid": "0.05", "best_ask": "0.96"}, {"asset_id": "60030254347097287641913434239071732471138533420582004199390934075567708451825", "price": "0.96", "size": "0", "side": "SELL", "hash": "41b12fd3990da6fc9a1b940febac21b53b8078f2", "best_bid": "0.04", "best_ask": "0.95"}], "timestamp": "1769384169123", "event_type": "price_change"}}
{"_local_timestamp": "2026-01-25T23:36:09.534565+00:00", "data": {"market": "0xd9da9ee6a242dba13df6b3dbc7b8656d23b24095530b4792f02dc8a9dde1d2b8", "price_changes": [{"asset_id": "43752723515341616442363272911237517984411275529651927229682631705565587472477", "price": "0.06", "size": "5.47", "side": "BUY", "hash": "4daf62d09eaf168469f015aa19635d4525bf0349", "best_bid": "0.06", "best_ask": "0.96"}, {"asset_id": "7123972703794718329642819874202240708274041485788179669884434088818954052902", "price": "0.94", "size": "5.47", "side": "SELL", "hash": "fab1b3e30fa8f0a4a6b9a2aa07123c1117bfb17d", "best_bid": "0.04", "best_ask": "0.94"}], "timestamp": "1769384169465", "event_type": "price_change"}}
{"_local_timestamp": "2026-01-25T23:36:09.534949+00:00", "data": {"market": "0x80ad6a323730550504bfd91a51f369a13a58f9e85d3b253822af758d676dc8b0", "price_changes": [{"asset_id": "63613185962877121507034941248427685509347732021166962762240562835009892128873", "price": "0.06", "size": "5.47", "side": "BUY", "hash": "ce49f4ae8e496e7b9b32fbc8c92ef2e24318491b", "best_bid": "0.06", "best_ask": "0.96"}, {"asset_id": "60030254347097287641913434239071732471138533420582004199390934075567708451825", "price": "0.94", "size": "5.47", "side": "SELL", "hash": "9afea04ad45fc18a10c991dc76cf5f7341d8e276", "best_bid": "0.04", "best_ask": "0.94"}], "timestamp": "1769384169465", "event_type": "price_change"}}
{"_local_timestamp": "2026-01-25T23:36:09.535281+00:00", "data": {"market": "0x837f63bab45164a748cbf9241eb87449b72178734b3493bf2a50d97005664606", "price_changes": [{"asset_id": "104069286949461220202513301112982753159909723208199746703124675837794742649809", "price": "0.06", "size": "5.47", "side": "BUY", "hash": "26eeaccc0441ffc7757a7565abfd8e45f14e9507", "best_bid": "0.06", "best_ask": "0.96"}, {"asset_id": "11205702805310769362946666596934469363884890063300729698622751933484666476454", "price": "0.94", "size": "5.47", "side": "SELL", "hash": "3f1b8b1bec0c73c12b40aca4730a33fb06547743", "best_bid": "0.04", "best_ask": "0.94"}], "timestamp": "1769384169465", "event_type": "price_change"}}
{"_local_timestamp": "2026-01-25T23:37:43.047865+00:00", "data": {"market": "0x80ad6a323730550504bfd91a51f369a13a58f9e85d3b253822af758d676dc8b0", "price_changes": [{"asset_id": "63613185962877121507034941248427685509347732021166962762240562835009892128873", "price": "0.05", "size": "0", "side": "BUY", "hash": "e82b80cb535c941e6d55a53f0c56d6bd706d1a55", "best_bid": "0.06", "best_ask": "0.96"}, {"asset_id": "60030254347097287641913434239071732471138533420582004199390934075567708451825", "price": "0.95", "size": "0", "side": "SELL", "hash": "428bf8a27dec7b60fdfa5f3ca04daf2a2b9f2ab4", "best_bid": "0.04", "best_ask": "0.94"}], "timestamp": "1769384262963", "event_type": "price_change"}}
{"_local_timestamp": "2026-01-25T23:37:43.245980+00:00", "data": {"market": "0x837f63bab45164a748cbf9241eb87449b72178734b3493bf2a50d97005664606", "price_changes": [{"asset_id": "104069286949461220202513301112982753159909723208199746703124675837794742649809", "price": "0.05", "size": "0", "side": "BUY", "hash": "99093e5da59afe357f0343dab3d9fec25e0a7b59", "best_bid": "0.06", "best_ask": "0.96"}, {"asset_id": "11205702805310769362946666596934469363884890063300729698622751933484666476454", "price": "0.95", "size": "0", "side": "SELL", "hash": "f3a80359ee5b5ef9f31d8d0bb09794a174a911c9", "best_bid": "0.04", "best_ask": "0.94"}], "timestamp": "1769384263172", "event_type": "price_change"}}
{"_local_timestamp": "2026-01-25T23:37:43.343652+00:00", "data": {"market": "0xd9da9ee6a242dba13df6b3dbc7b8656d23b24095530b4792f02dc8a9dde1d2b8", "price_changes": [{"asset_id": "43752723515341616442363272911237517984411275529651927229682631705565587472477", "price": "0.05", "size": "0", "side": "BUY", "hash": "af615616cef1b04a8ed8104a37f67ae01fa9c340", "best_bid": "0.06", "best_ask": "0.96"}, {"asset_id": "7123972703794718329642819874202240708274041485788179669884434088818954052902", "price": "0.95", "size": "0", "side": "SELL", "hash": "d7cbe840a1afbecdf1ceef25fa62265bf277115a", "best_bid": "0.04", "best_ask": "0.94"}], "timestamp": "1769384263268", "event_type": "price_change"}}
{"_local_timestamp": "2026-01-25T23:37:46.230469+00:00", "data": {"market": "0xd9da9ee6a242dba13df6b3dbc7b8656d23b24095530b4792f02dc8a9dde1d2b8", "price_changes": [{"asset_id": "43752723515341616442363272911237517984411275529651927229682631705565587472477", "price": "0.06", "size": "0", "side": "BUY", "hash": "62e5a624855f07edd18e7b5618ca553bb91c0c73", "best_bid": "0.03", "best_ask": "0.96"}, {"asset_id": "7123972703794718329642819874202240708274041485788179669884434088818954052902", "price": "0.94", "size": "0", "side": "SELL", "hash": "8a349502b0f35571e2dc82e036af56d6c85617c9", "best_bid": "0.04", "best_ask": "0.97"}], "timestamp": "1769384266141", "event_type": "price_change"}}
{"_local_timestamp": "2026-01-25T23:37:46.231541+00:00", "data": {"market": "0x837f63bab45164a748cbf9241eb87449b72178734b3493bf2a50d97005664606", "price_changes": [{"asset_id": "104069286949461220202513301112982753159909723208199746703124675837794742649809", "price": "0.06", "size": "0", "side": "BUY", "hash": "16d4b018975424bc738a2be94c6535bf860ffb83", "best_bid": "0.03", "best_ask": "0.96"}, {"asset_id": "11205702805310769362946666596934469363884890063300729698622751933484666476454", "price": "0.94", "size": "0", "side": "SELL", "hash": "ae717b0965ba1ce473c9f91352fe638b1aa67933", "best_bid": "0.04", "best_ask": "0.97"}], "timestamp": "1769384266141", "event_type": "price_change"}}
{"_local_timestamp": "2026-01-25T23:37:46.250175+00:00", "data": {"market": "0x80ad6a323730550504bfd91a51f369a13a58f9e85d3b253822af758d676dc8b0", "price_changes": [{"asset_id": "63613185962877121507034941248427685509347732021166962762240562835009892128873", "price": "0.06", "size": "0", "side": "BUY", "hash": "93a1d9a74e400d5259acc7c9eb962df070f07b27", "best_bid": "0.03", "best_ask": "0.96"}, {"asset_id": "60030254347097287641913434239071732471138533420582004199390934075567708451825", "price": "0.94", "size": "0", "side": "SELL", "hash": "88ff14570ebec7e6be0279719f88510dd58af44e", "best_bid": "0.04", "best_ask": "0.97"}], "timestamp": "1769384266142", "event_type": "price_change"}}
{"_local_timestamp": "2026-01-25T23:37:46.450489+00:00", "data": {"market": "0x80ad6a323730550504bfd91a51f369a13a58f9e85d3b253822af758d676dc8b0", "price_changes": [{"asset_id": "63613185962877121507034941248427685509347732021166962762240562835009892128873", "price": "0.04", "size": "5.47", "side": "BUY", "hash": "de2f0ae6d10f3ac4303516c5aa028ad7cf5773f1", "best_bid": "0.04", "best_ask": "0.96"}, {"asset_id": "60030254347097287641913434239071732471138533420582004199390934075567708451825", "price": "0.96", "size": "5.47", "side": "SELL", "hash": "4ca3a4abbfd8e97e349851227ba18c194298528c", "best_bid": "0.04", "best_ask": "0.96"}], "timestamp": "1769384266343", "event_type": "price_change"}}
{"_local_timestamp": "2026-01-25T23:37:46.450958+00:00", "data": {"market": "0x837f63bab45164a748cbf9241eb87449b72178734b3493bf2a50d97005664606", "price_changes": [{"asset_id": "104069286949461220202513301112982753159909723208199746703124675837794742649809", "price": "0.04", "size": "5.47", "side": "BUY", "hash": "7549ed797368e2520a0ceb791609bc791f00bf9c", "best_bid": "0.04", "best_ask": "0.96"}, {"asset_id": "11205702805310769362946666596934469363884890063300729698622751933484666476454", "price": "0.96", "size": "5.47", "side": "SELL", "hash": "f8b2421a0a4004c0aba5ade357e25af5774ec0d2", "best_bid": "0.04", "best_ask": "0.96"}], "timestamp": "1769384266343", "event_type": "price_change"}}
{"_local_timestamp": "2026-01-25T23:37:46.451314+00:00", "data": {"market": "0xd9da9ee6a242dba13df6b3dbc7b8656d23b24095530b4792f02dc8a9dde1d2b8", "price_changes": [{"asset_id": "43752723515341616442363272911237517984411275529651927229682631705565587472477", "price": "0.04", "size": "5.47", "side": "BUY", "hash": "667b34129506b12f38a43cdd484094bbb3189c2f", "best_bid": "0.04", "best_ask": "0.96"}, {"asset_id": "7123972703794718329642819874202240708274041485788179669884434088818954052902", "price": "0.96", "size": "5.47", "side": "SELL", "hash": "68432cbae0eac39c28c04a3ffbee494763f05845", "best_bid": "0.04", "best_ask": "0.96"}], "timestamp": "1769384266343", "event_type": "price_change"}}
