{"_local_timestamp": "2026-01-25T23:34:27.176417+00:00", "data": [{"market": "0xecab5856d2b74148e24779ceb1d55beaeff735a35a24eaf8086f38cc1dca930d", "asset_id": "79788589745368898637261013391422954244612395679051059095387728373877288890775", "timestamp": "1769379748718", "hash": "8e71fa6efc7de74f45e5d5e0c043d1a26ed2195e", "bids": [{"price": "0.01", "size": "344.79"}, {"price": "0.02", "size": "26.15"}, {"price": "0.04", "size": "50"}, {"price": "0.05", "size": "125"}, {"price": "0.06", "size": "10.95"}], "asks": [{"price": "0.99", "size": "348.81"}, {"price": "0.98", "size": "25.56"}, {"price": "0.97", "size": "251"}, {"price": "0.96", "size": "50"}, {"price": "0.95", "size": "6.01"}], "event_type": "book", "last_trade_price": ""}, {"market": "0xb88e69197fc4b465e7ef480cb9b5e3c3bdd28276bea24ab1f529d73a4340c8da", "asset_id": "15601403946089434375954572788172178936017747366771218471962792605004318536089", "timestamp": "1769380755706", "hash": "e7fe33155445a872269f680945300f51dd508016", "bids": [{"price": "0.01", "size": "344.79"}, {"price": "0.02", "size": "26.15"}, {"price": "0.04", "size": "50"}, {"price": "0.05", "size": "125"}, {"price": "0.06", "size": "10.95"}], "asks": [{"price": "0.99", "size": "348.81"}, {"price": "0.98", "size": "25.56"}, {"price": "0.97", "size": "251"}, {"price": "0.96", "size": "50"}, {"price": "0.95", "size": "6.01"}], "event_type": "book", "last_trade_price": ""}, {"market": "0x0d60aa6bfc6e79f68f29e577b179ea4094964c55dc1afa3c22d6db5e2f264609", "asset_id": "96407467856105194087566659589951414722959525250639940218072011120880290307902", "timestamp": "1769383985086", "hash": "4cb169065aba794e9ca98e73ac02c6fbb3929d22", "bids": [{"price": "0.01", "size": "10601.22"}, {"price": "0.02", "size": "26.16"}, {"price": "0.03", "size": "4157.32"}, {"price": "0.04", "size": "50"}, {"price": "0.05", "size": "100"}, {"price": "0.06", "size": "1145.59"}, {"price": "0.07", "size": "895.58"}], "asks": [{"price": "0.99", "size": "10605.24"}, {"price": "0.98", "size": "25.56"}, {"price": "0.97", "size": "4157.32"}, {"price": "0.96", "size": "1227.11"}, {"price": "0.95", "size": "966.12"}], "event_type": "book", "last_trade_price": ""}, {"market": "0x34ba852f9a171a79e33281269ac45a635625c8778915341d7db31e58de30b93e", "asset_id": "19130946025210704303918273498246346379598682034152693378792131446942946937501", "timestamp": "1769383979883", "hash": "071865ce672d39df6f90c527d7b9ee3f210ef4aa", "bids": [{"price": "0.01", "size": "11294.33"}, {"price": "0.02", "size": "42.6"}, {"price": "0.06", "size": "1140.11"}, {"price": "0.07", "size": "895.58"}], "asks": [{"price": "0.99", "size": "11294.33"}, {"price": "0.98", "size": "42.6"}, {"price": "0.94", "size": "1140.11"}, {"price": "0.93", "size": "890.11"}], "event_type": "book", "last_trade_price": ""}, {"market": "0x46769abdaeb278ab2f5e26ee746a5a41a5a13c4453a1b7ccd97b3975c3cc2455", "asset_id": "86648493031520076249398625096396860544902767930612230163553115702213784114636", "timestamp": "1769383979847", "hash": "b0c43f5b3012b58cb7535632d1771943e61fccac", "bids": [{"price": "0.01", "size": "11301.58"}, {"price": "0.02", "size": "20.47"}, {"price": "0.03", "size": "1140.11"}, {"price": "0.04", "size": "929.35"}], "asks": [{"price": "0.99", "size": "11294.33"}, {"price": "0.98", "size": "42.6"}, {"price": "0.94", "size": "1140.11"}, {"price": "0.93", "size": "895.58"}], "event_type": "book", "last_trade_price": ""}, {"market": "0x1d23651883e7168ddcaa829b632f21c18d34ed855b382078433fa8744192c550", "asset_id": "62124174259624486512134838000500600230167348183046541554192981839622171172808", "timestamp": "1769384061841", "hash": "d35bdc7c941f332c9432eca4870222bbdf066f81", "bids": [{"price": "0.01", "size": "9044.31"}, {"price": "0.02", "size": "1000"}, {"price": "0.03", "size": "1100"}, {"price": "0.04", "size": "5.32"}, {"price": "0.05", "size": "20"}, {"price": "0.06", "size": "33"}, {"price": "0.07", "size": "1700"}, {"price": "0.08", "size": "3567.21"}, {"price": "0.09", "size": "400"}, {"price": "0.11", "size": "5.77"}, {"price": "0.15", "size": "300"}, {"price": "0.17", "size": "300"}, {"price": "0.19", "size": "200"}, {"price": "0.2", "size": "525"}, {"price": "0.22", "size": "75"}, {"price": "0.55", "size": "5890.11"}, {"price": "0.56", "size": "1780.22"}], "asks": [{"price": "0.99", "size": "7084.76"}, {"price": "0.98", "size": "4163.27"}, {"price": "0.97", "size": "250"}, {"price": "0.96", "size": "20.6"}, {"price": "0.89", "size": "300"}, {"price": "0.88", "size": "300"}, {"price": "0.87", "size": "125"}, {"price": "0.86", "size": "75"}, {"price": "0.78", "size": "10"}, {"price": "0.75", "size": "5890.11"}, {"price": "0.74", "size": "906.11"}, {"price": "0.73", "size": "10"}], "event_type": "book", "last_trade_price": "0.570"}, {"market": "0x7d90d7ee3d9f768566c5bae4629044765e0807a7874676016c6d4119ba8fe725", "asset_id": "53138798170546532070266418022707152023005462526321162967212934445006928652459", "timestamp": "1769383982897", "hash": "e4f9666fd29da71e44bfaffd513dfc6d1ff2ee45", "bids": [{"price": "0.01", "size": "10601.22"}, {"price": "0.02", "size": "26.15"}, {"price": "0.04", "size": "50"}, {"price": "0.05", "size": "100"}, {"price": "0.06", "size": "1145.59"}, {"price": "0.07", "size": "895.58"}], "asks": [{"price": "0.99", "size": "10601.22"}, {"price": "0.98", "size": "13.72"}, {"price": "0.97", "size": "66"}, {"price": "0.96", "size": "80.21"}, {"price": "0.95", "size": "1180.11"}, {"price": "0.94", "size": "895.59"}], "event_type": "book", "last_trade_price": ""}, {"market": "0xb88e69197fc4b465e7ef480cb9b5e3c3bdd28276bea24ab1f529d73a4340c8da", "asset_id": "49651830105823541059803407556854733276573489631641566425158397972044687961571", "timestamp": "1769380755706", "hash": "7436ef9b0cbdfee492340d18be4be94eeca20d98", "bids": [{"price": "0.01", "size": "348.81"}, {"price": "0.02", "size": "25.56"}, {"price": "0.03", "size": "251"}, {"price": "0.04", "size": "50"}, {"price": "0.05", "size": "6.01"}], "asks": [{"price": "0.99", "size": "344.79"}, {"price": "0.98", "size": "26.15"}, {"price": "0.96", "size": "50"}, {"price": "0.95", "size": "125"}, {"price": "0.94", "size": "10.95"}], "event_type": "book", "last_trade_price": ""}, {"market": "0xecab5856d2b74148e24779ceb1d55beaeff735a35a24eaf8086f38cc1dca930d", "asset_id": "66277337645479014364243291217928808924521764723996047860795911417495336392549", "timestamp": "1769379748718", "hash": "9a96c41195dc34d1382f65de404d9d02354e7aaa", "bids": [{"price": "0.01", "size": "348.81"}, {"price": "0.02", "size": "25.56"}, {"price": "0.03", "size": "251"}, {"price": "0.04", "size": "50"}, {"price": "0.05", "size": "6.01"}], "asks": [{"price": "0.99", "size": "344.79"}, {"price": "0.98", "size": "26.15"}, {"price": "0.96", "size": "50"}, {"price": "0.95", "size": "125"}, {"price": "0.94", "size": "10.95"}], "event_type": "book", "last_trade_price": ""}, {"market": "0x1d23651883e7168ddcaa829b632f21c18d34ed855b382078433fa8744192c550", "asset_id": "38448941521003008078070054674263158800195186458233326397723121728551006779124", "timestamp": "1769384061841", "hash": "09069f7e99a9be223a0bcece55e42f3e17be6b1c", "bids": [{"price": "0.01", "size": "7084.76"}, {"price": "0.02", "size": "4163.27"}, {"price": "0.03", "size": "250"}, {"price": "0.04", "size": "20.6"}, {"price": "0.11", "size": "300"}, {"price": "0.12", "size": "300"}, {"price": "0.13", "size": "125"}, {"price": "0.14", "size": "75"}, {"price": "0.22", "size": "10"}, {"price": "0.25", "size": "5890.11"}, {"price": "0.26", "size": "906.11"}, {"price": "0.27", "size": "10"}], "asks": [{"price": "0.99", "size": "9044.31"}, {"price": "0.98", "size": "1000"}, {"price": "0.97", "size": "1100"}, {"price": "0.96", "size": "5.32"}, {"price": "0.95", "size": "20"}, {"price": "0.94", "size": "33"}, {"price": "0.93", "size": "1700"}, {"price": "0.92", "size": "3567.21"}, {"price": "0.91", "size": "400"}, {"price": "0.89", "size": "5.77"}, {"price": "0.85", "size": "300"}, {"price": "0.83", "size": "300"}, {"price": "0.81", "size": "200"}, {"price": "0.8", "size": "525"}, {"price": "0.78", "size": "75"}, {"price": "0.45", "size": "5890.11"}, {"price": "0.44", "size": "1780.22"}], "event_type": "book", "last_trade_price": "0.570"}, {"market": "0x7d90d7ee3d9f768566c5bae4629044765e0807a7874676016c6d4119ba8fe725", "asset_id": "93951835021336694990758953286322783700307331662574432954903227191125538841661", "timestamp": "1769383982897", "hash": "9531493db77a02a695dd21c8194f212628a81493", "bids": [{"price": "0.01", "size": "10601.22"}, {"price": "0.02", "size": "13.72"}, {"price": "0.03", "size": "66"}, {"price": "0.04", "size": "80.21"}, {"price": "0.05", "size": "1180.11"}, {"price": "0.06", "size": "895.59"}], "asks": [{"price": "0.99", "size": "10601.22"}, {"price": "0.98", "size": "26.15"}, {"price": "0.96", "size": "50"}, {"price": "0.95", "size": "100"}, {"price": "0.94", "size": "1145.59"}, {"price": "0.93", "size": "895.58"}], "event_type": "book", "last_trade_price": ""}, {"market": "0x34ba852f9a171a79e33281269ac45a635625c8778915341d7db31e58de30b93e", "asset_id": "15382188098153946432529240973819099988809574613081278552576678031936826273231", "timestamp": "1769383979883", "hash": "8da165488d5a824760888d1d21e9c298f828af7a", "bids": [{"price": "0.01", "size": "11294.33"}, {"price": "0.02", "size": "42.6"}, {"price": "0.06", "size": "1140.11"}, {"price": "0.07", "size": "890.11"}], "asks": [{"price": "0.99", "size": "11294.33"}, {"price": "0.98", "size": "42.6"}, {"price": "0.94", "size": "1140.11"}, {"price": "0.93", "size": "895.58"}], "event_type": "book", "last_trade_price": ""}, {"market": "0xe260d11218a4809848929e6f0bb64fb3d0dcd5dd20761a62c80bcce15ef3da2b", "asset_id": "29644742175344755766236153466666413897007229481220809594825833325649526122277", "timestamp": "1769383982896", "hash": "187313840e700bf8432f8554eb85a20b92267768", "bids": [{"price": "0.01", "size": "10598.82"}, {"price": "0.02", "size": "21.91"}, {"price": "0.04", "size": "50"}, {"price": "0.05", "size": "100"}, {"price": "0.06", "size": "12.76"}, {"price": "0.08", "size": "1140.11"}, {"price": "0.09", "size": "890.11"}], "asks": [{"price": "0.99", "size": "10601.22"}, {"price": "0.98", "size": "13.72"}, {"price": "0.97", "size": "66"}, {"price": "0.96", "size": "80.21"}, {"price": "0.95", "size": "1180.11"}, {"price": "0.94", "size": "895.59"}], "event_type": "book", "last_trade_price": ""}, {"market": "0x0d60aa6bfc6e79f68f29e577b179ea4094964c55dc1afa3c22d6db5e2f264609", "asset_id": "15183148042520797044496018946294240187144293861022582565963140976454046464168", "timestamp": "1769383985086", "hash": "e2a7e03433a2f4fc184881e372afe1e8f323f30d", "bids": [{"price": "0.01", "size": "10605.24"}, {"price": "0.02", "size": "25.56"}, {"price": "0.03", "size": "4157.32"}, {"price": "0.04", "size": "1227.11"}, {"price": "0.05", "size": "966.12"}], "asks": [{"price": "0.99", "size": "10601.22"}, {"price": "0.98", "size": "26.16"}, {"price": "0.97", "size": "4157.32"}, {"price": "0.96", "size": "50"}, {"price": "0.95", "size": "100"}, {"price": "0.94", "size": "1145.59"}, {"price": "0.93", "size": "895.58"}], "event_type": "book", "last_trade_price": ""}, {"market": "0x46769abdaeb278ab2f5e26ee746a5a41a5a13c4453a1b7ccd97b3975c3cc2455", "asset_id": "27067922364472573345152564556161514424055986590930264235168056954363856467540", "timestamp": "1769383979847", "hash": "a66b2cb228b435271a91f452d9a75f84715e340b", "bids": [{"price": "0.01", "size": "11294.33"}, {"price": "0.02", "size": "42.6"}, {"price": "0.06", "size": "1140.11"}, {"price": "0.07", "size": "895.58"}], "asks": [{"price": "0.99", "size": "11301.58"}, {"price": "0.98", "size": "20.47"}, {"price": "0.97", "size": "1140.11"}, {"price": "0.96", "size": "929.35"}], "event_type": "book", "last_trade_price": ""}, {"market": "0xe260d11218a4809848929e6f0bb64fb3d0dcd5dd20761a62c80bcce15ef3da2b", "asset_id": "110952803010852045756957080318431382899028322420646773203881603597380791172581", "timestamp": "1769383982896", "hash": "9af53da81dac1c758e224f957e4861a9250fe7c3", "bids": [{"price": "0.01", "size": "10601.22"}, {"price": "0.02", "size": "13.72"}, {"price": "0.03", "size": "66"}, {"price": "0.04", "size": "80.21"}, {"price": "0.05", "size": "1180.11"}, {"price": "0.06", "size": "895.59"}], "asks": [{"price": "0.99", "size": "10598.82"}, {"price": "0.98", "size": "21.91"}, {"price": "0.96", "size": "50"}, {"price": "0.95", "size": "100"}, {"price": "0.94", "size": "12.76"}, {"price": "0.92", "size": "1140.11"}, {"price": "0.91", "size": "890.11"}], "event_type": "book", "last_trade_price": ""}]}
{"_local_timestamp": "2026-01-25T23:34:30.189019+00:00", "data": {"market": "0x1d23651883e7168ddcaa829b632f21c18d34ed855b382078433fa8744192c550", "price_changes": [{"asset_id": "62124174259624486512134838000500600230167348183046541554192981839622171172808", "price": "0.09", "size": "0", "side": "BUY", "hash": "5c1e248e48b895a1fbcde70643a7fcae55f06ca4", "best_bid": "0.56", "best_ask": "0.73"}, {"asset_id": "38448941521003008078070054674263158800195186458233326397723121728551006779124", "price": "0.91", "size": "0", "side": "SELL", "hash": "f0a0d8cb6f286bc5f2b77d978728b9c7df71e254", "best_bid": "0.27", "best_ask": "0.44"}], "timestamp": "1769384069842", "event_type": "price_change"}}
{"_local_timestamp": "2026-01-25T23:34:30.444995+00:00", "data": {"market": "0x1d23651883e7168ddcaa829b632f21c18d34ed855b382078433fa8744192c550", "price_changes": [{"asset_id": "62124174259624486512134838000500600230167348183046541554192981839622171172808", "price": "0.08", "size": "3967.21", "side": "BUY", "hash": "78478a6d87c550cb4a54cbded55925ea8e2b6270", "best_bid": "0.56", "best_ask": "0.73"}, {"asset_id": "38448941521003008078070054674263158800195186458233326397723121728551006779124", "price": "0.92", "size": "3967.21", "side": "SELL", "hash": "826a4df38999ce0f10e129771d90f8c43bb813e3", "best_bid": "0.27", "best_ask": "0.44"}], "timestamp": "1769384070113", "event_type": "price_change"}}
{"_local_timestamp": "2026-01-25T23:34:30.587039+00:00", "data": {"market": "0x1d23651883e7168ddcaa829b632f21c18d34ed855b382078433fa8744192c550", "price_changes": [{"asset_id": "62124174259624486512134838000500600230167348183046541554192981839622171172808", "price": "0.09", "size": "1997.11", "side": "BUY", "hash": "9ec81a1eafa778d0d1d582ee010a6a1f670bea92", "best_bid": "0.56", "best_ask": "0.73"}, {"asset_id": "38448941521003008078070054674263158800195186458233326397723121728551006779124", "price": "0.91", "size": "1997.11", "side": "SELL", "hash": "cb441e7089c2ed0e3c9280083e4e0efeec1b36ed", "best_bid": "0.27", "best_ask": "0.44"}], "timestamp": "1769384070258", "event_type": "price_change"}}
{"_local_timestamp": "2026-01-25T23:34:30.627652+00:00", "data": {"market": "0x1d23651883e7168ddcaa829b632f21c18d34ed855b382078433fa8744192c550", "price_changes": [{"asset_id": "62124174259624486512134838000500600230167348183046541554192981839622171172808", "price": "0.09", "size": "3267.21", "side": "BUY", "hash": "0891a1cbe1b9304ddd3b0a61d646119d3fd7f09e", "best_bid": "0.56", "best_ask": "0.73"}, {"asset_id": "38448941521003008078070054674263158800195186458233326397723121728551006779124", "price": "0.91", "size": "3267.21", "side": "SELL", "hash": "734a13981695d80ce61fbd8794459e2594a7b8df", "best_bid": "0.27", "best_ask": "0.44"}], "timestamp": "1769384070293", "event_type": "price_change"}}
