{"_local_timestamp": "2026-01-25T23:34:13.192755+00:00", "data": [{"market": "0xdbcbdd0aba143b1538c42910f4962cba415c41e8172aa898293a58715a903140", "asset_id": "13953427897363360093923369640067938780436829137816775422711279451005325016519", "timestamp": "1769383985263", "hash": "08707f2195b675903fda71b904ccc049f3ed8427", "bids": [{"price": "0.01", "size": "7284.32"}, {"price": "0.02", "size": "4157.32"}, {"price": "0.03", "size": "10188.02"}, {"price": "0.15", "size": "50"}, {"price": "0.48", "size": "1490.11"}, {"price": "0.49", "size": "890.11"}, {"price": "0.55", "size": "1.02"}], "asks": [{"price": "0.99", "size": "7284.13"}, {"price": "0.98", "size": "4157.32"}, {"price": "0.97", "size": "31.66"}, {"price": "0.85", "size": "50"}, {"price": "0.6", "size": "91.75"}, {"price": "0.58", "size": "1390.11"}, {"price": "0.57", "size": "890.11"}], "event_type": "book", "last_trade_price": "0.450"}, {"market": "0x0cc58400b196e6a24c07e46216926a171d3ce9492bbee95efdceffc938bdedea", "asset_id": "103892935187735588002079244543829871143734402451214370888220312321850546195147", "timestamp": "1769383985199", "hash": "d02ccc49494bcfbce26777b0b2d2dcc8f9e19aa8", "bids": [{"price": "0.01", "size": "7184.63"}, {"price": "0.02", "size": "47.23"}, {"price": "0.15", "size": "50"}, {"price": "0.27", "size": "1149"}, {"price": "0.3", "size": "904.3"}, {"price": "0.31", "size": "1997.11"}, {"price": "0.33", "size": "677.5"}, {"price": "0.34", "size": "2160.21"}, {"price": "0.36", "size": "464.19"}, {"price": "0.39", "size": "260.5"}, {"price": "0.4", "size": "259.25"}, {"price": "0.41", "size": "257.75"}, {"price": "0.42", "size": "1490.11"}, {"price": "0.43", "size": "890.11"}], "asks": [{"price": "0.99", "size": "7184.4"}, {"price": "0.98", "size": "47.35"}, {"price": "0.97", "size": "5999.11"}, {"price": "0.85", "size": "50"}, {"price": "0.65", "size": "1067.99"}, {"price": "0.62", "size": "851.5"}, {"price": "0.61", "size": "1997.11"}, {"price": "0.59", "size": "644.38"}, {"price": "0.58", "size": "2160.21"}, {"price": "0.56", "size": "445.38"}, {"price": "0.53", "size": "251.99"}, {"price": "0.52", "size": "851.25"}, {"price": "0.51", "size": "1140.61"}, {"price": "0.5", "size": "890.11"}], "event_type": "book", "last_trade_price": ""}, {"market": "0x4ce40c95f8e904a736ed89ad7b9202f4c220ebb1862656a788a6da4116b0f434", "asset_id": "13906548632296892964125125203698575597202048155370793959834691274541212923753", "timestamp": "1769384046762", "hash": "c21ab71260e48d06525c1b53dfa907cfe80bc07b", "bids": [{"price": "0.01", "size": "7239.31"}, {"price": "0.02", "size": "4157.32"}, {"price": "0.03", "size": "29.93"}, {"price": "0.2", "size": "200"}, {"price": "0.27", "size": "200"}, {"price": "0.57", "size": "1390.11"}, {"price": "0.58", "size": "890.11"}, {"price": "0.59", "size": "100"}, {"price": "0.64", "size": "336.36"}], "asks": [{"price": "0.99", "size": "7238.97"}, {"price": "0.98", "size": "4157.32"}, {"price": "0.97", "size": "30.04"}, {"price": "0.7", "size": "50"}, {"price": "0.69", "size": "1490.11"}, {"price": "0.68", "size": "890.11"}], "event_type": "book", "last_trade_price": ""}, {"market": "0x7a6a0bdbca0f14aba6a075f16e2929460c577e402d49223832ea373414d86285", "asset_id": "25807461740977583955802291351608466332545389695244391615908120826816526760796", "timestamp": "1769384007044", "hash": "378bb8c801c5a99e8de2073134b93bcbfbb0dcb1", "bids": [{"price": "0.01", "size": "11285.7"}, {"price": "0.02", "size": "890.11"}, {"price": "0.03", "size": "30.28"}, {"price": "0.22", "size": "100"}, {"price": "0.23", "size": "492"}], "asks": [{"price": "0.99", "size": "7238.93"}, {"price": "0.98", "size": "4157.32"}, {"price": "0.97", "size": "10186.48"}, {"price": "0.8", "size": "200"}, {"price": "0.73", "size": "200"}, {"price": "0.66", "size": "100"}, {"price": "0.34", "size": "1440.11"}, {"price": "0.33", "size": "890.11"}, {"price": "0.32", "size": "100"}], "event_type": "book", "last_trade_price": "0.240"}, {"market": "0xd9d45b13db3b6de3ce0093ae9f673498693f7bc3d41afec3086ce086f29135de", "asset_id": "28520752766107958123033627774735478672452590404510901604704352720829338734885", "timestamp": "1769383886055", "hash": "ee0181ff6db60e22418c6e4a3fccfe37ab662fa1", "bids": [{"price": "0.01", "size": "200.64"}, {"price": "0.02", "size": "39.68"}, {"price": "0.04", "size": "29.99"}], "asks": [{"price": "0.99", "size": "198.81"}, {"price": "0.98", "size": "25.56"}, {"price": "0.95", "size": "11.48"}], "event_type": "book", "last_trade_price": ""}, {"market": "0x21c1ab59854ef97db09389000f63690053a6f07a486919f5eeac2228d109b629", "asset_id": "46994023305162989096207795496701719713724144516214350186122362509163110279703", "timestamp": "1769383886055", "hash": "3454c10bda1cc1250b5867f1207a253b52ce36df", "bids": [{"price": "0.01", "size": "200.64"}, {"price": "0.02", "size": "39.67"}, {"price": "0.04", "size": "29.99"}], "asks": [{"price": "0.99", "size": "198.81"}, {"price": "0.98", "size": "25.23"}, {"price": "0.95", "size": "11.61"}], "event_type": "book", "last_trade_price": ""}, {"market": "0x7a6a0bdbca0f14aba6a075f16e2929460c577e402d49223832ea373414d86285", "asset_id": "99743614043101531704574278172947847548340522383219653041367941449874574076965", "timestamp": "1769384007044", "hash": "e4acad58e39f597d3c71179cedef8a0170750575", "bids": [{"price": "0.01", "size": "7238.93"}, {"price": "0.02", "size": "4157.32"}, {"price": "0.03", "size": "10186.48"}, {"price": "0.2", "size": "200"}, {"price": "0.27", "size": "200"}, {"price": "0.34", "size": "100"}, {"price": "0.66", "size": "1440.11"}, {"price": "0.67", "size": "890.11"}, {"price": "0.68", "size": "100"}], "asks": [{"price": "0.99", "size": "11285.7"}, {"price": "0.98", "size": "890.11"}, {"price": "0.97", "size": "30.28"}, {"price": "0.78", "size": "100"}, {"price": "0.77", "size": "492"}], "event_type": "book", "last_trade_price": "0.240"}, {"market": "0x4260fd74c0400e17c72dbfe2cb50d40e64cc952711c689c4c154db783e56f798", "asset_id": "98008879832544295493967179396946153274843117470039437863149285869039121363519", "timestamp": "1769383985346", "hash": "e6a2086d6cb29c807893889f7a2ef927901e7992", "bids": [{"price": "0.01", "size": "8788.72"}, {"price": "0.02", "size": "2100"}, {"price": "0.03", "size": "7.83"}, {"price": "0.05", "size": "17"}, {"price": "0.07", "size": "1700"}, {"price": "0.08", "size": "8.36"}, {"price": "0.1", "size": "800"}, {"price": "0.22", "size": "1233"}, {"price": "0.25", "size": "957.12"}, {"price": "0.28", "size": "710"}, {"price": "0.29", "size": "4157.32"}, {"price": "0.3", "size": "200"}, {"price": "0.31", "size": "576.12"}, {"price": "0.34", "size": "268.99"}, {"price": "0.35", "size": "266.99"}, {"price": "0.36", "size": "1155.36"}, {"price": "0.37", "size": "909.64"}, {"price": "0.38", "size": "20"}, {"price": "0.39", "size": "2150"}, {"price": "0.4", "size": "2128.71"}], "asks": [{"price": "0.99", "size": "8789.21"}, {"price": "0.98", "size": "2131"}, {"price": "0.97", "size": "9.45"}, {"price": "0.93", "size": "1700"}, {"price": "0.91", "size": "800"}, {"price": "0.9", "size": "6.15"}, {"price": "0.8", "size": "400"}, {"price": "0.72", "size": "2000"}, {"price": "0.65", "size": "10"}, {"price": "0.64", "size": "1061"}, {"price": "0.61", "size": "846.62"}, {"price": "0.6", "size": "1000"}, {"price": "0.59", "size": "78.8"}, {"price": "0.58", "size": "641.88"}, {"price": "0.57", "size": "4157.32"}, {"price": "0.55", "size": "444.06"}, {"price": "0.52", "size": "406.25"}, {"price": "0.51", "size": "250.5"}, {"price": "0.5", "size": "2289.97"}, {"price": "0.49", "size": "990.11"}, {"price": "0.48", "size": "890.11"}, {"price": "0.45", "size": "554"}, {"price": "0.44", "size": "80.47"}, {"price": "0.43", "size": "983.48"}], "event_type": "book", "last_trade_price": "0.420"}, {"market": "0xd9d45b13db3b6de3ce0093ae9f673498693f7bc3d41afec3086ce086f29135de", "asset_id": "110092971919985989271001512716549115977436066335774150498537572517865747217155", "timestamp": "1769383886055", "hash": "412e1fbf2c97ed3a9afe83bf98c32065147f157b", "bids": [{"price": "0.01", "size": "198.81"}, {"price": "0.02", "size": "25.56"}, {"price": "0.05", "size": "11.48"}], "asks": [{"price": "0.99", "size": "200.64"}, {"price": "0.98", "size": "39.68"}, {"price": "0.96", "size": "29.99"}], "event_type": "book", "last_trade_price": ""}, {"market": "0x43d148dca6b5e193615bc282f12d374e37cffc1c045171c2836d6dde45c394d5", "asset_id": "79739222626158755260103198595270213615580878636601163847435278985375776200437", "timestamp": "1769383982985", "hash": "d857ebeb08a96278c822e64436441ff42e4d0997", "bids": [{"price": "0.01", "size": "7284.63"}, {"price": "0.02", "size": "47.23"}, {"price": "0.15", "size": "50"}, {"price": "0.27", "size": "1149"}, {"price": "0.3", "size": "904.3"}, {"price": "0.31", "size": "1997.11"}, {"price": "0.33", "size": "677.5"}, {"price": "0.34", "size": "2160.21"}, {"price": "0.36", "size": "464.19"}, {"price": "0.39", "size": "260.5"}, {"price": "0.4", "size": "259.25"}, {"price": "0.41", "size": "257.75"}, {"price": "0.42", "size": "1490.11"}, {"price": "0.43", "size": "890.11"}], "asks": [{"price": "0.99", "size": "7284.4"}, {"price": "0.98", "size": "47.35"}, {"price": "0.85", "size": "50"}, {"price": "0.65", "size": "1067.99"}, {"price": "0.62", "size": "851.5"}, {"price": "0.61", "size": "1997.11"}, {"price": "0.59", "size": "644.38"}, {"price": "0.58", "size": "2160.21"}, {"price": "0.56", "size": "445.38"}, {"price": "0.53", "size": "251.99"}, {"price": "0.52", "size": "851.25"}, {"price": "0.51", "size": "1140.61"}], "event_type": "book", "last_trade_price": ""}, {"market": "0x0cc58400b196e6a24c07e46216926a171d3ce9492bbee95efdceffc938bdedea", "asset_id": "106297344999606524619975861233481901491196900479248484006204573976987088168080", "timestamp": "1769383985199", "hash": "24d076fe7fb207cd6283dc43786d0c2b35f36dc6", "bids": [{"price": "0.01", "size": "7184.4"}, {"price": "0.02", "size": "47.35"}, {"price": "0.03", "size": "5999.11"}, {"price": "0.15", "size": "50"}, {"price": "0.35", "size": "1067.99"}, {"price": "0.38", "size": "851.5"}, {"price": "0.39", "size": "1997.11"}, {"price": "0.41", "size": "644.38"}, {"price": "0.42", "size": "2160.21"}, {"price": "0.44", "size": "445.38"}, {"price": "0.47", "size": "251.99"}, {"price": "0.48", "size": "851.25"}, {"price": "0.49", "size": "1140.61"}, {"price": "0.5", "size": "890.11"}], "asks": [{"price": "0.99", "size": "7184.63"}, {"price": "0.98", "size": "47.23"}, {"price": "0.85", "size": "50"}, {"price": "0.73", "size": "1149"}, {"price": "0.7", "size": "904.3"}, {"price": "0.69", "size": "1997.11"}, {"price": "0.67", "size": "677.5"}, {"price": "0.66", "size": "2160.21"}, {"price": "0.64", "size": "464.19"}, {"price": "0.61", "size": "260.5"}, {"price": "0.6", "size": "259.25"}, {"price": "0.59", "size": "257.75"}, {"price": "0.58", "size": "1490.11"}, {"price": "0.57", "size": "890.11"}], "event_type": "book", "last_trade_price": ""}, {"market": "0xdbcbdd0aba143b1538c42910f4962cba415c41e8172aa898293a58715a903140", "asset_id": "107048767717531378423338558261379705549108116073087439799584367130482443586041", "timestamp": "1769383985263", "hash": "6d887cf2bbbb583582a6b8dc76ced60eaf1539d3", "bids": [{"price": "0.01", "size": "7284.13"}, {"price": "0.02", "size": "4157.32"}, {"price": "0.03", "size": "31.66"}, {"price": "0.15", "size": "50"}, {"price": "0.4", "size": "91.75"}, {"price": "0.42", "size": "1390.11"}, {"price": "0.43", "size": "890.11"}], "asks": [{"price": "0.99", "size": "7284.32"}, {"price": "0.98", "size": "4157.32"}, {"price": "0.97", "size": "10188.02"}, {"price": "0.85", "size": "50"}, {"price": "0.52", "size": "1490.11"}, {"price": "0.51", "size": "890.11"}, {"price": "0.45", "size": "1.02"}], "event_type": "book", "last_trade_price": "0.450"}, {"market": "0x43d148dca6b5e193615bc282f12d374e37cffc1c045171c2836d6dde45c394d5", "asset_id": "84261748973839098909278543067609198849881883339355739146851991526281884423186", "timestamp": "1769383982985", "hash": "293ed362b5d38b55492ffb5f8f84ff36154c5e2c", "bids": [{"price": "0.01", "size": "7284.4"}, {"price": "0.02", "size": "47.35"}, {"price": "0.15", "size": "50"}, {"price": "0.35", "size": "1067.99"}, {"price": "0.38", "size": "851.5"}, {"price": "0.39", "size": "1997.11"}, {"price": "0.41", "size": "644.38"}, {"price": "0.42", "size": "2160.21"}, {"price": "0.44", "size": "445.38"}, {"price": "0.47", "size": "251.99"}, {"price": "0.48", "size": "851.25"}, {"price": "0.49", "size": "1140.61"}], "asks": [{"price": "0.99", "size": "7284.63"}, {"price": "0.98", "size": "47.23"}, {"price": "0.85", "size": "50"}, {"price": "0.73", "size": "1149"}, {"price": "0.7", "size": "904.3"}, {"price": "0.69", "size": "1997.11"}, {"price": "0.67", "size": "677.5"}, {"price": "0.66", "size": "2160.21"}, {"price": "0.64", "size": "464.19"}, {"price": "0.61", "size": "260.5"}, {"price": "0.6", "size": "259.25"}, {"price": "0.59", "size": "257.75"}, {"price": "0.58", "size": "1490.11"}, {"price": "0.57", "size": "890.11"}], "event_type": "book", "last_trade_price": ""}, {"market": "0x4260fd74c0400e17c72dbfe2cb50d40e64cc952711c689c4c154db783e56f798", "asset_id": "38256422075420257611543750663316775352355424361144872713559169529809539533140", "timestamp": "1769383985346", "hash": "0618777de19383ea1e7bc36537c74fb8558d8a42", "bids": [{"price": "0.01", "size": "8789.21"}, {"price": "0.02", "size": "2131"}, {"price": "0.03", "size": "9.45"}, {"price": "0.07", "size": "1700"}, {"price": "0.09", "size": "800"}, {"price": "0.1", "size": "6.15"}, {"price": "0.2", "size": "400"}, {"price": "0.28", "size": "2000"}, {"price": "0.35", "size": "10"}, {"price": "0.36", "size": "1061"}, {"price": "0.39", "size": "846.62"}, {"price": "0.4", "size": "1000"}, {"price": "0.41", "size": "78.8"}, {"price": "0.42", "size": "641.88"}, {"price": "0.43", "size": "4157.32"}, {"price": "0.45", "size": "444.06"}, {"price": "0.48", "size": "406.25"}, {"price": "0.49", "size": "250.5"}, {"price": "0.5", "size": "2289.97"}, {"price": "0.51", "size": "990.11"}, {"price": "0.52", "size": "890.11"}, {"price": "0.55", "size": "554"}, {"price": "0.56", "size": "80.47"}, {"price": "0.57", "size": "983.48"}], "asks": [{"price": "0.99", "size": "8788.72"}, {"price": "0.98", "size": "2100"}, {"price": "0.97", "size": "7.83"}, {"price": "0.95", "size": "17"}, {"price": "0.93", "size": "1700"}, {"price": "0.92", "size": "8.36"}, {"price": "0.9", "size": "800"}, {"price": "0.78", "size": "1233"}, {"price": "0.75", "size": "957.12"}, {"price": "0.72", "size": "710"}, {"price": "0.71", "size": "4157.32"}, {"price": "0.7", "size": "200"}, {"price": "0.69", "size": "576.12"}, {"price": "0.66", "size": "268.99"}, {"price": "0.65", "size": "266.99"}, {"price": "0.64", "size": "1155.36"}, {"price": "0.63", "size": "909.64"}, {"price": "0.62", "size": "20"}, {"price": "0.61", "size": "2150"}, {"price": "0.6", "size": "2128.71"}], "event_type": "book", "last_trade_price": "0.420"}, {"market": "0x21c1ab59854ef97db09389000f63690053a6f07a486919f5eeac2228d109b629", "asset_id": "26328826323371699730268026683550734751036975986867833370449077522996149735299", "timestamp": "1769383886055", "hash": "6c32705a8b26a201eff55eb9d3f87b53447c4343", "bids": [{"price": "0.01", "size": "198.81"}, {"price": "0.02", "size": "25.23"}, {"price": "0.05", "size": "11.61"}], "asks": [{"price": "0.99", "size": "200.64"}, {"price": "0.98", "size": "39.67"}, {"price": "0.96", "size": "29.99"}], "event_type": "book", "last_trade_price": ""}, {"market": "0x4ce40c95f8e904a736ed89ad7b9202f4c220ebb1862656a788a6da4116b0f434", "asset_id": "88338165865701386495217719036982962389406686302689056195151063072644378301708", "timestamp": "1769384046762", "hash": "9049b62b9dfd7ae20222f7a5d99466a92708009a", "bids": [{"price": "0.01", "size": "7238.97"}, {"price": "0.02", "size": "4157.32"}, {"price": "0.03", "size": "30.04"}, {"price": "0.3", "size": "50"}, {"price": "0.31", "size": "1490.11"}, {"price": "0.32", "size": "890.11"}], "asks": [{"price": "0.99", "size": "7239.31"}, {"price": "0.98", "size": "4157.32"}, {"price": "0.97", "size": "29.93"}, {"price": "0.8", "size": "200"}, {"price": "0.73", "size": "200"}, {"price": "0.43", "size": "1390.11"}, {"price": "0.42", "size": "890.11"}, {"price": "0.41", "size": "100"}, {"price": "0.36", "size": "336.36"}], "event_type": "book", "last_trade_price": ""}]}
{"_local_timestamp": "2026-01-25T23:34:15.924145+00:00", "data": {"market": "0x4ce40c95f8e904a736ed89ad7b9202f4c220ebb1862656a788a6da4116b0f434", "price_changes": [{"asset_id": "13906548632296892964125125203698575597202048155370793959834691274541212923753", "price": "0.64", "size": "0", "side": "BUY", "hash": "dff416cd62a39ff2113cd304abdf9c937d802dfe", "best_bid": "0.59", "best_ask": "0.68"}, {"asset_id": "88338165865701386495217719036982962389406686302689056195151063072644378301708", "price": "0.36", "size": "0", "side": "SELL", "hash": "7a68a84097e8ba38da9015f4da6eb65e68440214", "best_bid": "0.32", "best_ask": "0.41"}], "timestamp": "1769384055846", "event_type": "price_change"}}
{"_local_timestamp": "2026-01-25T23:34:24.078768+00:00", "data": {"market": "0x4ce40c95f8e904a736ed89ad7b9202f4c220ebb1862656a788a6da4116b0f434", "price_changes": [{"asset_id": "13906548632296892964125125203698575597202048155370793959834691274541212923753", "price": "0.57", "size": "890.11", "side": "BUY", "hash": "2b75d3587ba8c0f17d2eef8f10632fc290ba734a", "best_bid": "0.59", "best_ask": "0.68"}, {"asset_id": "88338165865701386495217719036982962389406686302689056195151063072644378301708", "price": "0.43", "size": "890.11", "side": "SELL", "hash": "736ffbb28c751ed643868e7eb512a29620252656", "best_bid": "0.32", "best_ask": "0.41"}], "timestamp": "1769384064000", "event_type": "price_change"}}
{"_local_timestamp": "2026-01-25T23:34:24.079631+00:00", "data": {"market": "0x7a6a0bdbca0f14aba6a075f16e2929460c577e402d49223832ea373414d86285", "price_changes": [{"asset_id": "99743614043101531704574278172947847548340522383219653041367941449874574076965", "price": "0.66", "size": "940.11", "side": "BUY", "hash": "226651c489e0d3042bad7d3b59c00c4d9369b746", "best_bid": "0.68", "best_ask": "0.77"}, {"asset_id": "25807461740977583955802291351608466332545389695244391615908120826816526760796", "price": "0.34", "size": "940.11", "side": "SELL", "hash": "0d840b27a8af747c33db5500e001fa57db2bf531", "best_bid": "0.23", "best_ask": "0.32"}], "timestamp": "1769384064000", "event_type": "price_change"}}
{"_local_timestamp": "2026-01-25T23:34:24.079966+00:00", "data": {"market": "0x0cc58400b196e6a24c07e46216926a171d3ce9492bbee95efdceffc938bdedea", "price_changes": [{"asset_id": "103892935187735588002079244543829871143734402451214370888220312321850546195147", "price": "0.42", "size": "990.11", "side": "BUY", "hash": "60fcbaf5fa3d2af51b2ef39dde91d282fd37bdca", "best_bid": "0.43", "best_ask": "0.5"}, {"asset_id": "106297344999606524619975861233481901491196900479248484006204573976987088168080", "price": "0.58", "size": "990.11", "side": "SELL", "hash": "49bb61c3800d0a48a27de4b154ea56351d7b44b0", "best_bid": "0.5", "best_ask": "0.57"}], "timestamp": "1769384064000", "event_type": "price_change"}}
{"_local_timestamp": "2026-01-25T23:34:24.080256+00:00", "data": {"market": "0x4ce40c95f8e904a736ed89ad7b9202f4c220ebb1862656a788a6da4116b0f434", "price_changes": [{"asset_id": "88338165865701386495217719036982962389406686302689056195151063072644378301708", "price": "0.31", "size": "990.11", "side": "BUY", "hash": "182e4e25db30abb37cd3d1209c8c727f926530c1", "best_bid": "0.32", "best_ask": "0.41"}, {"asset_id": "13906548632296892964125125203698575597202048155370793959834691274541212923753", "price": "0.69", "size": "990.11", "side": "SELL", "hash": "f5f4a7b05cabe93e09c1c8c6ba9ba626d714d2ab", "best_bid": "0.59", "best_ask": "0.68"}], "timestamp": "1769384064000", "event_type": "price_change"}}
{"_local_timestamp": "2026-01-25T23:34:24.080546+00:00", "data": {"market": "0x43d148dca6b5e193615bc282f12d374e37cffc1c045171c2836d6dde45c394d5", "price_changes": [{"asset_id": "79739222626158755260103198595270213615580878636601163847435278985375776200437", "price": "0.42", "size": "990.11", "side": "BUY", "hash": "3a72efc53e71be76dbd6d995ebb217849f600459", "best_bid": "0.43", "best_ask": "0.51"}, {"asset_id": "84261748973839098909278543067609198849881883339355739146851991526281884423186", "price": "0.58", "size": "990.11", "side": "SELL", "hash": "180bc126fd92b7e92d0c40847813aa4bd7d6b302", "best_bid": "0.49", "best_ask": "0.57"}], "timestamp": "1769384064000", "event_type": "price_change"}}
{"_local_timestamp": "2026-01-25T23:34:24.080883+00:00", "data": {"market": "0x7a6a0bdbca0f14aba6a075f16e2929460c577e402d49223832ea373414d86285", "price_changes": [{"asset_id": "25807461740977583955802291351608466332545389695244391615908120826816526760796", "price": "0.23", "size": "0", "side": "BUY", "hash": "2e5e8759b4853bfe6ecd0072937e220494fd1460", "best_bid": "0.22", "best_ask": "0.32"}, {"asset_id": "99743614043101531704574278172947847548340522383219653041367941449874574076965", "price": "0.77", "size": "0", "side": "SELL", "hash": "a09570e080be1256a921ee5113e43321050239b1", "best_bid": "0.68", "best_ask": "0.78"}], "timestamp": "1769384064000", "event_type": "price_change"}}
{"_local_timestamp": "2026-01-25T23:34:24.081213+00:00", "data": {"market": "0x43d148dca6b5e193615bc282f12d374e37cffc1c045171c2836d6dde45c394d5", "price_changes": [{"asset_id": "84261748973839098909278543067609198849881883339355739146851991526281884423186", "price": "0.48", "size": "351.25", "side": "BUY", "hash": "f251a7774661247c57dec24f2660f130f95c7fe2", "best_bid": "0.49", "best_ask": "0.57"}, {"asset_id": "79739222626158755260103198595270213615580878636601163847435278985375776200437", "price": "0.52", "size": "351.25", "side": "SELL", "hash": "b3fb7c59f9b9d54d4f1d503ccba76f7ff0d3455a", "best_bid": "0.43", "best_ask": "0.51"}], "timestamp": "1769384064001", "event_type": "price_change"}}
{"_local_timestamp": "2026-01-25T23:34:24.089879+00:00", "data": {"market": "0x0cc58400b196e6a24c07e46216926a171d3ce9492bbee95efdceffc938bdedea", "price_changes": [{"asset_id": "106297344999606524619975861233481901491196900479248484006204573976987088168080", "price": "0.48", "size": "351.25", "side": "BUY", "hash": "9d723043420692d791f1386f5e28185997746043", "best_bid": "0.5", "best_ask": "0.57"}, {"asset_id": "103892935187735588002079244543829871143734402451214370888220312321850546195147", "price": "0.52", "size": "351.25", "side": "SELL", "hash": "56fa42fac5b040d86c8a7572d5eafc1908ec946c", "best_bid": "0.43", "best_ask": "0.5"}], "timestamp": "1769384064001", "event_type": "price_change"}}
{"_local_timestamp": "2026-01-25T23:34:24.091090+00:00", "data": {"market": "0x4260fd74c0400e17c72dbfe2cb50d40e64cc952711c689c4c154db783e56f798", "price_changes": [{"asset_id": "98008879832544295493967179396946153274843117470039437863149285869039121363519", "price": "0.4", "size": "1128.71", "side": "BUY", "hash": "cd0a44cbdf49bbbd5434f66d503c32e5707e026d", "best_bid": "0.4", "best_ask": "0.43"}, {"asset_id": "38256422075420257611543750663316775352355424361144872713559169529809539533140", "price": "0.6", "size": "1128.71", "side": "SELL", "hash": "27947a2bcc48ad1a54b5a00e830be2110cb9cad8", "best_bid": "0.57", "best_ask": "0.6"}], "timestamp": "1769384064001", "event_type": "price_change"}}
{"_local_timestamp": "2026-01-25T23:34:24.091787+00:00", "data": {"market": "0x4260fd74c0400e17c72dbfe2cb50d40e64cc952711c689c4c154db783e56f798", "price_changes": [{"asset_id": "38256422075420257611543750663316775352355424361144872713559169529809539533140", "price": "0.5", "size": "1289.97", "side": "BUY", "hash": "74c0117be18a3fc7a5a127525e2ec5c31f799f6a", "best_bid": "0.57", "best_ask": "0.6"}, {"asset_id": "98008879832544295493967179396946153274843117470039437863149285869039121363519", "price": "0.5", "size": "1289.97", "side": "SELL", "hash": "d6dd97c7931e156e858a965f1291db46d98e6412", "best_bid": "0.4", "best_ask": "0.43"}], "timestamp": "1769384064002", "event_type": "price_change"}}
{"_local_timestamp": "2026-01-25T23:34:24.205813+00:00", "data": {"market": "0xdbcbdd0aba143b1538c42910f4962cba415c41e8172aa898293a58715a903140", "price_changes": [{"asset_id": "13953427897363360093923369640067938780436829137816775422711279451005325016519", "price": "0.48", "size": "990.11", "side": "BUY", "hash": "9e242ba0b77664109fb57399f4e036bf2c20890e", "best_bid": "0.55", "best_ask": "0.57"}, {"asset_id": "107048767717531378423338558261379705549108116073087439799584367130482443586041", "price": "0.52", "size": "990.11", "side": "SELL", "hash": "c7436b7d129701030c7e3c5a29dde15bec28f0c5", "best_bid": "0.43", "best_ask": "0.45"}], "timestamp": "1769384064002", "event_type": "price_change"}}
{"_local_timestamp": "2026-01-25T23:34:24.206388+00:00", "data": {"market": "0xdbcbdd0aba143b1538c42910f4962cba415c41e8172aa898293a58715a903140", "price_changes": [{"asset_id": "107048767717531378423338558261379705549108116073087439799584367130482443586041", "price": "0.42", "size": "890.11", "side": "BUY", "hash": "60a8e8a997c60309d8d775dfcfaf71eb3369c81b", "best_bid": "0.43", "best_ask": "0.45"}, {"asset_id": "13953427897363360093923369640067938780436829137816775422711279451005325016519", "price": "0.58", "size": "890.11", "side": "SELL", "hash": "1f35d454dc4d03a28c403884657f5ce8528081e0", "best_bid": "0.55", "best_ask": "0.57"}], "timestamp": "1769384064003", "event_type": "price_change"}}
{"_local_timestamp": "2026-01-25T23:34:24.206833+00:00", "data": {"market": "0x7a6a0bdbca0f14aba6a075f16e2929460c577e402d49223832ea373414d86285", "price_changes": [{"asset_id": "99743614043101531704574278172947847548340522383219653041367941449874574076965", "price": "0.03", "size": "2027.16", "side": "BUY", "hash": "a23180f0000a05b636b929ef16770ed55e41ebd1", "best_bid": "0.68", "best_ask": "0.78"}, {"asset_id": "25807461740977583955802291351608466332545389695244391615908120826816526760796", "price": "0.97", "size": "2027.16", "side": "SELL", "hash": "f6c7d34163f486b7e7af345b54601b4ca6ad5da6", "best_bid": "0.22", "best_ask": "0.32"}], "timestamp": "1769384064047", "event_type": "price_change"}}
{"_local_timestamp": "2026-01-25T23:34:24.207190+00:00", "data": {"market": "0x4ce40c95f8e904a736ed89ad7b9202f4c220ebb1862656a788a6da4116b0f434", "price_changes": [{"asset_id": "13906548632296892964125125203698575597202048155370793959834691274541212923753", "price": "0.27", "size": "1090.11", "side": "BUY", "hash": "3c1343418d76153c840c8fcadf0cb6065260ea58", "best_bid": "0.59", "best_ask": "0.68"}, {"asset_id": "88338165865701386495217719036982962389406686302689056195151063072644378301708", "price": "0.73", "size": "1090.11", "side": "SELL", "hash": "743017aa6a25d91641e05046cbeac84ac437bf52", "best_bid": "0.32", "best_ask": "0.41"}], "timestamp": "1769384064078", "event_type": "price_change"}}
{"_local_timestamp": "2026-01-25T23:34:24.207672+00:00", "data": {"market": "0x7a6a0bdbca0f14aba6a075f16e2929460c577e402d49223832ea373414d86285", "price_changes": [{"asset_id": "99743614043101531704574278172947847548340522383219653041367941449874574076965", "price": "0.28", "size": "890.11", "side": "BUY", "hash": "01dc89e62b7a251e913f88c16ee734ed709ece89", "best_bid": "0.68", "best_ask": "0.78"}, {"asset_id": "25807461740977583955802291351608466332545389695244391615908120826816526760796", "price": "0.72", "size": "890.11", "side": "SELL", "hash": "71a2a923e38f35a1db850b48c922e503e04c33e3", "best_bid": "0.22", "best_ask": "0.32"}], "timestamp": "1769384064078", "event_type": "price_change"}}
{"_local_timestamp": "2026-01-25T23:34:24.208022+00:00", "data": {"market": "0x4ce40c95f8e904a736ed89ad7b9202f4c220ebb1862656a788a6da4116b0f434", "price_changes": [{"asset_id": "13906548632296892964125125203698575597202048155370793959834691274541212923753", "price": "0.28", "size": "890.11", "side": "BUY", "hash": "ca99501e468a156c5f79fca5c0c18761a6543772", "best_bid": "0.59", "best_ask": "0.68"}, {"asset_id": "88338165865701386495217719036982962389406686302689056195151063072644378301708", "price": "0.72", "size": "890.11", "side": "SELL", "hash": "fc8cc118a72a2b4e7564eca7da5aeb7d3e591667", "best_bid": "0.32", "best_ask": "0.41"}], "timestamp": "1769384064079", "event_type": "price_change"}}
{"_local_timestamp": "2026-01-25T23:34:24.208325+00:00", "data": {"market": "0x7a6a0bdbca0f14aba6a075f16e2929460c577e402d49223832ea373414d86285", "price_changes": [{"asset_id": "99743614043101531704574278172947847548340522383219653041367941449874574076965", "price": "0.27", "size": "1090.11", "side": "BUY", "hash": "66e3f5ddace55ce03a8f9e561631a804e15646b7", "best_bid": "0.68", "best_ask": "0.78"}, {"asset_id": "25807461740977583955802291351608466332545389695244391615908120826816526760796", "price": "0.73", "size": "1090.11", "side": "SELL", "hash": "12670e146797bd5befd4473e17de2205b4da7af0", "best_bid": "0.22", "best_ask": "0.32"}], "timestamp": "1769384064079", "event_type": "price_change"}}
{"_local_timestamp": "2026-01-25T23:34:24.228871+00:00", "data": {"market": "0x0cc58400b196e6a24c07e46216926a171d3ce9492bbee95efdceffc938bdedea", "price_changes": [{"asset_id": "103892935187735588002079244543829871143734402451214370888220312321850546195147", "price": "0.41", "size": "1147.86", "side": "BUY", "hash": "8cfc621cf9892ab141eadd5e8a4e2ef3367589ec", "best_bid": "0.43", "best_ask": "0.5"}, {"asset_id": "106297344999606524619975861233481901491196900479248484006204573976987088168080", "price": "0.59", "size": "1147.86", "side": "SELL", "hash": "89425e70bf73cbf6d9c98a63d5516ba5f9ad2fec", "best_bid": "0.5", "best_ask": "0.57"}], "timestamp": "1769384064143", "event_type": "price_change"}}
{"_local_timestamp": "2026-01-25T23:34:24.233190+00:00", "data": {"market": "0x43d148dca6b5e193615bc282f12d374e37cffc1c045171c2836d6dde45c394d5", "price_changes": [{"asset_id": "79739222626158755260103198595270213615580878636601163847435278985375776200437", "price": "0.41", "size": "1147.86", "side": "BUY", "hash": "2d1e72d76e1ecd492adeffc28d94ba282c500e2d", "best_bid": "0.43", "best_ask": "0.51"}, {"asset_id": "84261748973839098909278543067609198849881883339355739146851991526281884423186", "price": "0.59", "size": "1147.86", "side": "SELL", "hash": "1a0ddd8a5132be93e5aa791d697b87d43eed0541", "best_bid": "0.49", "best_ask": "0.57"}], "timestamp": "1769384064143", "event_type": "price_change"}}
{"_local_timestamp": "2026-01-25T23:34:24.234097+00:00", "data": {"market": "0x43d148dca6b5e193615bc282f12d374e37cffc1c045171c2836d6dde45c394d5", "price_changes": [{"asset_id": "84261748973839098909278543067609198849881883339355739146851991526281884423186", "price": "0.5", "size": "890.11", "side": "BUY", "hash": "91992b3af58d531c1a87cf621e2d83afcac3c293", "best_bid": "0.5", "best_ask": "0.57"}, {"asset_id": "79739222626158755260103198595270213615580878636601163847435278985375776200437", "price": "0.5", "size": "890.11", "side": "SELL", "hash": "0eba56e57366bf16001a1d6616a11740c16f114f", "best_bid": "0.43", "best_ask": "0.5"}], "timestamp": "1769384064144", "event_type": "price_change"}}
{"_local_timestamp": "2026-01-25T23:34:24.234528+00:00", "data": {"market": "0x7a6a0bdbca0f14aba6a075f16e2929460c577e402d49223832ea373414d86285", "price_changes": [{"asset_id": "99743614043101531704574278172947847548340522383219653041367941449874574076965", "price": "0.03", "size": "30.05", "side": "BUY", "hash": "389d0e5873d06beb70594bf4cc7e65ef32e853dc", "best_bid": "0.68", "best_ask": "0.78"}, {"asset_id": "25807461740977583955802291351608466332545389695244391615908120826816526760796", "price": "0.97", "size": "30.05", "side": "SELL", "hash": "b884553dd26dea6301cc5c5e7c96c7fde98c9307", "best_bid": "0.22", "best_ask": "0.32"}], "timestamp": "1769384064156", "event_type": "price_change"}}
{"_local_timestamp": "2026-01-25T23:34:24.241506+00:00", "data": {"market": "0x0cc58400b196e6a24c07e46216926a171d3ce9492bbee95efdceffc938bdedea", "price_changes": [{"asset_id": "106297344999606524619975861233481901491196900479248484006204573976987088168080", "price": "0.03", "size": "0", "side": "BUY", "hash": "f4e13cdb4fb8c9142ccbe14ab93c29f5dcebc4ed", "best_bid": "0.5", "best_ask": "0.57"}, {"asset_id": "103892935187735588002079244543829871143734402451214370888220312321850546195147", "price": "0.97", "size": "0", "side": "SELL", "hash": "ae0ec8fc21b590c2649f6dcca1e4fcd60cca74a4", "best_bid": "0.43", "best_ask": "0.5"}], "timestamp": "1769384064156", "event_type": "price_change"}}
{"_local_timestamp": "2026-01-25T23:34:24.276058+00:00", "data": {"market": "0x7a6a0bdbca0f14aba6a075f16e2929460c577e402d49223832ea373414d86285", "price_changes": [{"asset_id": "99743614043101531704574278172947847548340522383219653041367941449874574076965", "price": "0.04", "size": "5999.11", "side": "BUY", "hash": "0b753a3dedcb303295bf7c10281cf0319a481617", "best_bid": "0.68", "best_ask": "0.78"}, {"asset_id": "25807461740977583955802291351608466332545389695244391615908120826816526760796", "price": "0.96", "size": "5999.11", "side": "SELL", "hash": "e660ac0a4cbb7b66f78267db9cf7617d2911985e", "best_bid": "0.22", "best_ask": "0.32"}], "timestamp": "1769384064201", "event_type": "price_change"}}
{"_local_timestamp": "2026-01-25T23:34:24.277507+00:00", "data": {"market": "0x7a6a0bdbca0f14aba6a075f16e2929460c577e402d49223832ea373414d86285", "price_changes": [{"asset_id": "99743614043101531704574278172947847548340522383219653041367941449874574076965", "price": "0.04", "size": "6889.22", "side": "BUY", "hash": "99b13d31fce7416391eb9f9db3235d1f59d009cb", "best_bid": "0.68", "best_ask": "0.78"}, {"asset_id": "25807461740977583955802291351608466332545389695244391615908120826816526760796", "price": "0.96", "size": "6889.22", "side": "SELL", "hash": "7b6a4e98bcc20fce5c308936ca0e32c7dc4bee92", "best_bid": "0.22", "best_ask": "0.32"}], "timestamp": "1769384064202", "event_type": "price_change"}}
{"_local_timestamp": "2026-01-25T23:34:24.277923+00:00", "data": {"market": "0x7a6a0bdbca0f14aba6a075f16e2929460c577e402d49223832ea373414d86285", "price_changes": [{"asset_id": "99743614043101531704574278172947847548340522383219653041367941449874574076965", "price": "0.04", "size": "8886.33", "side": "BUY", "hash": "8ebb840d7314d6d749e33b6b8c747ba4213a2acb", "best_bid": "0.68", "best_ask": "0.78"}, {"asset_id": "25807461740977583955802291351608466332545389695244391615908120826816526760796", "price": "0.96", "size": "8886.33", "side": "SELL", "hash": "c80a25ce95a92d1b3c4581cbde2ae4b6893c7c1b", "best_bid": "0.22", "best_ask": "0.32"}], "timestamp": "1769384064203", "event_type": "price_change"}}
{"_local_timestamp": "2026-01-25T23:34:24.281744+00:00", "data": {"market": "0x7a6a0bdbca0f14aba6a075f16e2929460c577e402d49223832ea373414d86285", "price_changes": [{"asset_id": "99743614043101531704574278172947847548340522383219653041367941449874574076965", "price": "0.04", "size": "10156.43", "side": "BUY", "hash": "534a5c9bcb879c508f1ee1272d86b0e692add321", "best_bid": "0.68", "best_ask": "0.78"}, {"asset_id": "25807461740977583955802291351608466332545389695244391615908120826816526760796", "price": "0.96", "size": "10156.43", "side": "SELL", "hash": "240e11f771260ee0834d213b161caeeb55090883", "best_bid": "0.22", "best_ask": "0.32"}], "timestamp": "1769384064204", "event_type": "price_change"}}
{"_local_timestamp": "2026-01-25T23:34:24.341189+00:00", "data": {"market": "0x4260fd74c0400e17c72dbfe2cb50d40e64cc952711c689c4c154db783e56f798", "price_changes": [{"asset_id": "98008879832544295493967179396946153274843117470039437863149285869039121363519", "price": "0.4", "size": "2128.71", "side": "BUY", "hash": "d8eb31f2171874bbf69711d4e90faa89b9077be9", "best_bid": "0.4", "best_ask": "0.43"}, {"asset_id": "38256422075420257611543750663316775352355424361144872713559169529809539533140", "price": "0.6", "size": "2128.71", "side": "SELL", "hash": "ee35364551b0587824520af539f600e20e5953b8", "best_bid": "0.57", "best_ask": "0.6"}], "timestamp": "1769384064267", "event_type": "price_change"}}
{"_local_timestamp": "2026-01-25T23:34:24.341659+00:00", "data": {"market": "0x7a6a0bdbca0f14aba6a075f16e2929460c577e402d49223832ea373414d86285", "price_changes": [{"asset_id": "99743614043101531704574278172947847548340522383219653041367941449874574076965", "price": "0.66", "size": "1440.11", "side": "BUY", "hash": "6bf0568986d260db87f2716316c737399e47aed7", "best_bid": "0.68", "best_ask": "0.78"}, {"asset_id": "25807461740977583955802291351608466332545389695244391615908120826816526760796", "price": "0.34", "size": "1440.11", "side": "SELL", "hash": "0d0c5f16e59347057898029a0f5c6ca71578a301", "best_bid": "0.22", "best_ask": "0.32"}], "timestamp": "1769384064268", "event_type": "price_change"}}
{"_local_timestamp": "2026-01-25T23:34:24.342018+00:00", "data": {"market": "0x4ce40c95f8e904a736ed89ad7b9202f4c220ebb1862656a788a6da4116b0f434", "price_changes": [{"asset_id": "88338165865701386495217719036982962389406686302689056195151063072644378301708", "price": "0.31", "size": "1490.11", "side": "BUY", "hash": "f668cbf2ff892c07c5ac57ede20370e3bdb47dae", "best_bid": "0.32", "best_ask": "0.41"}, {"asset_id": "13906548632296892964125125203698575597202048155370793959834691274541212923753", "price": "0.69", "size": "1490.11", "side": "SELL", "hash": "69c689c527426c5992b216a7d1f15a1104d27be4", "best_bid": "0.59", "best_ask": "0.68"}], "timestamp": "1769384064271", "event_type": "price_change"}}
{"_local_timestamp": "2026-01-25T23:34:24.342424+00:00", "data": {"market": "0x7a6a0bdbca0f14aba6a075f16e2929460c577e402d49223832ea373414d86285", "price_changes": [{"asset_id": "25807461740977583955802291351608466332545389695244391615908120826816526760796", "price": "0.23", "size": "492", "side": "BUY", "hash": "5697d5d53af3fecd6542c7d98cf7853ca14e4c4a", "best_bid": "0.23", "best_ask": "0.32"}, {"asset_id": "99743614043101531704574278172947847548340522383219653041367941449874574076965", "price": "0.77", "size": "492", "side": "SELL", "hash": "aede93b6e7eb1418d487fdecfbf97c78b35ed94d", "best_bid": "0.68", "best_ask": "0.77"}], "timestamp": "1769384064271", "event_type": "price_change"}}
{"_local_timestamp": "2026-01-25T23:34:24.343879+00:00", "data": {"market": "0x43d148dca6b5e193615bc282f12d374e37cffc1c045171c2836d6dde45c394d5", "price_changes": [{"asset_id": "84261748973839098909278543067609198849881883339355739146851991526281884423186", "price": "0.48", "size": "851.25", "side": "BUY", "hash": "4433d92fb5f4e8cdcd6839ad491b64f1c03ae040", "best_bid": "0.5", "best_ask": "0.57"}, {"asset_id": "79739222626158755260103198595270213615580878636601163847435278985375776200437", "price": "0.52", "size": "851.25", "side": "SELL", "hash": "580f5546349a14d1c981017dd587b1eb01a0dd53", "best_bid": "0.43", "best_ask": "0.5"}], "timestamp": "1769384064274", "event_type": "price_change"}}
{"_local_timestamp": "2026-01-25T23:34:24.344222+00:00", "data": {"market": "0x0cc58400b196e6a24c07e46216926a171d3ce9492bbee95efdceffc938bdedea", "price_changes": [{"asset_id": "106297344999606524619975861233481901491196900479248484006204573976987088168080", "price": "0.48", "size": "851.25", "side": "BUY", "hash": "7df3726e1cb8da7c97d5401a96cf63575bfff7db", "best_bid": "0.5", "best_ask": "0.57"}, {"asset_id": "103892935187735588002079244543829871143734402451214370888220312321850546195147", "price": "0.52", "size": "851.25", "side": "SELL", "hash": "4913a3be32d18463ae202194d177d0b551aa7bb5", "best_bid": "0.43", "best_ask": "0.5"}], "timestamp": "1769384064274", "event_type": "price_change"}}
{"_local_timestamp": "2026-01-25T23:34:24.345435+00:00", "data": {"market": "0x43d148dca6b5e193615bc282f12d374e37cffc1c045171c2836d6dde45c394d5", "price_changes": [{"asset_id": "79739222626158755260103198595270213615580878636601163847435278985375776200437", "price": "0.42", "size": "1490.11", "side": "BUY", "hash": "322da187b9b8ec85eedac9b6fe2f6feed91423ff", "best_bid": "0.43", "best_ask": "0.5"}, {"asset_id": "84261748973839098909278543067609198849881883339355739146851991526281884423186", "price": "0.58", "size": "1490.11", "side": "SELL", "hash": "47b1a9aaa219c953529c3300668d7aaaa4d95f14", "best_bid": "0.5", "best_ask": "0.57"}], "timestamp": "1769384064275", "event_type": "price_change"}}
{"_local_timestamp": "2026-01-25T23:34:24.345886+00:00", "data": {"market": "0x0cc58400b196e6a24c07e46216926a171d3ce9492bbee95efdceffc938bdedea", "price_changes": [{"asset_id": "103892935187735588002079244543829871143734402451214370888220312321850546195147", "price": "0.42", "size": "1490.11", "side": "BUY", "hash": "9c9007dca0081a473111f8304f9c79514669ce1c", "best_bid": "0.43", "best_ask": "0.5"}, {"asset_id": "106297344999606524619975861233481901491196900479248484006204573976987088168080", "price": "0.58", "size": "1490.11", "side": "SELL", "hash": "dadfaba601119dd94e36f916c04cd93bc23a9fc6", "best_bid": "0.5", "best_ask": "0.57"}], "timestamp": "1769384064276", "event_type": "price_change"}}
{"_local_timestamp": "2026-01-25T23:34:24.346334+00:00", "data": {"market": "0xdbcbdd0aba143b1538c42910f4962cba415c41e8172aa898293a58715a903140", "price_changes": [{"asset_id": "107048767717531378423338558261379705549108116073087439799584367130482443586041", "price": "0.42", "size": "1390.11", "side": "BUY", "hash": "2005accefc3d3e4fdf44739a6dfcafa8c260cf74", "best_bid": "0.43", "best_ask": "0.45"}, {"asset_id": "13953427897363360093923369640067938780436829137816775422711279451005325016519", "price": "0.58", "size": "1390.11", "side": "SELL", "hash": "aaf18112a7f9bac73d539623962076d6a1d0af6e", "best_bid": "0.55", "best_ask": "0.57"}], "timestamp": "1769384064277", "event_type": "price_change"}}
{"_local_timestamp": "2026-01-25T23:34:24.346767+00:00", "data": {"market": "0x4ce40c95f8e904a736ed89ad7b9202f4c220ebb1862656a788a6da4116b0f434", "price_changes": [{"asset_id": "13906548632296892964125125203698575597202048155370793959834691274541212923753", "price": "0.57", "size": "1390.11", "side": "BUY", "hash": "5d2c6fb8972dc799d0f75eede1f32f912b47bc27", "best_bid": "0.59", "best_ask": "0.68"}, {"asset_id": "88338165865701386495217719036982962389406686302689056195151063072644378301708", "price": "0.43", "size": "1390.11", "side": "SELL", "hash": "b6de394ee7833e91f5ea7cb5b52cdb484819329c", "best_bid": "0.32", "best_ask": "0.41"}], "timestamp": "1769384064277", "event_type": "price_change"}}
{"_local_timestamp": "2026-01-25T23:34:24.347162+00:00", "data": {"market": "0x4260fd74c0400e17c72dbfe2cb50d40e64cc952711c689c4c154db783e56f798", "price_changes": [{"asset_id": "38256422075420257611543750663316775352355424361144872713559169529809539533140", "price": "0.5", "size": "2289.97", "side": "BUY", "hash": "2de97889d3f11e7b432e699df9eeffcf8b72f1fd", "best_bid": "0.57", "best_ask": "0.6"}, {"asset_id": "98008879832544295493967179396946153274843117470039437863149285869039121363519", "price": "0.5", "size": "2289.97", "side": "SELL", "hash": "78b9af39ef709e1e367778499d50fe6889495249", "best_bid": "0.4", "best_ask": "0.43"}], "timestamp": "1769384064278", "event_type": "price_change"}}
{"_local_timestamp": "2026-01-25T23:34:24.347599+00:00", "data": {"market": "0xdbcbdd0aba143b1538c42910f4962cba415c41e8172aa898293a58715a903140", "price_changes": [{"asset_id": "13953427897363360093923369640067938780436829137816775422711279451005325016519", "price": "0.48", "size": "1490.11", "side": "BUY", "hash": "907e4b8b07b0f7e28579b394cd87f80b7034e82c", "best_bid": "0.55", "best_ask": "0.57"}, {"asset_id": "107048767717531378423338558261379705549108116073087439799584367130482443586041", "price": "0.52", "size": "1490.11", "side": "SELL", "hash": "39b7465e0ab0610a4e0967b73627de0d6770be19", "best_bid": "0.43", "best_ask": "0.45"}], "timestamp": "1769384064278", "event_type": "price_change"}}
{"_local_timestamp": "2026-01-25T23:34:24.356986+00:00", "data": {"market": "0x4260fd74c0400e17c72dbfe2cb50d40e64cc952711c689c4c154db783e56f798", "price_changes": [{"asset_id": "38256422075420257611543750663316775352355424361144872713559169529809539533140", "price": "0.52", "size": "0", "side": "BUY", "hash": "23b6b84521a357c5ab1eb2948fa5fede84934ffe", "best_bid": "0.57", "best_ask": "0.6"}, {"asset_id": "98008879832544295493967179396946153274843117470039437863149285869039121363519", "price": "0.48", "size": "0", "side": "SELL", "hash": "2e61610bceebb5758e391418f0e6c6cf9d3601ab", "best_bid": "0.4", "best_ask": "0.43"}], "timestamp": "1769384064282", "event_type": "price_change"}}
{"_local_timestamp": "2026-01-25T23:34:24.357510+00:00", "data": {"market": "0xdbcbdd0aba143b1538c42910f4962cba415c41e8172aa898293a58715a903140", "price_changes": [{"asset_id": "13953427897363360093923369640067938780436829137816775422711279451005325016519", "price": "0.03", "size": "31.59", "side": "BUY", "hash": "9a06681b4f65b29f39c1bdd1f8be5f979cb97585", "best_bid": "0.55", "best_ask": "0.57"}, {"asset_id": "107048767717531378423338558261379705549108116073087439799584367130482443586041", "price": "0.97", "size": "31.59", "side": "SELL", "hash": "df01b01348f388f0b0b613b179fc6fd9af68e5ad", "best_bid": "0.43", "best_ask": "0.45"}], "timestamp": "1769384064282", "event_type": "price_change"}}
{"_local_timestamp": "2026-01-25T23:34:24.358027+00:00", "data": {"market": "0x0cc58400b196e6a24c07e46216926a171d3ce9492bbee95efdceffc938bdedea", "price_changes": [{"asset_id": "106297344999606524619975861233481901491196900479248484006204573976987088168080", "price": "0.04", "size": "5999.11", "side": "BUY", "hash": "fe70ca121edd62edeff0587d2bca5e3b97754f47", "best_bid": "0.5", "best_ask": "0.57"}, {"asset_id": "103892935187735588002079244543829871143734402451214370888220312321850546195147", "price": "0.96", "size": "5999.11", "side": "SELL", "hash": "11fe1189d2a90e99145d922bf8f90d4f2a691eb7", "best_bid": "0.43", "best_ask": "0.5"}], "timestamp": "1769384064283", "event_type": "price_change"}}
{"_local_timestamp": "2026-01-25T23:34:24.376839+00:00", "data": {"market": "0x4260fd74c0400e17c72dbfe2cb50d40e64cc952711c689c4c154db783e56f798", "price_changes": [{"asset_id": "38256422075420257611543750663316775352355424361144872713559169529809539533140", "price": "0.55", "size": "100", "side": "BUY", "hash": "f80d037fd4be8c384625343bfceadcbf7f0cd128", "best_bid": "0.57", "best_ask": "0.6"}, {"asset_id": "98008879832544295493967179396946153274843117470039437863149285869039121363519", "price": "0.45", "size": "100", "side": "SELL", "hash": "041f269507f647f5b8d02a8aa7514a3b72f2ea29", "best_bid": "0.4", "best_ask": "0.43"}], "timestamp": "1769384064293", "event_type": "price_change"}}
{"_local_timestamp": "2026-01-25T23:34:24.388971+00:00", "data": {"market": "0x4260fd74c0400e17c72dbfe2cb50d40e64cc952711c689c4c154db783e56f798", "price_changes": [{"asset_id": "38256422075420257611543750663316775352355424361144872713559169529809539533140", "price": "0.51", "size": "1479.11", "side": "BUY", "hash": "c70b4eea8c4da4c9542a7dca0d178d1de75155c1", "best_bid": "0.57", "best_ask": "0.6"}, {"asset_id": "98008879832544295493967179396946153274843117470039437863149285869039121363519", "price": "0.49", "size": "1479.11", "side": "SELL", "hash": "2e71646c6f71802598d773f98b7d8d6e236a57d4", "best_bid": "0.4", "best_ask": "0.43"}], "timestamp": "1769384064318", "event_type": "price_change"}}
{"_local_timestamp": "2026-01-25T23:34:24.897137+00:00", "data": {"market": "0xdbcbdd0aba143b1538c42910f4962cba415c41e8172aa898293a58715a903140", "price_changes": [{"asset_id": "13953427897363360093923369640067938780436829137816775422711279451005325016519", "price": "0.01", "size": "8174.43", "side": "BUY", "hash": "3fb1ef9c16dd2b30816df30de4002919bf4c6dab", "best_bid": "0.55", "best_ask": "0.57"}, {"asset_id": "107048767717531378423338558261379705549108116073087439799584367130482443586041", "price": "0.99", "size": "8174.43", "side": "SELL", "hash": "cdccbaaac28e1cc520e0a70aca88106d6d29b0ab", "best_bid": "0.43", "best_ask": "0.45"}], "timestamp": "1769384064827", "event_type": "price_change"}}
{"_local_timestamp": "2026-01-25T23:34:24.897671+00:00", "data": {"market": "0x4260fd74c0400e17c72dbfe2cb50d40e64cc952711c689c4c154db783e56f798", "price_changes": [{"asset_id": "38256422075420257611543750663316775352355424361144872713559169529809539533140", "price": "0.5", "size": "3180.08", "side": "BUY", "hash": "8d12d80bf3860eea385ad914ce130b054ced74ad", "best_bid": "0.57", "best_ask": "0.6"}, {"asset_id": "98008879832544295493967179396946153274843117470039437863149285869039121363519", "price": "0.5", "size": "3180.08", "side": "SELL", "hash": "00044029a80c351d1f67728030749f53cd5d7aad", "best_bid": "0.4", "best_ask": "0.43"}], "timestamp": "1769384064827", "event_type": "price_change"}}
{"_local_timestamp": "2026-01-25T23:34:24.898063+00:00", "data": {"market": "0xdbcbdd0aba143b1538c42910f4962cba415c41e8172aa898293a58715a903140", "price_changes": [{"asset_id": "13953427897363360093923369640067938780436829137816775422711279451005325016519", "price": "0.02", "size": "5047.43", "side": "BUY", "hash": "b1456007c644d143ffd9a1cf459b502857afe7d1", "best_bid": "0.55", "best_ask": "0.57"}, {"asset_id": "107048767717531378423338558261379705549108116073087439799584367130482443586041", "price": "0.98", "size": "5047.43", "side": "SELL", "hash": "d6e3079b85c40647b798feba6ec081a74be6e3e2", "best_bid": "0.43", "best_ask": "0.45"}], "timestamp": "1769384064828", "event_type": "price_change"}}
{"_local_timestamp": "2026-01-25T23:34:24.898446+00:00", "data": {"market": "0xdbcbdd0aba143b1538c42910f4962cba415c41e8172aa898293a58715a903140", "price_changes": [{"asset_id": "107048767717531378423338558261379705549108116073087439799584367130482443586041", "price": "0.01", "size": "8174.24", "side": "BUY", "hash": "67d744e7c1ecd7befe0ced7bb3e00c51a84d11bb", "best_bid": "0.43", "best_ask": "0.45"}, {"asset_id": "13953427897363360093923369640067938780436829137816775422711279451005325016519", "price": "0.99", "size": "8174.24", "side": "SELL", "hash": "838a813289fcb43a07bf76557362cb757b7be7d5", "best_bid": "0.55", "best_ask": "0.57"}], "timestamp": "1769384064828", "event_type": "price_change"}}
{"_local_timestamp": "2026-01-25T23:34:24.898874+00:00", "data": {"market": "0xdbcbdd0aba143b1538c42910f4962cba415c41e8172aa898293a58715a903140", "price_changes": [{"asset_id": "107048767717531378423338558261379705549108116073087439799584367130482443586041", "price": "0.02", "size": "5047.43", "side": "BUY", "hash": "e753fb456666b9c3424aaa99af08f887bd29668b", "best_bid": "0.43", "best_ask": "0.45"}, {"asset_id": "13953427897363360093923369640067938780436829137816775422711279451005325016519", "price": "0.98", "size": "5047.43", "side": "SELL", "hash": "d948ffbf457567be5486a9c39068420c35c8bb84", "best_bid": "0.55", "best_ask": "0.57"}], "timestamp": "1769384064829", "event_type": "price_change"}}
{"_local_timestamp": "2026-01-25T23:34:25.135484+00:00", "data": {"market": "0x4ce40c95f8e904a736ed89ad7b9202f4c220ebb1862656a788a6da4116b0f434", "price_changes": [{"asset_id": "13906548632296892964125125203698575597202048155370793959834691274541212923753", "price": "0.28", "size": "1780.22", "side": "BUY", "hash": "599c7ada0afa7fe00dd3ae42a100813812123efe", "best_bid": "0.59", "best_ask": "0.68"}, {"asset_id": "88338165865701386495217719036982962389406686302689056195151063072644378301708", "price": "0.72", "size": "1780.22", "side": "SELL", "hash": "223ad0bedd39d154cc905f2588ad9d7b26960523", "best_bid": "0.32", "best_ask": "0.41"}], "timestamp": "1769384065062", "event_type": "price_change"}}
{"_local_timestamp": "2026-01-25T23:34:25.136000+00:00", "data": {"market": "0x4ce40c95f8e904a736ed89ad7b9202f4c220ebb1862656a788a6da4116b0f434", "price_changes": [{"asset_id": "13906548632296892964125125203698575597202048155370793959834691274541212923753", "price": "0.28", "size": "3050.32", "side": "BUY", "hash": "4d6db74314104e4de7a81cd1ecb35264637f5bfd", "best_bid": "0.59", "best_ask": "0.68"}, {"asset_id": "88338165865701386495217719036982962389406686302689056195151063072644378301708", "price": "0.72", "size": "3050.32", "side": "SELL", "hash": "6e1702b9534c82269a258b2c9a57f80e81bbba01", "best_bid": "0.32", "best_ask": "0.41"}], "timestamp": "1769384065063", "event_type": "price_change"}}
{"_local_timestamp": "2026-01-25T23:34:25.136400+00:00", "data": {"market": "0x4ce40c95f8e904a736ed89ad7b9202f4c220ebb1862656a788a6da4116b0f434", "price_changes": [{"asset_id": "13906548632296892964125125203698575597202048155370793959834691274541212923753", "price": "0.28", "size": "5047.43", "side": "BUY", "hash": "682044c0db163db52520dee5b11bb65ffd43b4ce", "best_bid": "0.59", "best_ask": "0.68"}, {"asset_id": "88338165865701386495217719036982962389406686302689056195151063072644378301708", "price": "0.72", "size": "5047.43", "side": "SELL", "hash": "cb30b777596c7720b5c380135e9e83950bda296c", "best_bid": "0.32", "best_ask": "0.41"}], "timestamp": "1769384065064", "event_type": "price_change"}}
{"_local_timestamp": "2026-01-25T23:34:25.284431+00:00", "data": {"market": "0xdbcbdd0aba143b1538c42910f4962cba415c41e8172aa898293a58715a903140", "price_changes": [{"asset_id": "13953427897363360093923369640067938780436829137816775422711279451005325016519", "price": "0.04", "size": "5999.11", "side": "BUY", "hash": "9006c5099cc4ee62f28f3d735d3723713a099492", "best_bid": "0.55", "best_ask": "0.57"}, {"asset_id": "107048767717531378423338558261379705549108116073087439799584367130482443586041", "price": "0.96", "size": "5999.11", "side": "SELL", "hash": "423675fc24f037bcb26371d6bd1cdc1b982cc87d", "best_bid": "0.43", "best_ask": "0.45"}], "timestamp": "1769384065198", "event_type": "price_change"}}
{"_local_timestamp": "2026-01-25T23:34:25.286037+00:00", "data": {"market": "0xdbcbdd0aba143b1538c42910f4962cba415c41e8172aa898293a58715a903140", "price_changes": [{"asset_id": "13953427897363360093923369640067938780436829137816775422711279451005325016519", "price": "0.04", "size": "6889.22", "side": "BUY", "hash": "5b71b4717ab312c45a30b29e8a2b3cd4124a22e2", "best_bid": "0.55", "best_ask": "0.57"}, {"asset_id": "107048767717531378423338558261379705549108116073087439799584367130482443586041", "price": "0.96", "size": "6889.22", "side": "SELL", "hash": "ff9a145454c845db99aa3d6be20c3f908dc28812", "best_bid": "0.43", "best_ask": "0.45"}], "timestamp": "1769384065199", "event_type": "price_change"}}
{"_local_timestamp": "2026-01-25T23:34:25.288871+00:00", "data": {"market": "0xdbcbdd0aba143b1538c42910f4962cba415c41e8172aa898293a58715a903140", "price_changes": [{"asset_id": "13953427897363360093923369640067938780436829137816775422711279451005325016519", "price": "0.04", "size": "8159.32", "side": "BUY", "hash": "0bea46435c8fa24f3df0fa34da8e03f6e2581e0a", "best_bid": "0.55", "best_ask": "0.57"}, {"asset_id": "107048767717531378423338558261379705549108116073087439799584367130482443586041", "price": "0.96", "size": "8159.32", "side": "SELL", "hash": "f113243b1a41672ada33fabd759491f3d12f5f44", "best_bid": "0.43", "best_ask": "0.45"}], "timestamp": "1769384065199", "event_type": "price_change"}}
{"_local_timestamp": "2026-01-25T23:34:25.297941+00:00", "data": {"market": "0xdbcbdd0aba143b1538c42910f4962cba415c41e8172aa898293a58715a903140", "price_changes": [{"asset_id": "107048767717531378423338558261379705549108116073087439799584367130482443586041", "price": "0.01", "size": "9064.35", "side": "BUY", "hash": "12984eaf97aace7874aa4d0e6758f0aed7e3800b", "best_bid": "0.43", "best_ask": "0.45"}, {"asset_id": "13953427897363360093923369640067938780436829137816775422711279451005325016519", "price": "0.99", "size": "9064.35", "side": "SELL", "hash": "7bb320751ffc8476b5333439fa7813d207c64561", "best_bid": "0.55", "best_ask": "0.57"}], "timestamp": "1769384065200", "event_type": "price_change"}}
{"_local_timestamp": "2026-01-25T23:34:25.298469+00:00", "data": {"market": "0xdbcbdd0aba143b1538c42910f4962cba415c41e8172aa898293a58715a903140", "price_changes": [{"asset_id": "107048767717531378423338558261379705549108116073087439799584367130482443586041", "price": "0.01", "size": "10334.45", "side": "BUY", "hash": "7c40bea69cda438c29871b7a521833f30bd96e04", "best_bid": "0.43", "best_ask": "0.45"}, {"asset_id": "13953427897363360093923369640067938780436829137816775422711279451005325016519", "price": "0.99", "size": "10334.45", "side": "SELL", "hash": "85e19ba38cfbd4c3d6049e6dac516dee1bf8e99a", "best_bid": "0.55", "best_ask": "0.57"}], "timestamp": "1769384065201", "event_type": "price_change"}}
{"_local_timestamp": "2026-01-25T23:34:25.298928+00:00", "data": {"market": "0xdbcbdd0aba143b1538c42910f4962cba415c41e8172aa898293a58715a903140", "price_changes": [{"asset_id": "107048767717531378423338558261379705549108116073087439799584367130482443586041", "price": "0.01", "size": "12331.56", "side": "BUY", "hash": "e97d5bec8bf40943e8bc3419f297cb1c078f9732", "best_bid": "0.43", "best_ask": "0.45"}, {"asset_id": "13953427897363360093923369640067938780436829137816775422711279451005325016519", "price": "0.99", "size": "12331.56", "side": "SELL", "hash": "3559da3bb9ad9cf50e35bace38b287c65f06dec2", "best_bid": "0.55", "best_ask": "0.57"}], "timestamp": "1769384065201", "event_type": "price_change"}}
{"_local_timestamp": "2026-01-25T23:34:25.299403+00:00", "data": {"market": "0xdbcbdd0aba143b1538c42910f4962cba415c41e8172aa898293a58715a903140", "price_changes": [{"asset_id": "13953427897363360093923369640067938780436829137816775422711279451005325016519", "price": "0.04", "size": "10156.43", "side": "BUY", "hash": "4894f9eaafa86b7ee576824f47b3ae3364354863", "best_bid": "0.55", "best_ask": "0.57"}, {"asset_id": "107048767717531378423338558261379705549108116073087439799584367130482443586041", "price": "0.96", "size": "10156.43", "side": "SELL", "hash": "57d108653c8a60395e5fce78c8a80c9c6ccb3a16", "best_bid": "0.43", "best_ask": "0.45"}], "timestamp": "1769384065202", "event_type": "price_change"}}
{"_local_timestamp": "2026-01-25T23:34:52.363361+00:00", "data": {"market": "0x4ce40c95f8e904a736ed89ad7b9202f4c220ebb1862656a788a6da4116b0f434", "price_changes": [{"asset_id": "13906548632296892964125125203698575597202048155370793959834691274541212923753", "price": "0.27", "size": "890.11", "side": "BUY", "hash": "28e8c6042b1210bf6cc691b6c318fc8e86eb16b0", "best_bid": "0.59", "best_ask": "0.68"}, {"asset_id": "88338165865701386495217719036982962389406686302689056195151063072644378301708", "price": "0.73", "size": "890.11", "side": "SELL", "hash": "8f3639e2a43a07f4705468e928d143a4d2b086e4", "best_bid": "0.32", "best_ask": "0.41"}], "timestamp": "1769384092290", "event_type": "price_change"}}
{"_local_timestamp": "2026-01-25T23:34:52.414214+00:00", "data": {"market": "0x4ce40c95f8e904a736ed89ad7b9202f4c220ebb1862656a788a6da4116b0f434", "price_changes": [{"asset_id": "13906548632296892964125125203698575597202048155370793959834691274541212923753", "price": "0.28", "size": "0", "side": "BUY", "hash": "4ed109b111aa8566f7f5d0b91e85dc3eab7eb45d", "best_bid": "0.59", "best_ask": "0.68"}, {"asset_id": "88338165865701386495217719036982962389406686302689056195151063072644378301708", "price": "0.72", "size": "0", "side": "SELL", "hash": "1b89d2abd4754e316b30c2013edd584b56747147", "best_bid": "0.32", "best_ask": "0.41"}], "timestamp": "1769384092337", "event_type": "price_change"}}
{"_local_timestamp": "2026-01-25T23:34:52.414762+00:00", "data": {"market": "0x4ce40c95f8e904a736ed89ad7b9202f4c220ebb1862656a788a6da4116b0f434", "price_changes": [{"asset_id": "13906548632296892964125125203698575597202048155370793959834691274541212923753", "price": "0.27", "size": "0", "side": "BUY", "hash": "4ed109b111aa8566f7f5d0b91e85dc3eab7eb45d", "best_bid": "0.59", "best_ask": "0.68"}, {"asset_id": "88338165865701386495217719036982962389406686302689056195151063072644378301708", "price": "0.73", "size": "0", "side": "SELL", "hash": "1b89d2abd4754e316b30c2013edd584b56747147", "best_bid": "0.32", "best_ask": "0.41"}], "timestamp": "1769384092337", "event_type": "price_change"}}
{"_local_timestamp": "2026-01-25T23:34:52.658370+00:00", "data": {"market": "0x4ce40c95f8e904a736ed89ad7b9202f4c220ebb1862656a788a6da4116b0f434", "price_changes": [{"asset_id": "13906548632296892964125125203698575597202048155370793959834691274541212923753", "price": "0.28", "size": "200", "side": "BUY", "hash": "1bc71fd5b3d47b51b8dbe41193e5ec91757e5e6a", "best_bid": "0.59", "best_ask": "0.68"}, {"asset_id": "88338165865701386495217719036982962389406686302689056195151063072644378301708", "price": "0.72", "size": "200", "side": "SELL", "hash": "632638c54ca182bd5d895345ed386f41344f8b58", "best_bid": "0.32", "best_ask": "0.41"}], "timestamp": "1769384092587", "event_type": "price_change"}}
{"_local_timestamp": "2026-01-25T23:35:06.869079+00:00", "data": {"market": "0x4ce40c95f8e904a736ed89ad7b9202f4c220ebb1862656a788a6da4116b0f434", "price_changes": [{"asset_id": "13906548632296892964125125203698575597202048155370793959834691274541212923753", "price": "0.64", "size": "336.36", "side": "BUY", "hash": "85ffdf2787473a13bc288877273e60531153bf51", "best_bid": "0.64", "best_ask": "0.68"}, {"asset_id": "88338165865701386495217719036982962389406686302689056195151063072644378301708", "price": "0.36", "size": "336.36", "side": "SELL", "hash": "c26f68222a223fa15af7e7e1b7a3856653989c20", "best_bid": "0.32", "best_ask": "0.36"}], "timestamp": "1769384106797", "event_type": "price_change"}}
{"_local_timestamp": "2026-01-25T23:35:15.446127+00:00", "data": {"market": "0x4ce40c95f8e904a736ed89ad7b9202f4c220ebb1862656a788a6da4116b0f434", "price_changes": [{"asset_id": "13906548632296892964125125203698575597202048155370793959834691274541212923753", "price": "0.28", "size": "0", "side": "BUY", "hash": "02703309f79eda2e49586b88056af5e3e3e16641", "best_bid": "0.64", "best_ask": "0.68"}, {"asset_id": "88338165865701386495217719036982962389406686302689056195151063072644378301708", "price": "0.72", "size": "0", "side": "SELL", "hash": "6b21866668b3f42ab3d147eff69a6bced19820d6", "best_bid": "0.32", "best_ask": "0.36"}], "timestamp": "1769384115378", "event_type": "price_change"}}
{"_local_timestamp": "2026-01-25T23:35:15.762926+00:00", "data": {"market": "0x4ce40c95f8e904a736ed89ad7b9202f4c220ebb1862656a788a6da4116b0f434", "price_changes": [{"asset_id": "13906548632296892964125125203698575597202048155370793959834691274541212923753", "price": "0.27", "size": "200", "side": "BUY", "hash": "cd8ae3746add04287d2167994b1a2ce9c34e7c4a", "best_bid": "0.64", "best_ask": "0.68"}, {"asset_id": "88338165865701386495217719036982962389406686302689056195151063072644378301708", "price": "0.73", "size": "200", "side": "SELL", "hash": "211514b705e43955430465756446b872c573a66c", "best_bid": "0.32", "best_ask": "0.36"}], "timestamp": "1769384115689", "event_type": "price_change"}}
{"_local_timestamp": "2026-01-25T23:35:16.107098+00:00", "data": {"market": "0x4ce40c95f8e904a736ed89ad7b9202f4c220ebb1862656a788a6da4116b0f434", "price_changes": [{"asset_id": "13906548632296892964125125203698575597202048155370793959834691274541212923753", "price": "0.64", "size": "0", "side": "BUY", "hash": "ba2442f0c788325f65fd33a9fc045c27a9f69a94", "best_bid": "0.59", "best_ask": "0.68"}, {"asset_id": "88338165865701386495217719036982962389406686302689056195151063072644378301708", "price": "0.36", "size": "0", "side": "SELL", "hash": "43c237513f478a292f224ca705006356f1fdfe27", "best_bid": "0.32", "best_ask": "0.41"}], "timestamp": "1769384116022", "event_type": "price_change"}}
{"_local_timestamp": "2026-01-25T23:36:06.084527+00:00", "data": {"market": "0x7a6a0bdbca0f14aba6a075f16e2929460c577e402d49223832ea373414d86285", "price_changes": [{"asset_id": "99743614043101531704574278172947847548340522383219653041367941449874574076965", "price": "0.66", "size": "1390.11", "side": "BUY", "hash": "ea1a1ad172df997da88f9553bd202de3712ff65b", "best_bid": "0.68", "best_ask": "0.77"}, {"asset_id": "25807461740977583955802291351608466332545389695244391615908120826816526760796", "price": "0.34", "size": "1390.11", "side": "SELL", "hash": "aba6d6385b444f4b09ee9910a54cd0f794bd27fd", "best_bid": "0.23", "best_ask": "0.32"}], "timestamp": "1769384166003", "event_type": "price_change"}}
{"_local_timestamp": "2026-01-25T23:36:06.099871+00:00", "data": {"market": "0x4ce40c95f8e904a736ed89ad7b9202f4c220ebb1862656a788a6da4116b0f434", "price_changes": [{"asset_id": "88338165865701386495217719036982962389406686302689056195151063072644378301708", "price": "0.3", "size": "0", "side": "BUY", "hash": "c2a94139a0c130a28bb8d463cdf6cc2247e460dc", "best_bid": "0.32", "best_ask": "0.41"}, {"asset_id": "13906548632296892964125125203698575597202048155370793959834691274541212923753", "price": "0.7", "size": "0", "side": "SELL", "hash": "1b0374a5e78e7a99ae49f6de0acc753b8748a33e", "best_bid": "0.59", "best_ask": "0.68"}], "timestamp": "1769384166004", "event_type": "price_change"}}
{"_local_timestamp": "2026-01-25T23:36:06.126695+00:00", "data": {"market": "0x7a6a0bdbca0f14aba6a075f16e2929460c577e402d49223832ea373414d86285", "price_changes": [{"asset_id": "99743614043101531704574278172947847548340522383219653041367941449874574076965", "price": "0.28", "size": "0", "side": "BUY", "hash": "b2a5b29927fa139d7721e8710f94779d6a05c577", "best_bid": "0.68", "best_ask": "0.77"}, {"asset_id": "25807461740977583955802291351608466332545389695244391615908120826816526760796", "price": "0.72", "size": "0", "side": "SELL", "hash": "e6c121f7afdd1b43cc979364d7fb775f49278872", "best_bid": "0.23", "best_ask": "0.32"}], "timestamp": "1769384166037", "event_type": "price_change"}}
{"_local_timestamp": "2026-01-25T23:36:06.127322+00:00", "data": {"market": "0x7a6a0bdbca0f14aba6a075f16e2929460c577e402d49223832ea373414d86285", "price_changes": [{"asset_id": "99743614043101531704574278172947847548340522383219653041367941449874574076965", "price": "0.27", "size": "200", "side": "BUY", "hash": "b2a5b29927fa139d7721e8710f94779d6a05c577", "best_bid": "0.68", "best_ask": "0.77"}, {"asset_id": "25807461740977583955802291351608466332545389695244391615908120826816526760796", "price": "0.73", "size": "200", "side": "SELL", "hash": "e6c121f7afdd1b43cc979364d7fb775f49278872", "best_bid": "0.23", "best_ask": "0.32"}], "timestamp": "1769384166037", "event_type": "price_change"}}
{"_local_timestamp": "2026-01-25T23:36:06.213084+00:00", "data": {"market": "0x7a6a0bdbca0f14aba6a075f16e2929460c577e402d49223832ea373414d86285", "price_changes": [{"asset_id": "99743614043101531704574278172947847548340522383219653041367941449874574076965", "price": "0.04", "size": "0", "side": "BUY", "hash": "4a960410ad2b463539798f425856b29398b89a0d", "best_bid": "0.68", "best_ask": "0.77"}, {"asset_id": "25807461740977583955802291351608466332545389695244391615908120826816526760796", "price": "0.96", "size": "0", "side": "SELL", "hash": "edb29e437f6f5e05db476f8d761547f08c387e2a", "best_bid": "0.23", "best_ask": "0.32"}], "timestamp": "1769384166112", "event_type": "price_change"}}
{"_local_timestamp": "2026-01-25T23:36:06.227853+00:00", "data": {"market": "0x7a6a0bdbca0f14aba6a075f16e2929460c577e402d49223832ea373414d86285", "price_changes": [{"asset_id": "99743614043101531704574278172947847548340522383219653041367941449874574076965", "price": "0.05", "size": "5999.11", "side": "BUY", "hash": "764902bc864d5d46d2178586e9963379f7e5294a", "best_bid": "0.68", "best_ask": "0.77"}, {"asset_id": "25807461740977583955802291351608466332545389695244391615908120826816526760796", "price": "0.95", "size": "5999.11", "side": "SELL", "hash": "978a8c33b8a45d272877a132f9e721ccca2c0c2a", "best_bid": "0.23", "best_ask": "0.32"}], "timestamp": "1769384166129", "event_type": "price_change"}}
{"_local_timestamp": "2026-01-25T23:36:06.264814+00:00", "data": {"market": "0x7a6a0bdbca0f14aba6a075f16e2929460c577e402d49223832ea373414d86285", "price_changes": [{"asset_id": "99743614043101531704574278172947847548340522383219653041367941449874574076965", "price": "0.28", "size": "890.11", "side": "BUY", "hash": "9a8ff6966cc166813ccdbcd72569dc1ba5a7fbf2", "best_bid": "0.68", "best_ask": "0.77"}, {"asset_id": "25807461740977583955802291351608466332545389695244391615908120826816526760796", "price": "0.72", "size": "890.11", "side": "SELL", "hash": "a88a12a21f30edb102d530e167d19f65b344574f", "best_bid": "0.23", "best_ask": "0.32"}], "timestamp": "1769384166130", "event_type": "price_change"}}
{"_local_timestamp": "2026-01-25T23:36:06.265362+00:00", "data": {"market": "0x7a6a0bdbca0f14aba6a075f16e2929460c577e402d49223832ea373414d86285", "price_changes": [{"asset_id": "99743614043101531704574278172947847548340522383219653041367941449874574076965", "price": "0.05", "size": "7996.22", "side": "BUY", "hash": "67990c7d20b028cdea7a94f272974bae6d6efd77", "best_bid": "0.68", "best_ask": "0.77"}, {"asset_id": "25807461740977583955802291351608466332545389695244391615908120826816526760796", "price": "0.95", "size": "7996.22", "side": "SELL", "hash": "d2fcaac60e7eec392778b551c68068a54f00e8cc", "best_bid": "0.23", "best_ask": "0.32"}], "timestamp": "1769384166130", "event_type": "price_change"}}
{"_local_timestamp": "2026-01-25T23:36:06.265920+00:00", "data": {"market": "0x7a6a0bdbca0f14aba6a075f16e2929460c577e402d49223832ea373414d86285", "price_changes": [{"asset_id": "99743614043101531704574278172947847548340522383219653041367941449874574076965", "price": "0.05", "size": "9266.32", "side": "BUY", "hash": "3d98959f132eceea78cdd1412f4ccb7d8c5f99e1", "best_bid": "0.68", "best_ask": "0.77"}, {"asset_id": "25807461740977583955802291351608466332545389695244391615908120826816526760796", "price": "0.95", "size": "9266.32", "side": "SELL", "hash": "efbc3539094c5d804c4ef96273ce9dcf45b37dfd", "best_bid": "0.23", "best_ask": "0.32"}], "timestamp": "1769384166131", "event_type": "price_change"}}
{"_local_timestamp": "2026-01-25T23:36:07.441051+00:00", "data": {"market": "0x4ce40c95f8e904a736ed89ad7b9202f4c220ebb1862656a788a6da4116b0f434", "price_changes": [{"asset_id": "13906548632296892964125125203698575597202048155370793959834691274541212923753", "price": "0.64", "size": "336.36", "side": "BUY", "hash": "ef354020abc067490c21f0c0bdc1a1e9bd3c76b2", "best_bid": "0.64", "best_ask": "0.68"}, {"asset_id": "88338165865701386495217719036982962389406686302689056195151063072644378301708", "price": "0.36", "size": "336.36", "side": "SELL", "hash": "383fb3b52f29f009813f8fb9b44d7565fc60bbbb", "best_bid": "0.32", "best_ask": "0.36"}], "timestamp": "1769384167370", "event_type": "price_change"}}
{"_local_timestamp": "2026-01-25T23:36:16.550871+00:00", "data": {"market": "0x4ce40c95f8e904a736ed89ad7b9202f4c220ebb1862656a788a6da4116b0f434", "price_changes": [{"asset_id": "13906548632296892964125125203698575597202048155370793959834691274541212923753", "price": "0.64", "size": "0", "side": "BUY", "hash": "4cb5a19b1f8ddbbf7c7f95f035ccc9a5543d0749", "best_bid": "0.59", "best_ask": "0.68"}, {"asset_id": "88338165865701386495217719036982962389406686302689056195151063072644378301708", "price": "0.36", "size": "0", "side": "SELL", "hash": "ec07e40ba79ba83991f254a40a44d3b31e175efd", "best_bid": "0.32", "best_ask": "0.41"}], "timestamp": "1769384176483", "event_type": "price_change"}}
{"_local_timestamp": "2026-01-25T23:36:17.030326+00:00", "data": {"market": "0x0cc58400b196e6a24c07e46216926a171d3ce9492bbee95efdceffc938bdedea", "price_changes": [{"asset_id": "106297344999606524619975861233481901491196900479248484006204573976987088168080", "price": "0.02", "size": "0", "side": "BUY", "hash": "9c4654187e8bdb426f6e4342eb93046222115be0", "best_bid": "0.5", "best_ask": "0.57"}, {"asset_id": "103892935187735588002079244543829871143734402451214370888220312321850546195147", "price": "0.98", "size": "0", "side": "SELL", "hash": "1cc7ed86dda29c1a49166d5148d9224ff0890a55", "best_bid": "0.43", "best_ask": "0.5"}], "timestamp": "1769384176957", "event_type": "price_change"}}
{"_local_timestamp": "2026-01-25T23:36:17.030951+00:00", "data": {"market": "0xdbcbdd0aba143b1538c42910f4962cba415c41e8172aa898293a58715a903140", "price_changes": [{"asset_id": "13953427897363360093923369640067938780436829137816775422711279451005325016519", "price": "0.03", "size": "0", "side": "BUY", "hash": "3c040b2cf7b86998a8ef29115b5f107ab660ca82", "best_bid": "0.55", "best_ask": "0.57"}, {"asset_id": "107048767717531378423338558261379705549108116073087439799584367130482443586041", "price": "0.97", "size": "0", "side": "SELL", "hash": "943d5d3ec10800818e79664597300d2751a2c423", "best_bid": "0.43", "best_ask": "0.45"}], "timestamp": "1769384176957", "event_type": "price_change"}}
{"_local_timestamp": "2026-01-25T23:36:17.088387+00:00", "data": {"market": "0x0cc58400b196e6a24c07e46216926a171d3ce9492bbee95efdceffc938bdedea", "price_changes": [{"asset_id": "103892935187735588002079244543829871143734402451214370888220312321850546195147", "price": "0.41", "size": "257.75", "side": "BUY", "hash": "a24abd590f62347095508fa44e721906efe54e22", "best_bid": "0.43", "best_ask": "0.5"}, {"asset_id": "106297344999606524619975861233481901491196900479248484006204573976987088168080", "price": "0.59", "size": "257.75", "side": "SELL", "hash": "141dd1af3ff863041cb41a9791587c8892cbfc57", "best_bid": "0.5", "best_ask": "0.57"}], "timestamp": "1769384177004", "event_type": "price_change"}}
{"_local_timestamp": "2026-01-25T23:36:17.089014+00:00", "data": {"market": "0xdbcbdd0aba143b1538c42910f4962cba415c41e8172aa898293a58715a903140", "price_changes": [{"asset_id": "13953427897363360093923369640067938780436829137816775422711279451005325016519", "price": "0.04", "size": "0", "side": "BUY", "hash": "6b21e972b5ded5ffaa9c1576dfbf3bf16094115c", "best_bid": "0.55", "best_ask": "0.57"}, {"asset_id": "107048767717531378423338558261379705549108116073087439799584367130482443586041", "price": "0.96", "size": "0", "side": "SELL", "hash": "e50dd08a196bc4f32bbfeaa1e3dd4d7f170022f7", "best_bid": "0.43", "best_ask": "0.45"}], "timestamp": "1769384177004", "event_type": "price_change"}}
{"_local_timestamp": "2026-01-25T23:36:17.089792+00:00", "data": {"market": "0x0cc58400b196e6a24c07e46216926a171d3ce9492bbee95efdceffc938bdedea", "price_changes": [{"asset_id": "106297344999606524619975861233481901491196900479248484006204573976987088168080", "price": "0.04", "size": "0", "side": "BUY", "hash": "0bf1be14ffd28c55fbbd7cfd4a890e476841686a", "best_bid": "0.5", "best_ask": "0.57"}, {"asset_id": "103892935187735588002079244543829871143734402451214370888220312321850546195147", "price": "0.96", "size": "0", "side": "SELL", "hash": "0acc6c57287667f95868e1eba11ab95319f5ae4b", "best_bid": "0.43", "best_ask": "0.5"}], "timestamp": "1769384177005", "event_type": "price_change"}}
{"_local_timestamp": "2026-01-25T23:36:17.090342+00:00", "data": {"market": "0xdbcbdd0aba143b1538c42910f4962cba415c41e8172aa898293a58715a903140", "price_changes": [{"asset_id": "13953427897363360093923369640067938780436829137816775422711279451005325016519", "price": "0.02", "size": "4157.32", "side": "BUY", "hash": "6b21e972b5ded5ffaa9c1576dfbf3bf16094115c", "best_bid": "0.55", "best_ask": "0.57"}, {"asset_id": "107048767717531378423338558261379705549108116073087439799584367130482443586041", "price": "0.98", "size": "4157.32", "side": "SELL", "hash": "e50dd08a196bc4f32bbfeaa1e3dd4d7f170022f7", "best_bid": "0.43", "best_ask": "0.45"}], "timestamp": "1769384177004", "event_type": "price_change"}}
{"_local_timestamp": "2026-01-25T23:36:17.090846+00:00", "data": {"market": "0xdbcbdd0aba143b1538c42910f4962cba415c41e8172aa898293a58715a903140", "price_changes": [{"asset_id": "13953427897363360093923369640067938780436829137816775422711279451005325016519", "price": "0.01", "size": "7284.32", "side": "BUY", "hash": "6b21e972b5ded5ffaa9c1576dfbf3bf16094115c", "best_bid": "0.55", "best_ask": "0.57"}, {"asset_id": "107048767717531378423338558261379705549108116073087439799584367130482443586041", "price": "0.99", "size": "7284.32", "side": "SELL", "hash": "e50dd08a196bc4f32bbfeaa1e3dd4d7f170022f7", "best_bid": "0.43", "best_ask": "0.45"}], "timestamp": "1769384177004", "event_type": "price_change"}}
{"_local_timestamp": "2026-01-25T23:36:17.091382+00:00", "data": {"market": "0xdbcbdd0aba143b1538c42910f4962cba415c41e8172aa898293a58715a903140", "price_changes": [{"asset_id": "107048767717531378423338558261379705549108116073087439799584367130482443586041", "price": "0.01", "size": "7284.13", "side": "BUY", "hash": "8591767a5083f5d32285e2820a3676f17799389a", "best_bid": "0.43", "best_ask": "0.45"}, {"asset_id": "13953427897363360093923369640067938780436829137816775422711279451005325016519", "price": "0.99", "size": "7284.13", "side": "SELL", "hash": "8ddfc011673d9684313412e1720959322b6369be", "best_bid": "0.55", "best_ask": "0.57"}], "timestamp": "1769384177005", "event_type": "price_change"}}
{"_local_timestamp": "2026-01-25T23:36:17.091855+00:00", "data": {"market": "0xdbcbdd0aba143b1538c42910f4962cba415c41e8172aa898293a58715a903140", "price_changes": [{"asset_id": "107048767717531378423338558261379705549108116073087439799584367130482443586041", "price": "0.02", "size": "4157.32", "side": "BUY", "hash": "8591767a5083f5d32285e2820a3676f17799389a", "best_bid": "0.43", "best_ask": "0.45"}, {"asset_id": "13953427897363360093923369640067938780436829137816775422711279451005325016519", "price": "0.98", "size": "4157.32", "side": "SELL", "hash": "8ddfc011673d9684313412e1720959322b6369be", "best_bid": "0.55", "best_ask": "0.57"}], "timestamp": "1769384177005", "event_type": "price_change"}}
{"_local_timestamp": "2026-01-25T23:36:17.164995+00:00", "data": {"market": "0xdbcbdd0aba143b1538c42910f4962cba415c41e8172aa898293a58715a903140", "price_changes": [{"asset_id": "107048767717531378423338558261379705549108116073087439799584367130482443586041", "price": "0.02", "size": "10156.43", "side": "BUY", "hash": "d24e3efde1c4fd98498c1ef82e2c31dff5acb01f", "best_bid": "0.43", "best_ask": "0.45"}, {"asset_id": "13953427897363360093923369640067938780436829137816775422711279451005325016519", "price": "0.98", "size": "10156.43", "side": "SELL", "hash": "9cd5bd884664c787faba78a202519ff1601d9acb", "best_bid": "0.55", "best_ask": "0.57"}], "timestamp": "1769384177090", "event_type": "price_change"}}
{"_local_timestamp": "2026-01-25T23:36:17.165514+00:00", "data": {"market": "0x0cc58400b196e6a24c07e46216926a171d3ce9492bbee95efdceffc938bdedea", "price_changes": [{"asset_id": "106297344999606524619975861233481901491196900479248484006204573976987088168080", "price": "0.05", "size": "5999.11", "side": "BUY", "hash": "600805f10ea499bb790e2436303ad06a0fd5026a", "best_bid": "0.5", "best_ask": "0.57"}, {"asset_id": "103892935187735588002079244543829871143734402451214370888220312321850546195147", "price": "0.95", "size": "5999.11", "side": "SELL", "hash": "132a806bf1ff7570b41f700c01b030396b161a4d", "best_bid": "0.43", "best_ask": "0.5"}], "timestamp": "1769384177090", "event_type": "price_change"}}
{"_local_timestamp": "2026-01-25T23:36:17.166174+00:00", "data": {"market": "0xdbcbdd0aba143b1538c42910f4962cba415c41e8172aa898293a58715a903140", "price_changes": [{"asset_id": "107048767717531378423338558261379705549108116073087439799584367130482443586041", "price": "0.03", "size": "2028.77", "side": "BUY", "hash": "42918591ee59b75818e3e670e5b95fcaea23b142", "best_bid": "0.43", "best_ask": "0.45"}, {"asset_id": "13953427897363360093923369640067938780436829137816775422711279451005325016519", "price": "0.97", "size": "2028.77", "side": "SELL", "hash": "14578929e93111a94bb4d11a0a21c61c6416fc45", "best_bid": "0.55", "best_ask": "0.57"}], "timestamp": "1769384177090", "event_type": "price_change"}}
{"_local_timestamp": "2026-01-25T23:36:17.166719+00:00", "data": {"market": "0xdbcbdd0aba143b1538c42910f4962cba415c41e8172aa898293a58715a903140", "price_changes": [{"asset_id": "107048767717531378423338558261379705549108116073087439799584367130482443586041", "price": "0.03", "size": "2918.88", "side": "BUY", "hash": "cfd1f77bcd40cce1ff2ad84b38633b19c40819e5", "best_bid": "0.43", "best_ask": "0.45"}, {"asset_id": "13953427897363360093923369640067938780436829137816775422711279451005325016519", "price": "0.97", "size": "2918.88", "side": "SELL", "hash": "5b7c05a5e9f5b19b3fddea6058cab7a66980ee31", "best_bid": "0.55", "best_ask": "0.57"}], "timestamp": "1769384177091", "event_type": "price_change"}}
{"_local_timestamp": "2026-01-25T23:36:17.167462+00:00", "data": {"market": "0xdbcbdd0aba143b1538c42910f4962cba415c41e8172aa898293a58715a903140", "price_changes": [{"asset_id": "107048767717531378423338558261379705549108116073087439799584367130482443586041", "price": "0.03", "size": "4188.98", "side": "BUY", "hash": "7ae467526f2c3c58bee7fff2ab28f3cc3b5310a7", "best_bid": "0.43", "best_ask": "0.45"}, {"asset_id": "13953427897363360093923369640067938780436829137816775422711279451005325016519", "price": "0.97", "size": "4188.98", "side": "SELL", "hash": "555b2d7533556b2529a97094cc658d911bf4b3c6", "best_bid": "0.55", "best_ask": "0.57"}], "timestamp": "1769384177092", "event_type": "price_change"}}
{"_local_timestamp": "2026-01-25T23:36:17.554789+00:00", "data": {"market": "0x0cc58400b196e6a24c07e46216926a171d3ce9492bbee95efdceffc938bdedea", "price_changes": [{"asset_id": "106297344999606524619975861233481901491196900479248484006204573976987088168080", "price": "0.02", "size": "7.18", "side": "BUY", "hash": "f27a482c1f94e4621252c9ea6f797b03c3510c22", "best_bid": "0.5", "best_ask": "0.57"}, {"asset_id": "103892935187735588002079244543829871143734402451214370888220312321850546195147", "price": "0.98", "size": "7.18", "side": "SELL", "hash": "1094bfcf22123e3dd0ff87bf16ce5dde96cf3499", "best_bid": "0.43", "best_ask": "0.5"}], "timestamp": "1769384177486", "event_type": "price_change"}}
{"_local_timestamp": "2026-01-25T23:36:17.556316+00:00", "data": {"market": "0xdbcbdd0aba143b1538c42910f4962cba415c41e8172aa898293a58715a903140", "price_changes": [{"asset_id": "13953427897363360093923369640067938780436829137816775422711279451005325016519", "price": "0.05", "size": "16.11", "side": "BUY", "hash": "4c3e3b998cbfe6f41ab7fd77f776d112254a139b", "best_bid": "0.55", "best_ask": "0.57"}, {"asset_id": "107048767717531378423338558261379705549108116073087439799584367130482443586041", "price": "0.95", "size": "16.11", "side": "SELL", "hash": "fbf86cf28e759e682a9d94e78f1eeac0a66439c9", "best_bid": "0.43", "best_ask": "0.45"}], "timestamp": "1769384177486", "event_type": "price_change"}}
{"_local_timestamp": "2026-01-25T23:36:17.558925+00:00", "data": {"market": "0x0cc58400b196e6a24c07e46216926a171d3ce9492bbee95efdceffc938bdedea", "price_changes": [{"asset_id": "106297344999606524619975861233481901491196900479248484006204573976987088168080", "price": "0.05", "size": "6015.17", "side": "BUY", "hash": "780d05e9a8f3811e3c68302455759ffcba3a0f2d", "best_bid": "0.5", "best_ask": "0.57"}, {"asset_id": "103892935187735588002079244543829871143734402451214370888220312321850546195147", "price": "0.95", "size": "6015.17", "side": "SELL", "hash": "0a8775b02b175611661ac5499a89f36357485a93", "best_bid": "0.43", "best_ask": "0.5"}], "timestamp": "1769384177487", "event_type": "price_change"}}
{"_local_timestamp": "2026-01-25T23:36:17.562727+00:00", "data": {"market": "0xdbcbdd0aba143b1538c42910f4962cba415c41e8172aa898293a58715a903140", "price_changes": [{"asset_id": "13953427897363360093923369640067938780436829137816775422711279451005325016519", "price": "0.02", "size": "4164.42", "side": "BUY", "hash": "4beae08bca395ed787dac68b626c578cf743d270", "best_bid": "0.55", "best_ask": "0.57"}, {"asset_id": "107048767717531378423338558261379705549108116073087439799584367130482443586041", "price": "0.98", "size": "4164.42", "side": "SELL", "hash": "5bf6e2da043df4cfc74e9323aa8019bddb71a5aa", "best_bid": "0.43", "best_ask": "0.45"}], "timestamp": "1769384177487", "event_type": "price_change"}}
{"_local_timestamp": "2026-01-25T23:36:19.111848+00:00", "data": {"market": "0x7a6a0bdbca0f14aba6a075f16e2929460c577e402d49223832ea373414d86285", "price_changes": [{"asset_id": "99743614043101531704574278172947847548340522383219653041367941449874574076965", "price": "0.01", "size": "7229.11", "side": "BUY", "hash": "a48e06a91af26005b6b6d4caf6d1651051f95983", "best_bid": "0.68", "best_ask": "0.77"}, {"asset_id": "25807461740977583955802291351608466332545389695244391615908120826816526760796", "price": "0.99", "size": "7229.11", "side": "SELL", "hash": "906f8180c8f42b645c62a66fd824ae7dcb81f0f3", "best_bid": "0.23", "best_ask": "0.32"}], "timestamp": "1769384179021", "event_type": "price_change"}}
{"_local_timestamp": "2026-01-25T23:36:19.112444+00:00", "data": {"market": "0x7a6a0bdbca0f14aba6a075f16e2929460c577e402d49223832ea373414d86285", "price_changes": [{"asset_id": "99743614043101531704574278172947847548340522383219653041367941449874574076965", "price": "0.03", "size": "0", "side": "BUY", "hash": "a48e06a91af26005b6b6d4caf6d1651051f95983", "best_bid": "0.68", "best_ask": "0.77"}, {"asset_id": "25807461740977583955802291351608466332545389695244391615908120826816526760796", "price": "0.97", "size": "0", "side": "SELL", "hash": "906f8180c8f42b645c62a66fd824ae7dcb81f0f3", "best_bid": "0.23", "best_ask": "0.32"}], "timestamp": "1769384179021", "event_type": "price_change"}}
{"_local_timestamp": "2026-01-25T23:36:19.150207+00:00", "data": {"market": "0x7a6a0bdbca0f14aba6a075f16e2929460c577e402d49223832ea373414d86285", "price_changes": [{"asset_id": "99743614043101531704574278172947847548340522383219653041367941449874574076965", "price": "0.05", "size": "0", "side": "BUY", "hash": "aee2c66f283b86510cf37b79fa0cf2f2d6a4b2ed", "best_bid": "0.68", "best_ask": "0.77"}, {"asset_id": "25807461740977583955802291351608466332545389695244391615908120826816526760796", "price": "0.95", "size": "0", "side": "SELL", "hash": "64a3fc47f6bc097cd46767b50e593916e4ca2eaf", "best_bid": "0.23", "best_ask": "0.32"}], "timestamp": "1769384179067", "event_type": "price_change"}}
{"_local_timestamp": "2026-01-25T23:36:19.150882+00:00", "data": {"market": "0x7a6a0bdbca0f14aba6a075f16e2929460c577e402d49223832ea373414d86285", "price_changes": [{"asset_id": "99743614043101531704574278172947847548340522383219653041367941449874574076965", "price": "0.28", "size": "0", "side": "BUY", "hash": "aee2c66f283b86510cf37b79fa0cf2f2d6a4b2ed", "best_bid": "0.68", "best_ask": "0.77"}, {"asset_id": "25807461740977583955802291351608466332545389695244391615908120826816526760796", "price": "0.72", "size": "0", "side": "SELL", "hash": "64a3fc47f6bc097cd46767b50e593916e4ca2eaf", "best_bid": "0.23", "best_ask": "0.32"}], "timestamp": "1769384179067", "event_type": "price_change"}}
{"_local_timestamp": "2026-01-25T23:36:19.702022+00:00", "data": {"market": "0x7a6a0bdbca0f14aba6a075f16e2929460c577e402d49223832ea373414d86285", "price_changes": [{"asset_id": "99743614043101531704574278172947847548340522383219653041367941449874574076965", "price": "0.03", "size": "30.05", "side": "BUY", "hash": "406dca9653ab7df0a7a61b0434d6d0ae684075cf", "best_bid": "0.68", "best_ask": "0.77"}, {"asset_id": "25807461740977583955802291351608466332545389695244391615908120826816526760796", "price": "0.97", "size": "30.05", "side": "SELL", "hash": "dc06fc755d0bba1c996446eee1499f0397d24344", "best_bid": "0.23", "best_ask": "0.32"}], "timestamp": "1769384179632", "event_type": "price_change"}}
{"_local_timestamp": "2026-01-25T23:36:19.703183+00:00", "data": {"market": "0x7a6a0bdbca0f14aba6a075f16e2929460c577e402d49223832ea373414d86285", "price_changes": [{"asset_id": "99743614043101531704574278172947847548340522383219653041367941449874574076965", "price": "0.01", "size": "7238.93", "side": "BUY", "hash": "744fbf586b17482edc36b12509733e4bf0ff97cd", "best_bid": "0.68", "best_ask": "0.77"}, {"asset_id": "25807461740977583955802291351608466332545389695244391615908120826816526760796", "price": "0.99", "size": "7238.93", "side": "SELL", "hash": "31b8bd2c1d9a1d2a9f6deadc94656ee3f9bf0213", "best_bid": "0.23", "best_ask": "0.32"}], "timestamp": "1769384179632", "event_type": "price_change"}}
{"_local_timestamp": "2026-01-25T23:36:24.070786+00:00", "data": {"market": "0x43d148dca6b5e193615bc282f12d374e37cffc1c045171c2836d6dde45c394d5", "price_changes": [{"asset_id": "84261748973839098909278543067609198849881883339355739146851991526281884423186", "price": "0.48", "size": "351.25", "side": "BUY", "hash": "5393c45af6b6a8a263d2f6ecceff09208ffffc55", "best_bid": "0.5", "best_ask": "0.57"}, {"asset_id": "79739222626158755260103198595270213615580878636601163847435278985375776200437", "price": "0.52", "size": "351.25", "side": "SELL", "hash": "bf9a91ea4fc2dcc512333a3b07f7ea0a57f3b586", "best_bid": "0.43", "best_ask": "0.5"}], "timestamp": "1769384184000", "event_type": "price_change"}}
{"_local_timestamp": "2026-01-25T23:36:24.079895+00:00", "data": {"market": "0x0cc58400b196e6a24c07e46216926a171d3ce9492bbee95efdceffc938bdedea", "price_changes": [{"asset_id": "103892935187735588002079244543829871143734402451214370888220312321850546195147", "price": "0.42", "size": "990.11", "side": "BUY", "hash": "eaaff4a04e115ef78b8a1ea5020fd672062b9edb", "best_bid": "0.43", "best_ask": "0.5"}, {"asset_id": "106297344999606524619975861233481901491196900479248484006204573976987088168080", "price": "0.58", "size": "990.11", "side": "SELL", "hash": "7be5434bb72aec1d55f7d9745c2efb1d39c0d38a", "best_bid": "0.5", "best_ask": "0.57"}], "timestamp": "1769384184000", "event_type": "price_change"}}
{"_local_timestamp": "2026-01-25T23:36:24.082138+00:00", "data": {"market": "0x0cc58400b196e6a24c07e46216926a171d3ce9492bbee95efdceffc938bdedea", "price_changes": [{"asset_id": "106297344999606524619975861233481901491196900479248484006204573976987088168080", "price": "0.48", "size": "351.25", "side": "BUY", "hash": "68ec4742e4e900ce3c41201a60373d3888d55bdd", "best_bid": "0.5", "best_ask": "0.57"}, {"asset_id": "103892935187735588002079244543829871143734402451214370888220312321850546195147", "price": "0.52", "size": "351.25", "side": "SELL", "hash": "47def37f6afcbeb006be88b9e70aca683aac0825", "best_bid": "0.43", "best_ask": "0.5"}], "timestamp": "1769384184002", "event_type": "price_change"}}
{"_local_timestamp": "2026-01-25T23:36:24.082698+00:00", "data": {"market": "0xdbcbdd0aba143b1538c42910f4962cba415c41e8172aa898293a58715a903140", "price_changes": [{"asset_id": "13953427897363360093923369640067938780436829137816775422711279451005325016519", "price": "0.48", "size": "990.11", "side": "BUY", "hash": "039e4644da1733e611498d0d59a114744fce16f6", "best_bid": "0.55", "best_ask": "0.57"}, {"asset_id": "107048767717531378423338558261379705549108116073087439799584367130482443586041", "price": "0.52", "size": "990.11", "side": "SELL", "hash": "f8c535ec12a1f71b5020790859eea33a4c48b0a4", "best_bid": "0.43", "best_ask": "0.45"}], "timestamp": "1769384184001", "event_type": "price_change"}}
{"_local_timestamp": "2026-01-25T23:36:24.102156+00:00", "data": {"market": "0x7a6a0bdbca0f14aba6a075f16e2929460c577e402d49223832ea373414d86285", "price_changes": [{"asset_id": "25807461740977583955802291351608466332545389695244391615908120826816526760796", "price": "0.23", "size": "0", "side": "BUY", "hash": "3a038a2ea58be349b1b803c919e913fbecea3f01", "best_bid": "0.22", "best_ask": "0.32"}, {"asset_id": "99743614043101531704574278172947847548340522383219653041367941449874574076965", "price": "0.77", "size": "0", "side": "SELL", "hash": "ed1c124ac435b564269ee357c8d7941c55211507", "best_bid": "0.68", "best_ask": "0.78"}], "timestamp": "1769384184003", "event_type": "price_change"}}
{"_local_timestamp": "2026-01-25T23:36:24.109864+00:00", "data": {"market": "0xdbcbdd0aba143b1538c42910f4962cba415c41e8172aa898293a58715a903140", "price_changes": [{"asset_id": "107048767717531378423338558261379705549108116073087439799584367130482443586041", "price": "0.42", "size": "890.11", "side": "BUY", "hash": "51e9f97e8b1370918c3cc829c29c2c7a21486553", "best_bid": "0.43", "best_ask": "0.45"}, {"asset_id": "13953427897363360093923369640067938780436829137816775422711279451005325016519", "price": "0.58", "size": "890.11", "side": "SELL", "hash": "35503f1ba17848982ef6b62bb1985d17310618c5", "best_bid": "0.55", "best_ask": "0.57"}], "timestamp": "1769384184006", "event_type": "price_change"}}
{"_local_timestamp": "2026-01-25T23:36:24.130904+00:00", "data": {"market": "0x43d148dca6b5e193615bc282f12d374e37cffc1c045171c2836d6dde45c394d5", "price_changes": [{"asset_id": "79739222626158755260103198595270213615580878636601163847435278985375776200437", "price": "0.42", "size": "990.11", "side": "BUY", "hash": "41087ec958c6aef5add22110f80adebd42b65ffd", "best_bid": "0.43", "best_ask": "0.5"}, {"asset_id": "84261748973839098909278543067609198849881883339355739146851991526281884423186", "price": "0.58", "size": "990.11", "side": "SELL", "hash": "bf7eee7a09dc0277fbbefd19533a34916e62480d", "best_bid": "0.5", "best_ask": "0.57"}], "timestamp": "1769384184007", "event_type": "price_change"}}
{"_local_timestamp": "2026-01-25T23:36:24.131514+00:00", "data": {"market": "0x4ce40c95f8e904a736ed89ad7b9202f4c220ebb1862656a788a6da4116b0f434", "price_changes": [{"asset_id": "13906548632296892964125125203698575597202048155370793959834691274541212923753", "price": "0.57", "size": "890.11", "side": "BUY", "hash": "a927bb1fc94da2c5f4d04dfa6cf9c37b21350829", "best_bid": "0.59", "best_ask": "0.68"}, {"asset_id": "88338165865701386495217719036982962389406686302689056195151063072644378301708", "price": "0.43", "size": "890.11", "side": "SELL", "hash": "1d6b1b0d667bf78342a08882bb7cc636a7418b46", "best_bid": "0.32", "best_ask": "0.41"}], "timestamp": "1769384184008", "event_type": "price_change"}}
{"_local_timestamp": "2026-01-25T23:36:24.132043+00:00", "data": {"market": "0x4ce40c95f8e904a736ed89ad7b9202f4c220ebb1862656a788a6da4116b0f434", "price_changes": [{"asset_id": "88338165865701386495217719036982962389406686302689056195151063072644378301708", "price": "0.31", "size": "990.11", "side": "BUY", "hash": "aefb405b0aa7357c0bcd06e4c02db6d7074715f0", "best_bid": "0.32", "best_ask": "0.41"}, {"asset_id": "13906548632296892964125125203698575597202048155370793959834691274541212923753", "price": "0.69", "size": "990.11", "side": "SELL", "hash": "5bfccaa4d4d2834fb1b7dec31f01e0ddacfdffcb", "best_bid": "0.59", "best_ask": "0.68"}], "timestamp": "1769384184008", "event_type": "price_change"}}
{"_local_timestamp": "2026-01-25T23:36:24.132546+00:00", "data": {"market": "0x4260fd74c0400e17c72dbfe2cb50d40e64cc952711c689c4c154db783e56f798", "price_changes": [{"asset_id": "98008879832544295493967179396946153274843117470039437863149285869039121363519", "price": "0.4", "size": "1128.71", "side": "BUY", "hash": "6cc5a404e0d4909560cd88439d4cb6cac3d26309", "best_bid": "0.4", "best_ask": "0.43"}, {"asset_id": "38256422075420257611543750663316775352355424361144872713559169529809539533140", "price": "0.6", "size": "1128.71", "side": "SELL", "hash": "88134953f99cd463af89d24796077c295e4b4e58", "best_bid": "0.57", "best_ask": "0.6"}], "timestamp": "1769384184008", "event_type": "price_change"}}
{"_local_timestamp": "2026-01-25T23:36:24.202647+00:00", "data": {"market": "0x7a6a0bdbca0f14aba6a075f16e2929460c577e402d49223832ea373414d86285", "price_changes": [{"asset_id": "99743614043101531704574278172947847548340522383219653041367941449874574076965", "price": "0.66", "size": "890.11", "side": "BUY", "hash": "e52e837de251d320f22ec4805148a12f40391ed1", "best_bid": "0.68", "best_ask": "0.78"}, {"asset_id": "25807461740977583955802291351608466332545389695244391615908120826816526760796", "price": "0.34", "size": "890.11", "side": "SELL", "hash": "de73097646ee2f20fafd6a5cff1a61578bc14c9d", "best_bid": "0.22", "best_ask": "0.32"}], "timestamp": "1769384184008", "event_type": "price_change"}}
{"_local_timestamp": "2026-01-25T23:36:24.207995+00:00", "data": {"market": "0x4260fd74c0400e17c72dbfe2cb50d40e64cc952711c689c4c154db783e56f798", "price_changes": [{"asset_id": "38256422075420257611543750663316775352355424361144872713559169529809539533140", "price": "0.5", "size": "2180.08", "side": "BUY", "hash": "1edb992ebe1986507c1e5851257fd55cead70cb0", "best_bid": "0.57", "best_ask": "0.6"}, {"asset_id": "98008879832544295493967179396946153274843117470039437863149285869039121363519", "price": "0.5", "size": "2180.08", "side": "SELL", "hash": "31cc5c4fe4b48f88b942c82cda5b6b2cca8895ef", "best_bid": "0.4", "best_ask": "0.43"}], "timestamp": "1769384184009", "event_type": "price_change"}}
{"_local_timestamp": "2026-01-25T23:36:24.208638+00:00", "data": {"market": "0x43d148dca6b5e193615bc282f12d374e37cffc1c045171c2836d6dde45c394d5", "price_changes": [{"asset_id": "79739222626158755260103198595270213615580878636601163847435278985375776200437", "price": "0.41", "size": "257.75", "side": "BUY", "hash": "ee4275c2daa49477d14034366fb938045bb582ef", "best_bid": "0.43", "best_ask": "0.5"}, {"asset_id": "84261748973839098909278543067609198849881883339355739146851991526281884423186", "price": "0.59", "size": "257.75", "side": "SELL", "hash": "341c2a3523f7e03737a18f5db5b9d332c24f8e7b", "best_bid": "0.5", "best_ask": "0.57"}], "timestamp": "1769384184037", "event_type": "price_change"}}
{"_local_timestamp": "2026-01-25T23:36:24.209219+00:00", "data": {"market": "0x0cc58400b196e6a24c07e46216926a171d3ce9492bbee95efdceffc938bdedea", "price_changes": [{"asset_id": "106297344999606524619975861233481901491196900479248484006204573976987088168080", "price": "0.05", "size": "16.06", "side": "BUY", "hash": "2b88c597075e465cb000899408448d78efafed93", "best_bid": "0.5", "best_ask": "0.57"}, {"asset_id": "103892935187735588002079244543829871143734402451214370888220312321850546195147", "price": "0.95", "size": "16.06", "side": "SELL", "hash": "cd3b59c220ce9bd8a94ba30a353a1679497769f7", "best_bid": "0.43", "best_ask": "0.5"}], "timestamp": "1769384184037", "event_type": "price_change"}}
{"_local_timestamp": "2026-01-25T23:36:24.209851+00:00", "data": {"market": "0xdbcbdd0aba143b1538c42910f4962cba415c41e8172aa898293a58715a903140", "price_changes": [{"asset_id": "13953427897363360093923369640067938780436829137816775422711279451005325016519", "price": "0.01", "size": "8174.43", "side": "BUY", "hash": "44119799298856747cb147fa3f9c16eb581845ca", "best_bid": "0.55", "best_ask": "0.57"}, {"asset_id": "107048767717531378423338558261379705549108116073087439799584367130482443586041", "price": "0.99", "size": "8174.43", "side": "SELL", "hash": "60628d41dcdce214f89fd92d189e9f5885ba006a", "best_bid": "0.43", "best_ask": "0.45"}], "timestamp": "1769384184092", "event_type": "price_change"}}
{"_local_timestamp": "2026-01-25T23:36:24.210877+00:00", "data": {"market": "0x0cc58400b196e6a24c07e46216926a171d3ce9492bbee95efdceffc938bdedea", "price_changes": [{"asset_id": "103892935187735588002079244543829871143734402451214370888220312321850546195147", "price": "0.41", "size": "1147.86", "side": "BUY", "hash": "af2ad931aaeea0a747dda3fdb379b7d5f70665a1", "best_bid": "0.43", "best_ask": "0.5"}, {"asset_id": "106297344999606524619975861233481901491196900479248484006204573976987088168080", "price": "0.59", "size": "1147.86", "side": "SELL", "hash": "3079660567815fa803697d9a0d5cacb3ba7b2bae", "best_bid": "0.5", "best_ask": "0.57"}], "timestamp": "1769384184092", "event_type": "price_change"}}
{"_local_timestamp": "2026-01-25T23:36:24.211560+00:00", "data": {"market": "0xdbcbdd0aba143b1538c42910f4962cba415c41e8172aa898293a58715a903140", "price_changes": [{"asset_id": "13953427897363360093923369640067938780436829137816775422711279451005325016519", "price": "0.02", "size": "5054.53", "side": "BUY", "hash": "40eb6a0cdd20cfb4cdf2d57636885cb7f84923d7", "best_bid": "0.55", "best_ask": "0.57"}, {"asset_id": "107048767717531378423338558261379705549108116073087439799584367130482443586041", "price": "0.98", "size": "5054.53", "side": "SELL", "hash": "bb72fdc0857c8422d4180ff62295085fd6193e51", "best_bid": "0.43", "best_ask": "0.45"}], "timestamp": "1769384184093", "event_type": "price_change"}}
