{"_local_timestamp": "2026-01-25T23:41:27.618820+00:00", "data": [{"market": "0x846eb0eb74260c851e28cb02c27c56cf234cd325f5c24ee69e1f2b6dbde79fad", "asset_id": "5231220998026761373130777048704750866017623594271053823779903297777108757679", "timestamp": "1769384438078", "hash": "06174c8367c820352dfc47f8383ec1c70ae0d0cf", "bids": [{"price": "0.01", "size": "202.92"}, {"price": "0.02", "size": "196.69"}, {"price": "0.03", "size": "21.23"}, {"price": "0.04", "size": "5.47"}], "asks": [{"price": "0.99", "size": "202.04"}, {"price": "0.98", "size": "200.48"}, {"price": "0.97", "size": "18.99"}, {"price": "0.96", "size": "29.99"}], "event_type": "book", "last_trade_price": ""}, {"market": "0x846eb0eb74260c851e28cb02c27c56cf234cd325f5c24ee69e1f2b6dbde79fad", "asset_id": "27803979260765692566061766090808183465573189011096860605407762427237847942355", "timestamp": "1769384438078", "hash": "edda5f6979d3f49ead7989556ee6019514521719", "bids": [{"price": "0.01", "size": "202.04"}, {"price": "0.02", "size": "200.48"}, {"price": "0.03", "size": "18.99"}, {"price": "0.04", "size": "29.99"}], "asks": [{"price": "0.99", "size": "202.92"}, {"price": "0.98", "size": "196.69"}, {"price": "0.97", "size": "21.23"}, {"price": "0.96", "size": "5.47"}], "event_type": "book", "last_trade_price": ""}, {"market": "0x2335e9c716e353c4dea110ba9cdeea6f2f41739c7756d4a71ed0196f60448f30", "asset_id": "93945392347340141092974498709140118642494163528547165652396425414388626021068", "timestamp": "1769384438040", "hash": "649ac2bdc1b2502601f63a074e376c46cbe6619e", "bids": [{"price": "0.01", "size": "202.04"}, {"price": "0.02", "size": "260.48"}, {"price": "0.03", "size": "18.99"}, {"price": "0.04", "size": "29.99"}], "asks": [{"price": "0.99", "size": "203.51"}, {"price": "0.98", "size": "87.03"}, {"price": "0.97", "size": "20.81"}, {"price": "0.96", "size": "5.47"}], "event_type": "book", "last_trade_price": ""}, {"market": "0x74ff447f00af89bf60bdb9ccf48919dcd476ca527ad29e53825760242c8191ee", "asset_id": "36808955246064800787934846193548442371303394171738965565018822580550247415716", "timestamp": "1769384438040", "hash": "7531e87fcfbb402a539abfb6b8f99aa489e914d9", "bids": [{"price": "0.01", "size": "302.04"}, {"price": "0.02", "size": "111.48"}, {"price": "0.03", "size": "18.99"}, {"price": "0.04", "size": "29.99"}], "asks": [{"price": "0.99", "size": "303.48"}, {"price": "0.98", "size": "140.03"}, {"price": "0.97", "size": "20.82"}, {"price": "0.96", "size": "5.47"}], "event_type": "book", "last_trade_price": ""}, {"market": "0x019cc5c48212bdd567601fb67454ed5819c61daf1e5472898f8af8f9b9660869", "asset_id": "34049848029262957762073944436116648090497318217791073682281081286559096865749", "timestamp": "1769384438078", "hash": "66c118cf651e81218a0fb90942b1b593a063ca56", "bids": [{"price": "0.01", "size": "256.87"}, {"price": "0.02", "size": "232.03"}, {"price": "0.03", "size": "20.68"}, {"price": "0.04", "size": "5.47"}], "asks": [{"price": "0.99", "size": "255.04"}, {"price": "0.98", "size": "239.48"}, {"price": "0.97", "size": "18.99"}, {"price": "0.96", "size": "29.99"}], "event_type": "book", "last_trade_price": ""}, {"market": "0xb78d86d584ae1da815c2ec15623cbf5630423b02e6a7b1a2d84b97310a76af51", "asset_id": "48814519163628959773947226235338637072394007840161647714990778963182567921949", "timestamp": "1769384325225", "hash": "36e68b1f31c7a8843dda615216358ca7cdf44dc2", "bids": [{"price": "0.01", "size": "690.92"}, {"price": "0.02", "size": "150"}, {"price": "0.03", "size": "29.69"}, {"price": "0.11", "size": "300"}, {"price": "0.12", "size": "200"}, {"price": "0.13", "size": "125"}, {"price": "0.14", "size": "168"}, {"price": "0.4", "size": "75"}], "asks": [{"price": "0.99", "size": "285.97"}, {"price": "0.98", "size": "155.87"}, {"price": "0.96", "size": "7.24"}, {"price": "0.92", "size": "300"}, {"price": "0.91", "size": "325"}, {"price": "0.9", "size": "80.33"}, {"price": "0.89", "size": "156"}, {"price": "0.78", "size": "10"}, {"price": "0.72", "size": "10"}, {"price": "0.71", "size": "84"}], "event_type": "book", "last_trade_price": "0.560"}, {"market": "0x2335e9c716e353c4dea110ba9cdeea6f2f41739c7756d4a71ed0196f60448f30", "asset_id": "80547517788457930862969381034752752046930980984364106483989287469239854697973", "timestamp": "1769384438040", "hash": "489442c5d719c7be9fe6e69cd41f8bb04b7357f0", "bids": [{"price": "0.01", "size": "203.51"}, {"price": "0.02", "size": "87.03"}, {"price": "0.03", "size": "20.81"}, {"price": "0.04", "size": "5.47"}], "asks": [{"price": "0.99", "size": "202.04"}, {"price": "0.98", "size": "260.48"}, {"price": "0.97", "size": "18.99"}, {"price": "0.96", "size": "29.99"}], "event_type": "book", "last_trade_price": ""}, {"market": "0x019cc5c48212bdd567601fb67454ed5819c61daf1e5472898f8af8f9b9660869", "asset_id": "68964093833015788670039118982349841630978527515178281073386059656481865341314", "timestamp": "1769384438078", "hash": "1ee610d8e87e823bf9b4790c28cf136b8c5fdf9e", "bids": [{"price": "0.01", "size": "255.04"}, {"price": "0.02", "size": "239.48"}, {"price": "0.03", "size": "18.99"}, {"price": "0.04", "size": "29.99"}], "asks": [{"price": "0.99", "size": "256.87"}, {"price": "0.98", "size": "232.03"}, {"price": "0.97", "size": "20.68"}, {"price": "0.96", "size": "5.47"}], "event_type": "book", "last_trade_price": ""}, {"market": "0xb78d86d584ae1da815c2ec15623cbf5630423b02e6a7b1a2d84b97310a76af51", "asset_id": "112179075980485772446835172220768727527951064046652369458388147844580317747945", "timestamp": "1769384325225", "hash": "ffd7cd9497e703833eaba72a7eedb7f9d6001c01", "bids": [{"price": "0.01", "size": "285.97"}, {"price": "0.02", "size": "155.87"}, {"price": "0.04", "size": "7.24"}, {"price": "0.08", "size": "300"}, {"price": "0.09", "size": "325"}, {"price": "0.1", "size": "80.33"}, {"price": "0.11", "size": "156"}, {"price": "0.22", "size": "10"}, {"price": "0.28", "size": "10"}, {"price": "0.29", "size": "84"}], "asks": [{"price": "0.99", "size": "690.92"}, {"price": "0.98", "size": "150"}, {"price": "0.97", "size": "29.69"}, {"price": "0.89", "size": "300"}, {"price": "0.88", "size": "200"}, {"price": "0.87", "size": "125"}, {"price": "0.86", "size": "168"}, {"price": "0.6", "size": "75"}], "event_type": "book", "last_trade_price": "0.560"}, {"market": "0x74ff447f00af89bf60bdb9ccf48919dcd476ca527ad29e53825760242c8191ee", "asset_id": "29317355989217917773720348422510470014516222208736852203979846422962358189972", "timestamp": "1769384438040", "hash": "e7d71ed671f1b1f4b038da691d06f839953e1f93", "bids": [{"price": "0.01", "size": "303.48"}, {"price": "0.02", "size": "140.03"}, {"price": "0.03", "size": "20.82"}, {"price": "0.04", "size": "5.47"}], "asks": [{"price": "0.99", "size": "302.04"}, {"price": "0.98", "size": "111.48"}, {"price": "0.97", "size": "18.99"}, {"price": "0.96", "size": "29.99"}], "event_type": "book", "last_trade_price": ""}]}
