{"_local_timestamp": "2026-01-25T23:41:19.437288+00:00", "data": [{"market": "0x21c1ab59854ef97db09389000f63690053a6f07a486919f5eeac2228d109b629", "asset_id": "46994023305162989096207795496701719713724144516214350186122362509163110279703", "timestamp": "1769384410154", "hash": "649b6c5654f96bf25375d49f416a5441bcd1e900", "bids": [{"price": "0.01", "size": "200.64"}, {"price": "0.02", "size": "39.67"}, {"price": "0.04", "size": "29.99"}], "asks": [{"price": "0.99", "size": "209.02"}, {"price": "0.98", "size": "25.23"}, {"price": "0.97", "size": "5.47"}], "event_type": "book", "last_trade_price": ""}, {"market": "0x21c1ab59854ef97db09389000f63690053a6f07a486919f5eeac2228d109b629", "asset_id": "26328826323371699730268026683550734751036975986867833370449077522996149735299", "timestamp": "1769384410154", "hash": "9e95218930f34329720c02d1613cbc73f9e00e56", "bids": [{"price": "0.01", "size": "209.02"}, {"price": "0.02", "size": "25.23"}, {"price": "0.03", "size": "5.47"}], "asks": [{"price": "0.99", "size": "200.64"}, {"price": "0.98", "size": "39.67"}, {"price": "0.96", "size": "29.99"}], "event_type": "book", "last_trade_price": ""}, {"market": "0x43d148dca6b5e193615bc282f12d374e37cffc1c045171c2836d6dde45c394d5", "asset_id": "84261748973839098909278543067609198849881883339355739146851991526281884423186", "timestamp": "1769384425859", "hash": "2f7894b04ef5d71934ccd01a85b876381d1b026b", "bids": [{"price": "0.01", "size": "7284.4"}, {"price": "0.02", "size": "47.35"}, {"price": "0.15", "size": "50"}, {"price": "0.35", "size": "1067.99"}, {"price": "0.38", "size": "851.5"}, {"price": "0.39", "size": "1997.11"}, {"price": "0.41", "size": "644.38"}, {"price": "0.42", "size": "2160.21"}, {"price": "0.44", "size": "445.38"}, {"price": "0.47", "size": "251.99"}, {"price": "0.48", "size": "851.25"}, {"price": "0.49", "size": "1140.61"}, {"price": "0.5", "size": "890.11"}], "asks": [{"price": "0.99", "size": "7284.63"}, {"price": "0.98", "size": "47.23"}, {"price": "0.85", "size": "50"}, {"price": "0.73", "size": "1149"}, {"price": "0.7", "size": "904.3"}, {"price": "0.69", "size": "1997.11"}, {"price": "0.67", "size": "677.5"}, {"price": "0.66", "size": "2160.21"}, {"price": "0.64", "size": "464.19"}, {"price": "0.61", "size": "260.5"}, {"price": "0.6", "size": "259.25"}, {"price": "0.59", "size": "1147.86"}, {"price": "0.58", "size": "1490.11"}, {"price": "0.57", "size": "890.11"}], "event_type": "book", "last_trade_price": ""}, {"market": "0x4ce40c95f8e904a736ed89ad7b9202f4c220ebb1862656a788a6da4116b0f434", "asset_id": "13906548632296892964125125203698575597202048155370793959834691274541212923753", "timestamp": "1769384476149", "hash": "7d53750eb284fe17cf8f628fedcece5a8dc11c4e", "bids": [{"price": "0.01", "size": "7239.31"}, {"price": "0.02", "size": "4157.32"}, {"price": "0.03", "size": "29.93"}, {"price": "0.2", "size": "200"}, {"price": "0.27", "size": "200"}, {"price": "0.57", "size": "1390.11"}, {"price": "0.58", "size": "890.11"}, {"price": "0.59", "size": "100"}], "asks": [{"price": "0.99", "size": "7238.97"}, {"price": "0.98", "size": "4157.32"}, {"price": "0.97", "size": "30.04"}, {"price": "0.7", "size": "50"}, {"price": "0.69", "size": "1490.11"}, {"price": "0.68", "size": "890.11"}], "event_type": "book", "last_trade_price": ""}, {"market": "0x0cc58400b196e6a24c07e46216926a171d3ce9492bbee95efdceffc938bdedea", "asset_id": "103892935187735588002079244543829871143734402451214370888220312321850546195147", "timestamp": "1769384425858", "hash": "17ff7bb2380898e2ef96da83c524875c65e9a1a6", "bids": [{"price": "0.01", "size": "7184.63"}, {"price": "0.02", "size": "47.23"}, {"price": "0.15", "size": "50"}, {"price": "0.27", "size": "1149"}, {"price": "0.3", "size": "904.3"}, {"price": "0.31", "size": "1997.11"}, {"price": "0.33", "size": "677.5"}, {"price": "0.34", "size": "2160.21"}, {"price": "0.36", "size": "464.19"}, {"price": "0.39", "size": "260.5"}, {"price": "0.4", "size": "259.25"}, {"price": "0.41", "size": "1147.86"}, {"price": "0.42", "size": "1490.11"}, {"price": "0.43", "size": "890.11"}], "asks": [{"price": "0.99", "size": "7184.4"}, {"price": "0.98", "size": "7.18"}, {"price": "0.95", "size": "16.06"}, {"price": "0.92", "size": "5999.11"}, {"price": "0.85", "size": "50"}, {"price": "0.65", "size": "1067.99"}, {"price": "0.62", "size": "851.5"}, {"price": "0.61", "size": "1997.11"}, {"price": "0.59", "size": "644.38"}, {"price": "0.58", "size": "2160.21"}, {"price": "0.56", "size": "445.38"}, {"price": "0.53", "size": "251.99"}, {"price": "0.52", "size": "851.25"}, {"price": "0.51", "size": "1140.61"}, {"price": "0.5", "size": "890.11"}], "event_type": "book", "last_trade_price": ""}, {"market": "0xdbcbdd0aba143b1538c42910f4962cba415c41e8172aa898293a58715a903140", "asset_id": "13953427897363360093923369640067938780436829137816775422711279451005325016519", "timestamp": "1769384425881", "hash": "0cb41bc96d776a294772c3ed1ec861fb09e6cca4", "bids": [{"price": "0.01", "size": "7284.32"}, {"price": "0.02", "size": "4164.42"}, {"price": "0.03", "size": "4157.32"}, {"price": "0.05", "size": "16.11"}, {"price": "0.15", "size": "50"}, {"price": "0.48", "size": "1490.11"}, {"price": "0.49", "size": "890.11"}, {"price": "0.55", "size": "1.02"}], "asks": [{"price": "0.99", "size": "8174.24"}, {"price": "0.98", "size": "5047.43"}, {"price": "0.97", "size": "31.66"}, {"price": "0.94", "size": "10156.43"}, {"price": "0.85", "size": "50"}, {"price": "0.6", "size": "91.75"}, {"price": "0.58", "size": "1390.11"}, {"price": "0.57", "size": "890.11"}], "event_type": "book", "last_trade_price": "0.450"}, {"market": "0x43d148dca6b5e193615bc282f12d374e37cffc1c045171c2836d6dde45c394d5", "asset_id": "79739222626158755260103198595270213615580878636601163847435278985375776200437", "timestamp": "1769384425859", "hash": "e64b39bc00172789299ecc72cb5e6d11e0b43c55", "bids": [{"price": "0.01", "size": "7284.63"}, {"price": "0.02", "size": "47.23"}, {"price": "0.15", "size": "50"}, {"price": "0.27", "size": "1149"}, {"price": "0.3", "size": "904.3"}, {"price": "0.31", "size": "1997.11"}, {"price": "0.33", "size": "677.5"}, {"price": "0.34", "size": "2160.21"}, {"price": "0.36", "size": "464.19"}, {"price": "0.39", "size": "260.5"}, {"price": "0.4", "size": "259.25"}, {"price": "0.41", "size": "1147.86"}, {"price": "0.42", "size": "1490.11"}, {"price": "0.43", "size": "890.11"}], "asks": [{"price": "0.99", "size": "7284.4"}, {"price": "0.98", "size": "47.35"}, {"price": "0.85", "size": "50"}, {"price": "0.65", "size": "1067.99"}, {"price": "0.62", "size": "851.5"}, {"price": "0.61", "size": "1997.11"}, {"price": "0.59", "size": "644.38"}, {"price": "0.58", "size": "2160.21"}, {"price": "0.56", "size": "445.38"}, {"price": "0.53", "size": "251.99"}, {"price": "0.52", "size": "851.25"}, {"price": "0.51", "size": "1140.61"}, {"price": "0.5", "size": "890.11"}], "event_type": "book", "last_trade_price": ""}, {"market": "0x4ce40c95f8e904a736ed89ad7b9202f4c220ebb1862656a788a6da4116b0f434", "asset_id": "88338165865701386495217719036982962389406686302689056195151063072644378301708", "timestamp": "1769384476149", "hash": "1c2b038fad20613cd53f22efae32fc76de2d4e56", "bids": [{"price": "0.01", "size": "7238.97"}, {"price": "0.02", "size": "4157.32"}, {"price": "0.03", "size": "30.04"}, {"price": "0.3", "size": "50"}, {"price": "0.31", "size": "1490.11"}, {"price": "0.32", "size": "890.11"}], "asks": [{"price": "0.99", "size": "7239.31"}, {"price": "0.98", "size": "4157.32"}, {"price": "0.97", "size": "29.93"}, {"price": "0.8", "size": "200"}, {"price": "0.73", "size": "200"}, {"price": "0.43", "size": "1390.11"}, {"price": "0.42", "size": "890.11"}, {"price": "0.41", "size": "100"}], "event_type": "book", "last_trade_price": ""}, {"market": "0xd9d45b13db3b6de3ce0093ae9f673498693f7bc3d41afec3086ce086f29135de", "asset_id": "110092971919985989271001512716549115977436066335774150498537572517865747217155", "timestamp": "1769384394726", "hash": "4b64e47e12400531e7d25413ce776d12fffa96c9", "bids": [{"price": "0.01", "size": "208.36"}, {"price": "0.02", "size": "25.56"}, {"price": "0.03", "size": "5.47"}], "asks": [{"price": "0.99", "size": "200.64"}, {"price": "0.98", "size": "39.68"}, {"price": "0.96", "size": "29.99"}], "event_type": "book", "last_trade_price": ""}, {"market": "0x7a6a0bdbca0f14aba6a075f16e2929460c577e402d49223832ea373414d86285", "asset_id": "25807461740977583955802291351608466332545389695244391615908120826816526760796", "timestamp": "1769384425859", "hash": "79a65c0d28609217bd6d295017f3d3c9f8672fb4", "bids": [{"price": "0.01", "size": "11285.7"}, {"price": "0.02", "size": "890.11"}, {"price": "0.03", "size": "30.28"}, {"price": "0.22", "size": "100"}, {"price": "0.23", "size": "492"}], "asks": [{"price": "0.99", "size": "7238.93"}, {"price": "0.98", "size": "4157.32"}, {"price": "0.97", "size": "30.05"}, {"price": "0.8", "size": "200"}, {"price": "0.73", "size": "1090.11"}, {"price": "0.72", "size": "890.11"}, {"price": "0.66", "size": "100"}, {"price": "0.34", "size": "1440.11"}, {"price": "0.33", "size": "890.11"}, {"price": "0.32", "size": "100"}], "event_type": "book", "last_trade_price": "0.240"}, {"market": "0xd9d45b13db3b6de3ce0093ae9f673498693f7bc3d41afec3086ce086f29135de", "asset_id": "28520752766107958123033627774735478672452590404510901604704352720829338734885", "timestamp": "1769384394726", "hash": "278378fc7944f859719a089e16f0e55783b3ec8e", "bids": [{"price": "0.01", "size": "200.64"}, {"price": "0.02", "size": "39.68"}, {"price": "0.04", "size": "29.99"}], "asks": [{"price": "0.99", "size": "208.36"}, {"price": "0.98", "size": "25.56"}, {"price": "0.97", "size": "5.47"}], "event_type": "book", "last_trade_price": ""}, {"market": "0x7a6a0bdbca0f14aba6a075f16e2929460c577e402d49223832ea373414d86285", "asset_id": "99743614043101531704574278172947847548340522383219653041367941449874574076965", "timestamp": "1769384425859", "hash": "050e474d193667942c55a28834c9589dfd9aee53", "bids": [{"price": "0.01", "size": "7238.93"}, {"price": "0.02", "size": "4157.32"}, {"price": "0.03", "size": "30.05"}, {"price": "0.2", "size": "200"}, {"price": "0.27", "size": "1090.11"}, {"price": "0.28", "size": "890.11"}, {"price": "0.34", "size": "100"}, {"price": "0.66", "size": "1440.11"}, {"price": "0.67", "size": "890.11"}, {"price": "0.68", "size": "100"}], "asks": [{"price": "0.99", "size": "11285.7"}, {"price": "0.98", "size": "890.11"}, {"price": "0.97", "size": "30.28"}, {"price": "0.78", "size": "100"}, {"price": "0.77", "size": "492"}], "event_type": "book", "last_trade_price": "0.240"}, {"market": "0x0cc58400b196e6a24c07e46216926a171d3ce9492bbee95efdceffc938bdedea", "asset_id": "106297344999606524619975861233481901491196900479248484006204573976987088168080", "timestamp": "1769384425858", "hash": "6b8a221db64c42e12856260100a134481d637376", "bids": [{"price": "0.01", "size": "7184.4"}, {"price": "0.02", "size": "7.18"}, {"price": "0.05", "size": "16.06"}, {"price": "0.08", "size": "5999.11"}, {"price": "0.15", "size": "50"}, {"price": "0.35", "size": "1067.99"}, {"price": "0.38", "size": "851.5"}, {"price": "0.39", "size": "1997.11"}, {"price": "0.41", "size": "644.38"}, {"price": "0.42", "size": "2160.21"}, {"price": "0.44", "size": "445.38"}, {"price": "0.47", "size": "251.99"}, {"price": "0.48", "size": "851.25"}, {"price": "0.49", "size": "1140.61"}, {"price": "0.5", "size": "890.11"}], "asks": [{"price": "0.99", "size": "7184.63"}, {"price": "0.98", "size": "47.23"}, {"price": "0.85", "size": "50"}, {"price": "0.73", "size": "1149"}, {"price": "0.7", "size": "904.3"}, {"price": "0.69", "size": "1997.11"}, {"price": "0.67", "size": "677.5"}, {"price": "0.66", "size": "2160.21"}, {"price": "0.64", "size": "464.19"}, {"price": "0.61", "size": "260.5"}, {"price": "0.6", "size": "259.25"}, {"price": "0.59", "size": "1147.86"}, {"price": "0.58", "size": "1490.11"}, {"price": "0.57", "size": "890.11"}], "event_type": "book", "last_trade_price": ""}, {"market": "0x4260fd74c0400e17c72dbfe2cb50d40e64cc952711c689c4c154db783e56f798", "asset_id": "98008879832544295493967179396946153274843117470039437863149285869039121363519", "timestamp": "1769384425865", "hash": "fe0f58fdd8fcde100023d598f6d3f62d748742b6", "bids": [{"price": "0.01", "size": "8788.72"}, {"price": "0.02", "size": "2100"}, {"price": "0.03", "size": "7.83"}, {"price": "0.05", "size": "17"}, {"price": "0.07", "size": "1700"}, {"price": "0.08", "size": "8.36"}, {"price": "0.1", "size": "800"}, {"price": "0.22", "size": "1233"}, {"price": "0.25", "size": "957.12"}, {"price": "0.28", "size": "710"}, {"price": "0.29", "size": "4157.32"}, {"price": "0.3", "size": "200"}, {"price": "0.31", "size": "576.12"}, {"price": "0.34", "size": "268.99"}, {"price": "0.35", "size": "266.99"}, {"price": "0.36", "size": "1155.36"}, {"price": "0.37", "size": "909.64"}, {"price": "0.38", "size": "20"}, {"price": "0.39", "size": "2150"}, {"price": "0.4", "size": "2128.71"}], "asks": [{"price": "0.99", "size": "8789.21"}, {"price": "0.98", "size": "2131"}, {"price": "0.97", "size": "9.45"}, {"price": "0.93", "size": "1700"}, {"price": "0.91", "size": "800"}, {"price": "0.9", "size": "6.15"}, {"price": "0.8", "size": "400"}, {"price": "0.72", "size": "2000"}, {"price": "0.65", "size": "10"}, {"price": "0.64", "size": "1061"}, {"price": "0.61", "size": "846.62"}, {"price": "0.6", "size": "1000"}, {"price": "0.59", "size": "78.8"}, {"price": "0.58", "size": "641.88"}, {"price": "0.57", "size": "4157.32"}, {"price": "0.55", "size": "444.06"}, {"price": "0.52", "size": "406.25"}, {"price": "0.51", "size": "250.5"}, {"price": "0.5", "size": "3180.08"}, {"price": "0.49", "size": "1479.11"}, {"price": "0.45", "size": "100"}, {"price": "0.44", "size": "80.47"}, {"price": "0.43", "size": "983.48"}], "event_type": "book", "last_trade_price": "0.420"}, {"market": "0x4260fd74c0400e17c72dbfe2cb50d40e64cc952711c689c4c154db783e56f798", "asset_id": "38256422075420257611543750663316775352355424361144872713559169529809539533140", "timestamp": "1769384425865", "hash": "6ec2a90996de83b098877f42455caddaf946feb9", "bids": [{"price": "0.01", "size": "8789.21"}, {"price": "0.02", "size": "2131"}, {"price": "0.03", "size": "9.45"}, {"price": "0.07", "size": "1700"}, {"price": "0.09", "size": "800"}, {"price": "0.1", "size": "6.15"}, {"price": "0.2", "size": "400"}, {"price": "0.28", "size": "2000"}, {"price": "0.35", "size": "10"}, {"price": "0.36", "size": "1061"}, {"price": "0.39", "size": "846.62"}, {"price": "0.4", "size": "1000"}, {"price": "0.41", "size": "78.8"}, {"price": "0.42", "size": "641.88"}, {"price": "0.43", "size": "4157.32"}, {"price": "0.45", "size": "444.06"}, {"price": "0.48", "size": "406.25"}, {"price": "0.49", "size": "250.5"}, {"price": "0.5", "size": "3180.08"}, {"price": "0.51", "size": "1479.11"}, {"price": "0.55", "size": "100"}, {"price": "0.56", "size": "80.47"}, {"price": "0.57", "size": "983.48"}], "asks": [{"price": "0.99", "size": "8788.72"}, {"price": "0.98", "size": "2100"}, {"price": "0.97", "size": "7.83"}, {"price": "0.95", "size": "17"}, {"price": "0.93", "size": "1700"}, {"price": "0.92", "size": "8.36"}, {"price": "0.9", "size": "800"}, {"price": "0.78", "size": "1233"}, {"price": "0.75", "size": "957.12"}, {"price": "0.72", "size": "710"}, {"price": "0.71", "size": "4157.32"}, {"price": "0.7", "size": "200"}, {"price": "0.69", "size": "576.12"}, {"price": "0.66", "size": "268.99"}, {"price": "0.65", "size": "266.99"}, {"price": "0.64", "size": "1155.36"}, {"price": "0.63", "size": "909.64"}, {"price": "0.62", "size": "20"}, {"price": "0.61", "size": "2150"}, {"price": "0.6", "size": "2128.71"}], "event_type": "book", "last_trade_price": "0.420"}, {"market": "0xdbcbdd0aba143b1538c42910f4962cba415c41e8172aa898293a58715a903140", "asset_id": "107048767717531378423338558261379705549108116073087439799584367130482443586041", "timestamp": "1769384425881", "hash": "a5b12fabea91ebc09122931ad442771159a50ea2", "bids": [{"price": "0.01", "size": "8174.24"}, {"price": "0.02", "size": "5047.43"}, {"price": "0.03", "size": "31.66"}, {"price": "0.06", "size": "10156.43"}, {"price": "0.15", "size": "50"}, {"price": "0.4", "size": "91.75"}, {"price": "0.42", "size": "1390.11"}, {"price": "0.43", "size": "890.11"}], "asks": [{"price": "0.99", "size": "7284.32"}, {"price": "0.98", "size": "4164.42"}, {"price": "0.97", "size": "4157.32"}, {"price": "0.95", "size": "16.11"}, {"price": "0.85", "size": "50"}, {"price": "0.52", "size": "1490.11"}, {"price": "0.51", "size": "890.11"}, {"price": "0.45", "size": "1.02"}], "event_type": "book", "last_trade_price": "0.450"}]}
{"_local_timestamp": "2026-01-25T23:41:43.111405+00:00", "data": {"market": "0x7a6a0bdbca0f14aba6a075f16e2929460c577e402d49223832ea373414d86285", "price_changes": [{"asset_id": "99743614043101531704574278172947847548340522383219653041367941449874574076965", "price": "0.66", "size": "1390.11", "side": "BUY", "hash": "8ff388eb74d2ecb09aa8ad03c1a7474e7c8e3fa1", "best_bid": "0.68", "best_ask": "0.77"}, {"asset_id": "25807461740977583955802291351608466332545389695244391615908120826816526760796", "price": "0.34", "size": "1390.11", "side": "SELL", "hash": "c9f8f320e9b0e109e4ff99e07909b8c909f0d3a5", "best_bid": "0.23", "best_ask": "0.32"}], "timestamp": "1769384503037", "event_type": "price_change"}}
{"_local_timestamp": "2026-01-25T23:41:43.113042+00:00", "data": {"market": "0x4ce40c95f8e904a736ed89ad7b9202f4c220ebb1862656a788a6da4116b0f434", "price_changes": [{"asset_id": "88338165865701386495217719036982962389406686302689056195151063072644378301708", "price": "0.3", "size": "0", "side": "BUY", "hash": "1cb57b102ba8374d4b135b2907dbd158551ea982", "best_bid": "0.32", "best_ask": "0.41"}, {"asset_id": "13906548632296892964125125203698575597202048155370793959834691274541212923753", "price": "0.7", "size": "0", "side": "SELL", "hash": "6e88144060cabb317c9059dbe33c0c32b3824347", "best_bid": "0.59", "best_ask": "0.68"}], "timestamp": "1769384503038", "event_type": "price_change"}}
{"_local_timestamp": "2026-01-25T23:41:43.183704+00:00", "data": {"market": "0x7a6a0bdbca0f14aba6a075f16e2929460c577e402d49223832ea373414d86285", "price_changes": [{"asset_id": "99743614043101531704574278172947847548340522383219653041367941449874574076965", "price": "0.28", "size": "0", "side": "BUY", "hash": "57733c00bf0b51b226df2ed599f0cf5f37d759e4", "best_bid": "0.68", "best_ask": "0.77"}, {"asset_id": "25807461740977583955802291351608466332545389695244391615908120826816526760796", "price": "0.72", "size": "0", "side": "SELL", "hash": "9ebdb39f4e9fd631c86d71f876a7e8ccdc95545f", "best_bid": "0.23", "best_ask": "0.32"}], "timestamp": "1769384503110", "event_type": "price_change"}}
{"_local_timestamp": "2026-01-25T23:41:43.184931+00:00", "data": {"market": "0x7a6a0bdbca0f14aba6a075f16e2929460c577e402d49223832ea373414d86285", "price_changes": [{"asset_id": "99743614043101531704574278172947847548340522383219653041367941449874574076965", "price": "0.27", "size": "200", "side": "BUY", "hash": "57733c00bf0b51b226df2ed599f0cf5f37d759e4", "best_bid": "0.68", "best_ask": "0.77"}, {"asset_id": "25807461740977583955802291351608466332545389695244391615908120826816526760796", "price": "0.73", "size": "200", "side": "SELL", "hash": "9ebdb39f4e9fd631c86d71f876a7e8ccdc95545f", "best_bid": "0.23", "best_ask": "0.32"}], "timestamp": "1769384503110", "event_type": "price_change"}}
{"_local_timestamp": "2026-01-25T23:41:59.629550+00:00", "data": {"market": "0xdbcbdd0aba143b1538c42910f4962cba415c41e8172aa898293a58715a903140", "price_changes": [{"asset_id": "107048767717531378423338558261379705549108116073087439799584367130482443586041", "price": "0.03", "size": "0", "side": "BUY", "hash": "78a23e8228e126ac63a8512ae08e5cd9fb37c213", "best_bid": "0.43", "best_ask": "0.45"}, {"asset_id": "13953427897363360093923369640067938780436829137816775422711279451005325016519", "price": "0.97", "size": "0", "side": "SELL", "hash": "391d2cba94c327e98c1129a42121f123c0941a8d", "best_bid": "0.55", "best_ask": "0.57"}], "timestamp": "1769384519555", "event_type": "price_change"}}
{"_local_timestamp": "2026-01-25T23:41:59.700453+00:00", "data": {"market": "0xdbcbdd0aba143b1538c42910f4962cba415c41e8172aa898293a58715a903140", "price_changes": [{"asset_id": "107048767717531378423338558261379705549108116073087439799584367130482443586041", "price": "0.06", "size": "0", "side": "BUY", "hash": "c249569bb606c31ff12932a6b203f487b3c17687", "best_bid": "0.43", "best_ask": "0.45"}, {"asset_id": "13953427897363360093923369640067938780436829137816775422711279451005325016519", "price": "0.94", "size": "0", "side": "SELL", "hash": "cac75e9114a84017e0cf86ac0a1f057e194297ea", "best_bid": "0.55", "best_ask": "0.57"}], "timestamp": "1769384519632", "event_type": "price_change"}}
{"_local_timestamp": "2026-01-25T23:41:59.701443+00:00", "data": {"market": "0xdbcbdd0aba143b1538c42910f4962cba415c41e8172aa898293a58715a903140", "price_changes": [{"asset_id": "107048767717531378423338558261379705549108116073087439799584367130482443586041", "price": "0.02", "size": "4157.32", "side": "BUY", "hash": "c249569bb606c31ff12932a6b203f487b3c17687", "best_bid": "0.43", "best_ask": "0.45"}, {"asset_id": "13953427897363360093923369640067938780436829137816775422711279451005325016519", "price": "0.98", "size": "4157.32", "side": "SELL", "hash": "cac75e9114a84017e0cf86ac0a1f057e194297ea", "best_bid": "0.55", "best_ask": "0.57"}], "timestamp": "1769384519632", "event_type": "price_change"}}
{"_local_timestamp": "2026-01-25T23:41:59.702236+00:00", "data": {"market": "0xdbcbdd0aba143b1538c42910f4962cba415c41e8172aa898293a58715a903140", "price_changes": [{"asset_id": "107048767717531378423338558261379705549108116073087439799584367130482443586041", "price": "0.01", "size": "7284.13", "side": "BUY", "hash": "c249569bb606c31ff12932a6b203f487b3c17687", "best_bid": "0.43", "best_ask": "0.45"}, {"asset_id": "13953427897363360093923369640067938780436829137816775422711279451005325016519", "price": "0.99", "size": "7284.13", "side": "SELL", "hash": "cac75e9114a84017e0cf86ac0a1f057e194297ea", "best_bid": "0.55", "best_ask": "0.57"}], "timestamp": "1769384519632", "event_type": "price_change"}}
{"_local_timestamp": "2026-01-25T23:41:59.703053+00:00", "data": {"market": "0xdbcbdd0aba143b1538c42910f4962cba415c41e8172aa898293a58715a903140", "price_changes": [{"asset_id": "13953427897363360093923369640067938780436829137816775422711279451005325016519", "price": "0.03", "size": "0", "side": "BUY", "hash": "502aa3c00d71b14512bcd6da247a1b40c33e7b2e", "best_bid": "0.55", "best_ask": "0.57"}, {"asset_id": "107048767717531378423338558261379705549108116073087439799584367130482443586041", "price": "0.97", "size": "0", "side": "SELL", "hash": "fb1d3fb9005412b8b2c3106b56f461a6d570387d", "best_bid": "0.43", "best_ask": "0.45"}], "timestamp": "1769384519632", "event_type": "price_change"}}
{"_local_timestamp": "2026-01-25T23:41:59.877013+00:00", "data": {"market": "0xdbcbdd0aba143b1538c42910f4962cba415c41e8172aa898293a58715a903140", "price_changes": [{"asset_id": "107048767717531378423338558261379705549108116073087439799584367130482443586041", "price": "0.07", "size": "10.72", "side": "BUY", "hash": "7f38bf55f17e284453e680e320c77ed9396d08ed", "best_bid": "0.43", "best_ask": "0.45"}, {"asset_id": "13953427897363360093923369640067938780436829137816775422711279451005325016519", "price": "0.93", "size": "10.72", "side": "SELL", "hash": "b976da603b2c47388f3b4b56a1e20bd71076a12f", "best_bid": "0.55", "best_ask": "0.57"}], "timestamp": "1769384519800", "event_type": "price_change"}}
{"_local_timestamp": "2026-01-25T23:41:59.877939+00:00", "data": {"market": "0xdbcbdd0aba143b1538c42910f4962cba415c41e8172aa898293a58715a903140", "price_changes": [{"asset_id": "107048767717531378423338558261379705549108116073087439799584367130482443586041", "price": "0.03", "size": "6.63", "side": "BUY", "hash": "0b92fd70dd488bd965e93c76ff3f3d416c5b590f", "best_bid": "0.43", "best_ask": "0.45"}, {"asset_id": "13953427897363360093923369640067938780436829137816775422711279451005325016519", "price": "0.97", "size": "6.63", "side": "SELL", "hash": "ede656c939697fa4313646bad4d409b4aacf077d", "best_bid": "0.55", "best_ask": "0.57"}], "timestamp": "1769384519801", "event_type": "price_change"}}
{"_local_timestamp": "2026-01-25T23:42:00.475359+00:00", "data": {"market": "0x0cc58400b196e6a24c07e46216926a171d3ce9492bbee95efdceffc938bdedea", "price_changes": [{"asset_id": "106297344999606524619975861233481901491196900479248484006204573976987088168080", "price": "0.05", "size": "0", "side": "BUY", "hash": "2f3ee5c42249c017499614430b11f0ec1c43c997", "best_bid": "0.5", "best_ask": "0.57"}, {"asset_id": "103892935187735588002079244543829871143734402451214370888220312321850546195147", "price": "0.95", "size": "0", "side": "SELL", "hash": "4db9fb2e0c88348b36d5dc5efc47169a89537104", "best_bid": "0.43", "best_ask": "0.5"}], "timestamp": "1769384520404", "event_type": "price_change"}}
{"_local_timestamp": "2026-01-25T23:42:00.476295+00:00", "data": {"market": "0xdbcbdd0aba143b1538c42910f4962cba415c41e8172aa898293a58715a903140", "price_changes": [{"asset_id": "13953427897363360093923369640067938780436829137816775422711279451005325016519", "price": "0.02", "size": "4157.32", "side": "BUY", "hash": "a682467282a7c9bc32fb9c4c09f09840f74d3600", "best_bid": "0.55", "best_ask": "0.57"}, {"asset_id": "107048767717531378423338558261379705549108116073087439799584367130482443586041", "price": "0.98", "size": "4157.32", "side": "SELL", "hash": "dcd8cf315ace3a808a989da41089220dbe554825", "best_bid": "0.43", "best_ask": "0.45"}], "timestamp": "1769384520404", "event_type": "price_change"}}
{"_local_timestamp": "2026-01-25T23:42:00.477235+00:00", "data": {"market": "0xdbcbdd0aba143b1538c42910f4962cba415c41e8172aa898293a58715a903140", "price_changes": [{"asset_id": "13953427897363360093923369640067938780436829137816775422711279451005325016519", "price": "0.05", "size": "0", "side": "BUY", "hash": "a682467282a7c9bc32fb9c4c09f09840f74d3600", "best_bid": "0.55", "best_ask": "0.57"}, {"asset_id": "107048767717531378423338558261379705549108116073087439799584367130482443586041", "price": "0.95", "size": "0", "side": "SELL", "hash": "dcd8cf315ace3a808a989da41089220dbe554825", "best_bid": "0.43", "best_ask": "0.45"}], "timestamp": "1769384520404", "event_type": "price_change"}}
{"_local_timestamp": "2026-01-25T23:42:00.557174+00:00", "data": {"market": "0x0cc58400b196e6a24c07e46216926a171d3ce9492bbee95efdceffc938bdedea", "price_changes": [{"asset_id": "106297344999606524619975861233481901491196900479248484006204573976987088168080", "price": "0.08", "size": "0", "side": "BUY", "hash": "d9f751771a13657aab99f2cd762d810e74d3ef7a", "best_bid": "0.5", "best_ask": "0.57"}, {"asset_id": "103892935187735588002079244543829871143734402451214370888220312321850546195147", "price": "0.92", "size": "0", "side": "SELL", "hash": "3eaba3c932227c2ede1296f3ad6f0e110982d395", "best_bid": "0.43", "best_ask": "0.5"}], "timestamp": "1769384520482", "event_type": "price_change"}}
{"_local_timestamp": "2026-01-25T23:42:00.558206+00:00", "data": {"market": "0x0cc58400b196e6a24c07e46216926a171d3ce9492bbee95efdceffc938bdedea", "price_changes": [{"asset_id": "103892935187735588002079244543829871143734402451214370888220312321850546195147", "price": "0.41", "size": "257.75", "side": "BUY", "hash": "49767e7bfcd4f3bd9b6256afa493cca9ec330d1d", "best_bid": "0.43", "best_ask": "0.5"}, {"asset_id": "106297344999606524619975861233481901491196900479248484006204573976987088168080", "price": "0.59", "size": "257.75", "side": "SELL", "hash": "e091f48c708c47e815cc7550b1a0f07eda5f2045", "best_bid": "0.5", "best_ask": "0.57"}], "timestamp": "1769384520483", "event_type": "price_change"}}
{"_local_timestamp": "2026-01-25T23:42:00.684444+00:00", "data": {"market": "0xdbcbdd0aba143b1538c42910f4962cba415c41e8172aa898293a58715a903140", "price_changes": [{"asset_id": "13953427897363360093923369640067938780436829137816775422711279451005325016519", "price": "0.03", "size": "31.59", "side": "BUY", "hash": "34748f26a1ff88e095818ae2502752866a1ae49a", "best_bid": "0.55", "best_ask": "0.57"}, {"asset_id": "107048767717531378423338558261379705549108116073087439799584367130482443586041", "price": "0.97", "size": "31.59", "side": "SELL", "hash": "b2d01694d27adb0bf80703865e987636688b62e6", "best_bid": "0.43", "best_ask": "0.45"}], "timestamp": "1769384520611", "event_type": "price_change"}}
{"_local_timestamp": "2026-01-25T23:42:00.941017+00:00", "data": {"market": "0x0cc58400b196e6a24c07e46216926a171d3ce9492bbee95efdceffc938bdedea", "price_changes": [{"asset_id": "106297344999606524619975861233481901491196900479248484006204573976987088168080", "price": "0.02", "size": "47.35", "side": "BUY", "hash": "be75f34d97c25061ce668f2271de8ff80eff8be2", "best_bid": "0.5", "best_ask": "0.57"}, {"asset_id": "103892935187735588002079244543829871143734402451214370888220312321850546195147", "price": "0.98", "size": "47.35", "side": "SELL", "hash": "fd175f21342865b8baf960550b2a0b3a2bd23a3e", "best_bid": "0.43", "best_ask": "0.5"}], "timestamp": "1769384520850", "event_type": "price_change"}}
{"_local_timestamp": "2026-01-25T23:42:07.011843+00:00", "data": {"market": "0x4ce40c95f8e904a736ed89ad7b9202f4c220ebb1862656a788a6da4116b0f434", "price_changes": [{"asset_id": "13906548632296892964125125203698575597202048155370793959834691274541212923753", "price": "0.64", "size": "336.36", "side": "BUY", "hash": "3d8a1acf80c54a80ca22fb140200698ccfaa6c5b", "best_bid": "0.64", "best_ask": "0.68"}, {"asset_id": "88338165865701386495217719036982962389406686302689056195151063072644378301708", "price": "0.36", "size": "336.36", "side": "SELL", "hash": "8784cde133e82b274eb1349b9c725b5e67cc617e", "best_bid": "0.32", "best_ask": "0.36"}], "timestamp": "1769384526940", "event_type": "price_change"}}
{"_local_timestamp": "2026-01-25T23:42:16.153375+00:00", "data": {"market": "0x4ce40c95f8e904a736ed89ad7b9202f4c220ebb1862656a788a6da4116b0f434", "price_changes": [{"asset_id": "13906548632296892964125125203698575597202048155370793959834691274541212923753", "price": "0.64", "size": "0", "side": "BUY", "hash": "bddd8955a8350cb43cdb2951acc4a1f08f300c89", "best_bid": "0.59", "best_ask": "0.68"}, {"asset_id": "88338165865701386495217719036982962389406686302689056195151063072644378301708", "price": "0.36", "size": "0", "side": "SELL", "hash": "522e1029e1694b92972b1b7e743365561f87fbc9", "best_bid": "0.32", "best_ask": "0.41"}], "timestamp": "1769384536040", "event_type": "price_change"}}
{"_local_timestamp": "2026-01-25T23:42:26.185567+00:00", "data": {"market": "0x0cc58400b196e6a24c07e46216926a171d3ce9492bbee95efdceffc938bdedea", "price_changes": [{"asset_id": "106297344999606524619975861233481901491196900479248484006204573976987088168080", "price": "0.48", "size": "351.25", "side": "BUY", "hash": "76f4dc5cfc5626bfda5f6c42c86917fce7c037f2", "best_bid": "0.5", "best_ask": "0.57"}, {"asset_id": "103892935187735588002079244543829871143734402451214370888220312321850546195147", "price": "0.52", "size": "351.25", "side": "SELL", "hash": "eba875eec73a58bb7282e590f87d70837d6f9714", "best_bid": "0.43", "best_ask": "0.5"}], "timestamp": "1769384546003", "event_type": "price_change"}}
{"_local_timestamp": "2026-01-25T23:42:26.192305+00:00", "data": {"market": "0x4ce40c95f8e904a736ed89ad7b9202f4c220ebb1862656a788a6da4116b0f434", "price_changes": [{"asset_id": "88338165865701386495217719036982962389406686302689056195151063072644378301708", "price": "0.31", "size": "990.11", "side": "BUY", "hash": "06901feab270352ec4a2ef1a95322d7d210c5ff0", "best_bid": "0.32", "best_ask": "0.41"}, {"asset_id": "13906548632296892964125125203698575597202048155370793959834691274541212923753", "price": "0.69", "size": "990.11", "side": "SELL", "hash": "2a090032787f12ca18661cf3497140bc1af6c346", "best_bid": "0.59", "best_ask": "0.68"}], "timestamp": "1769384546004", "event_type": "price_change"}}
{"_local_timestamp": "2026-01-25T23:42:26.193323+00:00", "data": {"market": "0xdbcbdd0aba143b1538c42910f4962cba415c41e8172aa898293a58715a903140", "price_changes": [{"asset_id": "107048767717531378423338558261379705549108116073087439799584367130482443586041", "price": "0.42", "size": "890.11", "side": "BUY", "hash": "95808ddfe9b8c09a0d29651721a4a157bce9a4d5", "best_bid": "0.43", "best_ask": "0.45"}, {"asset_id": "13953427897363360093923369640067938780436829137816775422711279451005325016519", "price": "0.58", "size": "890.11", "side": "SELL", "hash": "a9a7154acc626b9a98d9ec75ede8896648255884", "best_bid": "0.55", "best_ask": "0.57"}], "timestamp": "1769384546007", "event_type": "price_change"}}
{"_local_timestamp": "2026-01-25T23:42:26.194215+00:00", "data": {"market": "0x43d148dca6b5e193615bc282f12d374e37cffc1c045171c2836d6dde45c394d5", "price_changes": [{"asset_id": "84261748973839098909278543067609198849881883339355739146851991526281884423186", "price": "0.48", "size": "351.25", "side": "BUY", "hash": "5b3e23fc0032d3d2e451585f354196595430cd54", "best_bid": "0.5", "best_ask": "0.57"}, {"asset_id": "79739222626158755260103198595270213615580878636601163847435278985375776200437", "price": "0.52", "size": "351.25", "side": "SELL", "hash": "037ec6fbb46a7f0c60a4c414b8bd71cf00694b85", "best_bid": "0.43", "best_ask": "0.5"}], "timestamp": "1769384546004", "event_type": "price_change"}}
{"_local_timestamp": "2026-01-25T23:42:26.208759+00:00", "data": {"market": "0x4ce40c95f8e904a736ed89ad7b9202f4c220ebb1862656a788a6da4116b0f434", "price_changes": [{"asset_id": "13906548632296892964125125203698575597202048155370793959834691274541212923753", "price": "0.57", "size": "890.11", "side": "BUY", "hash": "22f4c51ef65faaf2a9624a7344f57d1b69072a76", "best_bid": "0.59", "best_ask": "0.68"}, {"asset_id": "88338165865701386495217719036982962389406686302689056195151063072644378301708", "price": "0.43", "size": "890.11", "side": "SELL", "hash": "02422ed04aed2b0e8077bc54416e6c5955af8829", "best_bid": "0.32", "best_ask": "0.41"}], "timestamp": "1769384546030", "event_type": "price_change"}}
{"_local_timestamp": "2026-01-25T23:42:26.244149+00:00", "data": {"market": "0xdbcbdd0aba143b1538c42910f4962cba415c41e8172aa898293a58715a903140", "price_changes": [{"asset_id": "13953427897363360093923369640067938780436829137816775422711279451005325016519", "price": "0.48", "size": "990.11", "side": "BUY", "hash": "0e5cb94973b45c75f27d544b64d1e11471a2885d", "best_bid": "0.55", "best_ask": "0.57"}, {"asset_id": "107048767717531378423338558261379705549108116073087439799584367130482443586041", "price": "0.52", "size": "990.11", "side": "SELL", "hash": "371fcea8d16ef8a23aa35278029eb141e0ef1363", "best_bid": "0.43", "best_ask": "0.45"}], "timestamp": "1769384546040", "event_type": "price_change"}}
{"_local_timestamp": "2026-01-25T23:42:26.252833+00:00", "data": {"market": "0x7a6a0bdbca0f14aba6a075f16e2929460c577e402d49223832ea373414d86285", "price_changes": [{"asset_id": "99743614043101531704574278172947847548340522383219653041367941449874574076965", "price": "0.66", "size": "890.11", "side": "BUY", "hash": "7901babe809820ea37608cc54ab4505acfcb3317", "best_bid": "0.68", "best_ask": "0.77"}, {"asset_id": "25807461740977583955802291351608466332545389695244391615908120826816526760796", "price": "0.34", "size": "890.11", "side": "SELL", "hash": "1e2eb007f9daddad7fca77391366e7ba7be9beca", "best_bid": "0.23", "best_ask": "0.32"}], "timestamp": "1769384546043", "event_type": "price_change"}}
{"_local_timestamp": "2026-01-25T23:42:26.253825+00:00", "data": {"market": "0x4260fd74c0400e17c72dbfe2cb50d40e64cc952711c689c4c154db783e56f798", "price_changes": [{"asset_id": "38256422075420257611543750663316775352355424361144872713559169529809539533140", "price": "0.5", "size": "2180.08", "side": "BUY", "hash": "3cf78e6ad63d5507a2a265f06c3760dfb11cdca9", "best_bid": "0.57", "best_ask": "0.6"}, {"asset_id": "98008879832544295493967179396946153274843117470039437863149285869039121363519", "price": "0.5", "size": "2180.08", "side": "SELL", "hash": "db92da1bcb8e54afe62366f4d7f8cc9adb32e52a", "best_bid": "0.4", "best_ask": "0.43"}], "timestamp": "1769384546041", "event_type": "price_change"}}
{"_local_timestamp": "2026-01-25T23:42:26.264239+00:00", "data": {"market": "0x4260fd74c0400e17c72dbfe2cb50d40e64cc952711c689c4c154db783e56f798", "price_changes": [{"asset_id": "98008879832544295493967179396946153274843117470039437863149285869039121363519", "price": "0.4", "size": "1128.71", "side": "BUY", "hash": "a759f2e35f6f7c545a301fdd8098e2900b824fc7", "best_bid": "0.4", "best_ask": "0.43"}, {"asset_id": "38256422075420257611543750663316775352355424361144872713559169529809539533140", "price": "0.6", "size": "1128.71", "side": "SELL", "hash": "e2df6b026c06616cd5bdfdf3c4dfeab22e0b077b", "best_bid": "0.57", "best_ask": "0.6"}], "timestamp": "1769384546045", "event_type": "price_change"}}
{"_local_timestamp": "2026-01-25T23:42:26.273296+00:00", "data": {"market": "0x7a6a0bdbca0f14aba6a075f16e2929460c577e402d49223832ea373414d86285", "price_changes": [{"asset_id": "25807461740977583955802291351608466332545389695244391615908120826816526760796", "price": "0.23", "size": "0", "side": "BUY", "hash": "3386c716f158d27e97b29cbadd120d446f2b6128", "best_bid": "0.22", "best_ask": "0.32"}, {"asset_id": "99743614043101531704574278172947847548340522383219653041367941449874574076965", "price": "0.77", "size": "0", "side": "SELL", "hash": "047667416c290e03edbd088e3795d70fbf39450e", "best_bid": "0.68", "best_ask": "0.78"}], "timestamp": "1769384546048", "event_type": "price_change"}}
{"_local_timestamp": "2026-01-25T23:42:26.387605+00:00", "data": {"market": "0x43d148dca6b5e193615bc282f12d374e37cffc1c045171c2836d6dde45c394d5", "price_changes": [{"asset_id": "79739222626158755260103198595270213615580878636601163847435278985375776200437", "price": "0.42", "size": "990.11", "side": "BUY", "hash": "c5cd635034f626374f4c110581dccc4b2428947c", "best_bid": "0.43", "best_ask": "0.5"}, {"asset_id": "84261748973839098909278543067609198849881883339355739146851991526281884423186", "price": "0.58", "size": "990.11", "side": "SELL", "hash": "a859cca97c7476e3842f57bec89315f8d5283464", "best_bid": "0.5", "best_ask": "0.57"}], "timestamp": "1769384546049", "event_type": "price_change"}}
{"_local_timestamp": "2026-01-25T23:42:26.388594+00:00", "data": {"market": "0x0cc58400b196e6a24c07e46216926a171d3ce9492bbee95efdceffc938bdedea", "price_changes": [{"asset_id": "103892935187735588002079244543829871143734402451214370888220312321850546195147", "price": "0.42", "size": "990.11", "side": "BUY", "hash": "7d922515f7eadab857cf4960828cf00ec77a8c88", "best_bid": "0.43", "best_ask": "0.5"}, {"asset_id": "106297344999606524619975861233481901491196900479248484006204573976987088168080", "price": "0.58", "size": "990.11", "side": "SELL", "hash": "52b256359fa4ca96a98775f1893636e3d27b31ba", "best_bid": "0.5", "best_ask": "0.57"}], "timestamp": "1769384546050", "event_type": "price_change"}}
{"_local_timestamp": "2026-01-25T23:42:26.389537+00:00", "data": {"market": "0x4ce40c95f8e904a736ed89ad7b9202f4c220ebb1862656a788a6da4116b0f434", "price_changes": [{"asset_id": "88338165865701386495217719036982962389406686302689056195151063072644378301708", "price": "0.02", "size": "5047.43", "side": "BUY", "hash": "79c236bb3bbac5cf1037a53e55035d6350235f20", "best_bid": "0.32", "best_ask": "0.41"}, {"asset_id": "13906548632296892964125125203698575597202048155370793959834691274541212923753", "price": "0.98", "size": "5047.43", "side": "SELL", "hash": "e7a89437a219687a76c073961614406ef0b72011", "best_bid": "0.59", "best_ask": "0.68"}], "timestamp": "1769384546094", "event_type": "price_change"}}
{"_local_timestamp": "2026-01-25T23:42:26.390413+00:00", "data": {"market": "0x43d148dca6b5e193615bc282f12d374e37cffc1c045171c2836d6dde45c394d5", "price_changes": [{"asset_id": "79739222626158755260103198595270213615580878636601163847435278985375776200437", "price": "0.41", "size": "257.75", "side": "BUY", "hash": "3721c1e92db73510ce52be2452acf1d4bf28f9b4", "best_bid": "0.43", "best_ask": "0.5"}, {"asset_id": "84261748973839098909278543067609198849881883339355739146851991526281884423186", "price": "0.59", "size": "257.75", "side": "SELL", "hash": "fd104b9f8da1e1c5bdbaa6d177e555f399e8bcc1", "best_bid": "0.5", "best_ask": "0.57"}], "timestamp": "1769384546113", "event_type": "price_change"}}
{"_local_timestamp": "2026-01-25T23:42:26.391233+00:00", "data": {"market": "0xdbcbdd0aba143b1538c42910f4962cba415c41e8172aa898293a58715a903140", "price_changes": [{"asset_id": "107048767717531378423338558261379705549108116073087439799584367130482443586041", "price": "0.02", "size": "5047.43", "side": "BUY", "hash": "e2d358a83ff1114d799ce83b8a42c9d261015e89", "best_bid": "0.43", "best_ask": "0.45"}, {"asset_id": "13953427897363360093923369640067938780436829137816775422711279451005325016519", "price": "0.98", "size": "5047.43", "side": "SELL", "hash": "6790efb1f11ee925f408665857b247643ae8052e", "best_bid": "0.55", "best_ask": "0.57"}], "timestamp": "1769384546134", "event_type": "price_change"}}
{"_local_timestamp": "2026-01-25T23:42:26.392091+00:00", "data": {"market": "0xdbcbdd0aba143b1538c42910f4962cba415c41e8172aa898293a58715a903140", "price_changes": [{"asset_id": "107048767717531378423338558261379705549108116073087439799584367130482443586041", "price": "0.01", "size": "8174.24", "side": "BUY", "hash": "a778684b6d84899bb1211122a5629289b5efc152", "best_bid": "0.43", "best_ask": "0.45"}, {"asset_id": "13953427897363360093923369640067938780436829137816775422711279451005325016519", "price": "0.99", "size": "8174.24", "side": "SELL", "hash": "08bbdc6427c2d03f103d8e5ac96763c8fa2cb95a", "best_bid": "0.55", "best_ask": "0.57"}], "timestamp": "1769384546137", "event_type": "price_change"}}
{"_local_timestamp": "2026-01-25T23:42:26.392901+00:00", "data": {"market": "0x4ce40c95f8e904a736ed89ad7b9202f4c220ebb1862656a788a6da4116b0f434", "price_changes": [{"asset_id": "88338165865701386495217719036982962389406686302689056195151063072644378301708", "price": "0.01", "size": "8129.08", "side": "BUY", "hash": "8dbd81f5e073cd3bde82dab94983dd1a3b25f366", "best_bid": "0.32", "best_ask": "0.41"}, {"asset_id": "13906548632296892964125125203698575597202048155370793959834691274541212923753", "price": "0.99", "size": "8129.08", "side": "SELL", "hash": "6cf46d1669de8f7642f7f13f8c11b937736f6245", "best_bid": "0.59", "best_ask": "0.68"}], "timestamp": "1769384546133", "event_type": "price_change"}}
{"_local_timestamp": "2026-01-25T23:42:26.393730+00:00", "data": {"market": "0x4260fd74c0400e17c72dbfe2cb50d40e64cc952711c689c4c154db783e56f798", "price_changes": [{"asset_id": "38256422075420257611543750663316775352355424361144872713559169529809539533140", "price": "0.5", "size": "1289.97", "side": "BUY", "hash": "fcdce97c0eac6a6ff0688e1987dc11ebdf20f137", "best_bid": "0.57", "best_ask": "0.6"}, {"asset_id": "98008879832544295493967179396946153274843117470039437863149285869039121363519", "price": "0.5", "size": "1289.97", "side": "SELL", "hash": "59e5aeedd0e2bcd888e67de210f6abec932ff78c", "best_bid": "0.4", "best_ask": "0.43"}], "timestamp": "1769384546246", "event_type": "price_change"}}
{"_local_timestamp": "2026-01-25T23:42:26.513136+00:00", "data": {"market": "0x4260fd74c0400e17c72dbfe2cb50d40e64cc952711c689c4c154db783e56f798", "price_changes": [{"asset_id": "38256422075420257611543750663316775352355424361144872713559169529809539533140", "price": "0.52", "size": "890.11", "side": "BUY", "hash": "cef701c2caac568930cd87165248e151fa3a3ace", "best_bid": "0.57", "best_ask": "0.6"}, {"asset_id": "98008879832544295493967179396946153274843117470039437863149285869039121363519", "price": "0.48", "size": "890.11", "side": "SELL", "hash": "061382b49ec62093b193bef58b1ededec8c69ab4", "best_bid": "0.4", "best_ask": "0.43"}], "timestamp": "1769384546377", "event_type": "price_change"}}
{"_local_timestamp": "2026-01-25T23:42:26.514251+00:00", "data": {"market": "0x7a6a0bdbca0f14aba6a075f16e2929460c577e402d49223832ea373414d86285", "price_changes": [{"asset_id": "99743614043101531704574278172947847548340522383219653041367941449874574076965", "price": "0.27", "size": "1090.11", "side": "BUY", "hash": "c64b74b2ddebed4210334f83d4e2ff94bea6470e", "best_bid": "0.68", "best_ask": "0.78"}, {"asset_id": "25807461740977583955802291351608466332545389695244391615908120826816526760796", "price": "0.73", "size": "1090.11", "side": "SELL", "hash": "27e53f6297b45cbe138662364e9f4dd764ecd297", "best_bid": "0.22", "best_ask": "0.32"}], "timestamp": "1769384546377", "event_type": "price_change"}}
{"_local_timestamp": "2026-01-25T23:42:26.515924+00:00", "data": {"market": "0x7a6a0bdbca0f14aba6a075f16e2929460c577e402d49223832ea373414d86285", "price_changes": [{"asset_id": "99743614043101531704574278172947847548340522383219653041367941449874574076965", "price": "0.28", "size": "890.11", "side": "BUY", "hash": "2504c5e7081750e385cfd809f0c32ab24a38eecc", "best_bid": "0.68", "best_ask": "0.78"}, {"asset_id": "25807461740977583955802291351608466332545389695244391615908120826816526760796", "price": "0.72", "size": "890.11", "side": "SELL", "hash": "b56b0e5d62705fcd0c9cb1583fef7d9d5d979754", "best_bid": "0.22", "best_ask": "0.32"}], "timestamp": "1769384546381", "event_type": "price_change"}}
{"_local_timestamp": "2026-01-25T23:42:26.542275+00:00", "data": {"market": "0x4ce40c95f8e904a736ed89ad7b9202f4c220ebb1862656a788a6da4116b0f434", "price_changes": [{"asset_id": "88338165865701386495217719036982962389406686302689056195151063072644378301708", "price": "0.31", "size": "1490.11", "side": "BUY", "hash": "ae9cc6bfd42a8e1e71a7a12821a18eae7b3a19ea", "best_bid": "0.32", "best_ask": "0.41"}, {"asset_id": "13906548632296892964125125203698575597202048155370793959834691274541212923753", "price": "0.69", "size": "1490.11", "side": "SELL", "hash": "3e005478605e251f1679f173a752455180d04c4b", "best_bid": "0.59", "best_ask": "0.68"}], "timestamp": "1769384546401", "event_type": "price_change"}}
{"_local_timestamp": "2026-01-25T23:42:26.543318+00:00", "data": {"market": "0x4260fd74c0400e17c72dbfe2cb50d40e64cc952711c689c4c154db783e56f798", "price_changes": [{"asset_id": "98008879832544295493967179396946153274843117470039437863149285869039121363519", "price": "0.4", "size": "2128.71", "side": "BUY", "hash": "981954a6700624ee12c9d6263068c6270130b950", "best_bid": "0.4", "best_ask": "0.43"}, {"asset_id": "38256422075420257611543750663316775352355424361144872713559169529809539533140", "price": "0.6", "size": "2128.71", "side": "SELL", "hash": "25ee0294c3c60d9437c07ab8e87fcdc92e43ae41", "best_bid": "0.57", "best_ask": "0.6"}], "timestamp": "1769384546401", "event_type": "price_change"}}
{"_local_timestamp": "2026-01-25T23:42:26.544253+00:00", "data": {"market": "0x7a6a0bdbca0f14aba6a075f16e2929460c577e402d49223832ea373414d86285", "price_changes": [{"asset_id": "25807461740977583955802291351608466332545389695244391615908120826816526760796", "price": "0.23", "size": "492", "side": "BUY", "hash": "675f7f2ecb5baaf8c6b0ba839f17ecd4e34020cf", "best_bid": "0.23", "best_ask": "0.32"}, {"asset_id": "99743614043101531704574278172947847548340522383219653041367941449874574076965", "price": "0.77", "size": "492", "side": "SELL", "hash": "f3e30e53c3cd2c29faf2927c1d27a484a9ebac4e", "best_bid": "0.68", "best_ask": "0.77"}], "timestamp": "1769384546401", "event_type": "price_change"}}
{"_local_timestamp": "2026-01-25T23:42:26.545175+00:00", "data": {"market": "0x7a6a0bdbca0f14aba6a075f16e2929460c577e402d49223832ea373414d86285", "price_changes": [{"asset_id": "99743614043101531704574278172947847548340522383219653041367941449874574076965", "price": "0.66", "size": "1390.11", "side": "BUY", "hash": "48386fb5cd9da9283bf1d29e64545880efcda95e", "best_bid": "0.68", "best_ask": "0.77"}, {"asset_id": "25807461740977583955802291351608466332545389695244391615908120826816526760796", "price": "0.34", "size": "1390.11", "side": "SELL", "hash": "29ad71d93f22da79ccda0d0b83587cdfaf794d47", "best_bid": "0.23", "best_ask": "0.32"}], "timestamp": "1769384546402", "event_type": "price_change"}}
{"_local_timestamp": "2026-01-25T23:42:26.546152+00:00", "data": {"market": "0x4260fd74c0400e17c72dbfe2cb50d40e64cc952711c689c4c154db783e56f798", "price_changes": [{"asset_id": "38256422075420257611543750663316775352355424361144872713559169529809539533140", "price": "0.5", "size": "2289.97", "side": "BUY", "hash": "746c4388409dcba7a1927d89f9ea447775d5141b", "best_bid": "0.57", "best_ask": "0.6"}, {"asset_id": "98008879832544295493967179396946153274843117470039437863149285869039121363519", "price": "0.5", "size": "2289.97", "side": "SELL", "hash": "9bfe4a85b61d599acece372bfb50df82febbea08", "best_bid": "0.4", "best_ask": "0.43"}], "timestamp": "1769384546405", "event_type": "price_change"}}
{"_local_timestamp": "2026-01-25T23:42:26.548405+00:00", "data": {"market": "0x4260fd74c0400e17c72dbfe2cb50d40e64cc952711c689c4c154db783e56f798", "price_changes": [{"asset_id": "38256422075420257611543750663316775352355424361144872713559169529809539533140", "price": "0.51", "size": "990.11", "side": "BUY", "hash": "1536b05838adbb4451bb89affdca98d2f4c6dd4e", "best_bid": "0.57", "best_ask": "0.6"}, {"asset_id": "98008879832544295493967179396946153274843117470039437863149285869039121363519", "price": "0.49", "size": "990.11", "side": "SELL", "hash": "0a6f538096c0438c8918985811c4ffd9a8faecb9", "best_bid": "0.4", "best_ask": "0.43"}], "timestamp": "1769384546406", "event_type": "price_change"}}
{"_local_timestamp": "2026-01-25T23:42:26.549550+00:00", "data": {"market": "0x43d148dca6b5e193615bc282f12d374e37cffc1c045171c2836d6dde45c394d5", "price_changes": [{"asset_id": "79739222626158755260103198595270213615580878636601163847435278985375776200437", "price": "0.42", "size": "1490.11", "side": "BUY", "hash": "18667252e87af3da51224984aef3c71864e10b82", "best_bid": "0.43", "best_ask": "0.5"}, {"asset_id": "84261748973839098909278543067609198849881883339355739146851991526281884423186", "price": "0.58", "size": "1490.11", "side": "SELL", "hash": "38a180e2aaae5af734cc99800cee389619b1265a", "best_bid": "0.5", "best_ask": "0.57"}], "timestamp": "1769384546409", "event_type": "price_change"}}
{"_local_timestamp": "2026-01-25T23:42:26.550536+00:00", "data": {"market": "0x4ce40c95f8e904a736ed89ad7b9202f4c220ebb1862656a788a6da4116b0f434", "price_changes": [{"asset_id": "13906548632296892964125125203698575597202048155370793959834691274541212923753", "price": "0.57", "size": "1390.11", "side": "BUY", "hash": "37610f2c3b60ea7814901cb6634158c0bd6efa5c", "best_bid": "0.59", "best_ask": "0.68"}, {"asset_id": "88338165865701386495217719036982962389406686302689056195151063072644378301708", "price": "0.43", "size": "1390.11", "side": "SELL", "hash": "bb1f09efc3e79aaad2e1d97dd345ac23e647d240", "best_bid": "0.32", "best_ask": "0.41"}], "timestamp": "1769384546409", "event_type": "price_change"}}
{"_local_timestamp": "2026-01-25T23:42:26.551594+00:00", "data": {"market": "0x0cc58400b196e6a24c07e46216926a171d3ce9492bbee95efdceffc938bdedea", "price_changes": [{"asset_id": "106297344999606524619975861233481901491196900479248484006204573976987088168080", "price": "0.48", "size": "851.25", "side": "BUY", "hash": "acead109dbb15f7b5a2ee6b66ebab6d2e5eafe0a", "best_bid": "0.5", "best_ask": "0.57"}, {"asset_id": "103892935187735588002079244543829871143734402451214370888220312321850546195147", "price": "0.52", "size": "851.25", "side": "SELL", "hash": "008a21e2447b352efa2ae7af09f80fc36fec212f", "best_bid": "0.43", "best_ask": "0.5"}], "timestamp": "1769384546411", "event_type": "price_change"}}
{"_local_timestamp": "2026-01-25T23:42:26.557115+00:00", "data": {"market": "0x0cc58400b196e6a24c07e46216926a171d3ce9492bbee95efdceffc938bdedea", "price_changes": [{"asset_id": "103892935187735588002079244543829871143734402451214370888220312321850546195147", "price": "0.42", "size": "1490.11", "side": "BUY", "hash": "5317965798c3c28437e7c049f3a6a6ccec1daaec", "best_bid": "0.43", "best_ask": "0.5"}, {"asset_id": "106297344999606524619975861233481901491196900479248484006204573976987088168080", "price": "0.58", "size": "1490.11", "side": "SELL", "hash": "c00d72b5ccc014cca3ced74828a662b51309ab19", "best_bid": "0.5", "best_ask": "0.57"}], "timestamp": "1769384546412", "event_type": "price_change"}}
{"_local_timestamp": "2026-01-25T23:42:26.558231+00:00", "data": {"market": "0x43d148dca6b5e193615bc282f12d374e37cffc1c045171c2836d6dde45c394d5", "price_changes": [{"asset_id": "84261748973839098909278543067609198849881883339355739146851991526281884423186", "price": "0.48", "size": "851.25", "side": "BUY", "hash": "80de1d333104f51cc00e8ee4c15a10100144aa33", "best_bid": "0.5", "best_ask": "0.57"}, {"asset_id": "79739222626158755260103198595270213615580878636601163847435278985375776200437", "price": "0.52", "size": "851.25", "side": "SELL", "hash": "2bc7693582863f65eac5b6d4706e56505e2e7f40", "best_bid": "0.43", "best_ask": "0.5"}], "timestamp": "1769384546413", "event_type": "price_change"}}
{"_local_timestamp": "2026-01-25T23:42:26.559221+00:00", "data": {"market": "0xdbcbdd0aba143b1538c42910f4962cba415c41e8172aa898293a58715a903140", "price_changes": [{"asset_id": "13953427897363360093923369640067938780436829137816775422711279451005325016519", "price": "0.48", "size": "1490.11", "side": "BUY", "hash": "4bd9c00049862cce5b65f657a1c04ba2a17d033f", "best_bid": "0.55", "best_ask": "0.57"}, {"asset_id": "107048767717531378423338558261379705549108116073087439799584367130482443586041", "price": "0.52", "size": "1490.11", "side": "SELL", "hash": "8cbb29d2bbd20c2050f606f6319bf953604b06e4", "best_bid": "0.43", "best_ask": "0.45"}], "timestamp": "1769384546414", "event_type": "price_change"}}
{"_local_timestamp": "2026-01-25T23:42:26.562994+00:00", "data": {"market": "0xdbcbdd0aba143b1538c42910f4962cba415c41e8172aa898293a58715a903140", "price_changes": [{"asset_id": "107048767717531378423338558261379705549108116073087439799584367130482443586041", "price": "0.42", "size": "1390.11", "side": "BUY", "hash": "f1ada88838164af29d2da4442c96a5ba2b19f820", "best_bid": "0.43", "best_ask": "0.45"}, {"asset_id": "13953427897363360093923369640067938780436829137816775422711279451005325016519", "price": "0.58", "size": "1390.11", "side": "SELL", "hash": "a4a73e1b1109e248d6676fc90dc5d2128539e73d", "best_bid": "0.55", "best_ask": "0.57"}], "timestamp": "1769384546418", "event_type": "price_change"}}
{"_local_timestamp": "2026-01-25T23:42:26.580780+00:00", "data": {"market": "0x4260fd74c0400e17c72dbfe2cb50d40e64cc952711c689c4c154db783e56f798", "price_changes": [{"asset_id": "38256422075420257611543750663316775352355424361144872713559169529809539533140", "price": "0.53", "size": "471", "side": "BUY", "hash": "5461c11f86ac9db5d4f21088c88f907d964d79a5", "best_bid": "0.57", "best_ask": "0.6"}, {"asset_id": "98008879832544295493967179396946153274843117470039437863149285869039121363519", "price": "0.47", "size": "471", "side": "SELL", "hash": "7b12299edf936f41bc6646818bfd59d49920b304", "best_bid": "0.4", "best_ask": "0.43"}], "timestamp": "1769384546437", "event_type": "price_change"}}
{"_local_timestamp": "2026-01-25T23:42:26.887203+00:00", "data": {"market": "0x0cc58400b196e6a24c07e46216926a171d3ce9492bbee95efdceffc938bdedea", "price_changes": [{"asset_id": "103892935187735588002079244543829871143734402451214370888220312321850546195147", "price": "0.41", "size": "1147.86", "side": "BUY", "hash": "14e3be3e97ebe8abcfbfd18962195d08f2643a94", "best_bid": "0.43", "best_ask": "0.5"}, {"asset_id": "106297344999606524619975861233481901491196900479248484006204573976987088168080", "price": "0.59", "size": "1147.86", "side": "SELL", "hash": "8d3c65d19d8635f593c527cae1be25d14b30b944", "best_bid": "0.5", "best_ask": "0.57"}], "timestamp": "1769384546746", "event_type": "price_change"}}
{"_local_timestamp": "2026-01-25T23:42:26.912425+00:00", "data": {"market": "0x43d148dca6b5e193615bc282f12d374e37cffc1c045171c2836d6dde45c394d5", "price_changes": [{"asset_id": "79739222626158755260103198595270213615580878636601163847435278985375776200437", "price": "0.41", "size": "1147.86", "side": "BUY", "hash": "59e72cef915419d18873b7b35a8d0f2e5a93003b", "best_bid": "0.43", "best_ask": "0.5"}, {"asset_id": "84261748973839098909278543067609198849881883339355739146851991526281884423186", "price": "0.59", "size": "1147.86", "side": "SELL", "hash": "9acec1fb1c414fa537491067363d330b48919897", "best_bid": "0.5", "best_ask": "0.57"}], "timestamp": "1769384546785", "event_type": "price_change"}}
{"_local_timestamp": "2026-01-25T23:42:26.915965+00:00", "data": {"market": "0x4ce40c95f8e904a736ed89ad7b9202f4c220ebb1862656a788a6da4116b0f434", "price_changes": [{"asset_id": "88338165865701386495217719036982962389406686302689056195151063072644378301708", "price": "0.03", "size": "2027.15", "side": "BUY", "hash": "9d90f2d3b825638237ee267bafea797a7d2d0861", "best_bid": "0.32", "best_ask": "0.41"}, {"asset_id": "13906548632296892964125125203698575597202048155370793959834691274541212923753", "price": "0.97", "size": "2027.15", "side": "SELL", "hash": "a033fcb744406c89b2887b2702b446aa826e979f", "best_bid": "0.59", "best_ask": "0.68"}], "timestamp": "1769384546785", "event_type": "price_change"}}
{"_local_timestamp": "2026-01-25T23:42:26.917002+00:00", "data": {"market": "0x4ce40c95f8e904a736ed89ad7b9202f4c220ebb1862656a788a6da4116b0f434", "price_changes": [{"asset_id": "88338165865701386495217719036982962389406686302689056195151063072644378301708", "price": "0.03", "size": "2917.26", "side": "BUY", "hash": "eb5fda1ffaea64534115e46781715a8ae342124d", "best_bid": "0.32", "best_ask": "0.41"}, {"asset_id": "13906548632296892964125125203698575597202048155370793959834691274541212923753", "price": "0.97", "size": "2917.26", "side": "SELL", "hash": "15c61f23db237a570bf63c7b9acd2466deaae6f3", "best_bid": "0.59", "best_ask": "0.68"}], "timestamp": "1769384546788", "event_type": "price_change"}}
{"_local_timestamp": "2026-01-25T23:42:27.800127+00:00", "data": {"market": "0x4260fd74c0400e17c72dbfe2cb50d40e64cc952711c689c4c154db783e56f798", "price_changes": [{"asset_id": "38256422075420257611543750663316775352355424361144872713559169529809539533140", "price": "0.53", "size": "0", "side": "BUY", "hash": "92cbe250483200e5d58dacb6fe2f92a063f606cd", "best_bid": "0.57", "best_ask": "0.6"}, {"asset_id": "98008879832544295493967179396946153274843117470039437863149285869039121363519", "price": "0.47", "size": "0", "side": "SELL", "hash": "cebafb95be9f400c75d04e5fce436b984b4e93dc", "best_bid": "0.4", "best_ask": "0.43"}], "timestamp": "1769384547654", "event_type": "price_change"}}
{"_local_timestamp": "2026-01-25T23:42:27.821121+00:00", "data": {"market": "0x4260fd74c0400e17c72dbfe2cb50d40e64cc952711c689c4c154db783e56f798", "price_changes": [{"asset_id": "38256422075420257611543750663316775352355424361144872713559169529809539533140", "price": "0.52", "size": "1370.11", "side": "BUY", "hash": "bf79fe8b81c19d7decd78699754907593a3fee93", "best_bid": "0.57", "best_ask": "0.6"}, {"asset_id": "98008879832544295493967179396946153274843117470039437863149285869039121363519", "price": "0.48", "size": "1370.11", "side": "SELL", "hash": "50544e3b7a9b234bad32b7453aed12fd2091aa5f", "best_bid": "0.4", "best_ask": "0.43"}], "timestamp": "1769384547683", "event_type": "price_change"}}
{"_local_timestamp": "2026-01-25T23:43:07.625662+00:00", "data": {"market": "0x4ce40c95f8e904a736ed89ad7b9202f4c220ebb1862656a788a6da4116b0f434", "price_changes": [{"asset_id": "13906548632296892964125125203698575597202048155370793959834691274541212923753", "price": "0.64", "size": "336.36", "side": "BUY", "hash": "83d9b43ea38e5eb81effb73b076c5c6153a2d9fe", "best_bid": "0.64", "best_ask": "0.68"}, {"asset_id": "88338165865701386495217719036982962389406686302689056195151063072644378301708", "price": "0.36", "size": "336.36", "side": "SELL", "hash": "ddcebc82b482852017b1d324118c3629058575a6", "best_bid": "0.32", "best_ask": "0.36"}], "timestamp": "1769384587487", "event_type": "price_change"}}
{"_local_timestamp": "2026-01-25T23:43:07.714465+00:00", "data": {"market": "0x4ce40c95f8e904a736ed89ad7b9202f4c220ebb1862656a788a6da4116b0f434", "price_changes": [{"asset_id": "88338165865701386495217719036982962389406686302689056195151063072644378301708", "price": "0.02", "size": "4157.32", "side": "BUY", "hash": "8c79fa69ae3873a19e39bdc33cb48519191de09f", "best_bid": "0.32", "best_ask": "0.36"}, {"asset_id": "13906548632296892964125125203698575597202048155370793959834691274541212923753", "price": "0.98", "size": "4157.32", "side": "SELL", "hash": "da0229804cb040dde12f0cb229b8f21f90870765", "best_bid": "0.64", "best_ask": "0.68"}], "timestamp": "1769384587579", "event_type": "price_change"}}
{"_local_timestamp": "2026-01-25T23:43:07.716168+00:00", "data": {"market": "0x4ce40c95f8e904a736ed89ad7b9202f4c220ebb1862656a788a6da4116b0f434", "price_changes": [{"asset_id": "88338165865701386495217719036982962389406686302689056195151063072644378301708", "price": "0.01", "size": "7238.97", "side": "BUY", "hash": "8c79fa69ae3873a19e39bdc33cb48519191de09f", "best_bid": "0.32", "best_ask": "0.36"}, {"asset_id": "13906548632296892964125125203698575597202048155370793959834691274541212923753", "price": "0.99", "size": "7238.97", "side": "SELL", "hash": "da0229804cb040dde12f0cb229b8f21f90870765", "best_bid": "0.64", "best_ask": "0.68"}], "timestamp": "1769384587579", "event_type": "price_change"}}
{"_local_timestamp": "2026-01-25T23:43:07.717529+00:00", "data": {"market": "0x4ce40c95f8e904a736ed89ad7b9202f4c220ebb1862656a788a6da4116b0f434", "price_changes": [{"asset_id": "88338165865701386495217719036982962389406686302689056195151063072644378301708", "price": "0.03", "size": "30.04", "side": "BUY", "hash": "8c79fa69ae3873a19e39bdc33cb48519191de09f", "best_bid": "0.32", "best_ask": "0.36"}, {"asset_id": "13906548632296892964125125203698575597202048155370793959834691274541212923753", "price": "0.97", "size": "30.04", "side": "SELL", "hash": "da0229804cb040dde12f0cb229b8f21f90870765", "best_bid": "0.64", "best_ask": "0.68"}], "timestamp": "1769384587579", "event_type": "price_change"}}
{"_local_timestamp": "2026-01-25T23:43:16.802335+00:00", "data": {"market": "0x4ce40c95f8e904a736ed89ad7b9202f4c220ebb1862656a788a6da4116b0f434", "price_changes": [{"asset_id": "13906548632296892964125125203698575597202048155370793959834691274541212923753", "price": "0.64", "size": "0", "side": "BUY", "hash": "303945e413a9d2ebd5de474c18134c5dc094a686", "best_bid": "0.59", "best_ask": "0.68"}, {"asset_id": "88338165865701386495217719036982962389406686302689056195151063072644378301708", "price": "0.36", "size": "0", "side": "SELL", "hash": "884d67bf3103cb517fae09ed739860fa3da806c1", "best_bid": "0.32", "best_ask": "0.41"}], "timestamp": "1769384596666", "event_type": "price_change"}}
{"_local_timestamp": "2026-01-25T23:43:21.115738+00:00", "data": {"market": "0x7a6a0bdbca0f14aba6a075f16e2929460c577e402d49223832ea373414d86285", "price_changes": [{"asset_id": "99743614043101531704574278172947847548340522383219653041367941449874574076965", "price": "0.66", "size": "1440.11", "side": "BUY", "hash": "8d4f2b84208340f1c7f344d05b4b6bb1a9725db7", "best_bid": "0.68", "best_ask": "0.77"}, {"asset_id": "25807461740977583955802291351608466332545389695244391615908120826816526760796", "price": "0.34", "size": "1440.11", "side": "SELL", "hash": "1bdaedc1b96a201c9189a618b46f027630555a4e", "best_bid": "0.23", "best_ask": "0.32"}], "timestamp": "1769384600998", "event_type": "price_change"}}
{"_local_timestamp": "2026-01-25T23:43:21.155119+00:00", "data": {"market": "0x7a6a0bdbca0f14aba6a075f16e2929460c577e402d49223832ea373414d86285", "price_changes": [{"asset_id": "99743614043101531704574278172947847548340522383219653041367941449874574076965", "price": "0.28", "size": "0", "side": "BUY", "hash": "add9d64ab45dd447a0b680495c7362eaf8ab65fb", "best_bid": "0.68", "best_ask": "0.77"}, {"asset_id": "25807461740977583955802291351608466332545389695244391615908120826816526760796", "price": "0.72", "size": "0", "side": "SELL", "hash": "7e361aa212ea51b7fba48012ee8dbf873b148ea2", "best_bid": "0.23", "best_ask": "0.32"}], "timestamp": "1769384601029", "event_type": "price_change"}}
{"_local_timestamp": "2026-01-25T23:43:21.156417+00:00", "data": {"market": "0x7a6a0bdbca0f14aba6a075f16e2929460c577e402d49223832ea373414d86285", "price_changes": [{"asset_id": "99743614043101531704574278172947847548340522383219653041367941449874574076965", "price": "0.27", "size": "200", "side": "BUY", "hash": "add9d64ab45dd447a0b680495c7362eaf8ab65fb", "best_bid": "0.68", "best_ask": "0.77"}, {"asset_id": "25807461740977583955802291351608466332545389695244391615908120826816526760796", "price": "0.73", "size": "200", "side": "SELL", "hash": "7e361aa212ea51b7fba48012ee8dbf873b148ea2", "best_bid": "0.23", "best_ask": "0.32"}], "timestamp": "1769384601029", "event_type": "price_change"}}
{"_local_timestamp": "2026-01-25T23:43:22.993042+00:00", "data": {"market": "0x4ce40c95f8e904a736ed89ad7b9202f4c220ebb1862656a788a6da4116b0f434", "price_changes": [{"asset_id": "88338165865701386495217719036982962389406686302689056195151063072644378301708", "price": "0.3", "size": "50", "side": "BUY", "hash": "5c43d5f6fc89f7395b05090169fd7c8bc75346b7", "best_bid": "0.32", "best_ask": "0.41"}, {"asset_id": "13906548632296892964125125203698575597202048155370793959834691274541212923753", "price": "0.7", "size": "50", "side": "SELL", "hash": "00fb9f4e14e223f4816290aa6b97b7bb77c1f236", "best_bid": "0.59", "best_ask": "0.68"}], "timestamp": "1769384602881", "event_type": "price_change"}}
{"_local_timestamp": "2026-01-25T23:44:07.804739+00:00", "data": {"market": "0x4ce40c95f8e904a736ed89ad7b9202f4c220ebb1862656a788a6da4116b0f434", "price_changes": [{"asset_id": "13906548632296892964125125203698575597202048155370793959834691274541212923753", "price": "0.64", "size": "336.36", "side": "BUY", "hash": "f0a66bcc19eb537784328a3c8f91ec1cb6dd577e", "best_bid": "0.64", "best_ask": "0.68"}, {"asset_id": "88338165865701386495217719036982962389406686302689056195151063072644378301708", "price": "0.36", "size": "336.36", "side": "SELL", "hash": "c03f32f69dfd0aaec848720181fd56e0cb330a1c", "best_bid": "0.32", "best_ask": "0.36"}], "timestamp": "1769384647670", "event_type": "price_change"}}
{"_local_timestamp": "2026-01-25T23:44:16.999608+00:00", "data": {"market": "0x4ce40c95f8e904a736ed89ad7b9202f4c220ebb1862656a788a6da4116b0f434", "price_changes": [{"asset_id": "13906548632296892964125125203698575597202048155370793959834691274541212923753", "price": "0.64", "size": "0", "side": "BUY", "hash": "4324c5b96ec4008e594c019f143b304a2e70de78", "best_bid": "0.59", "best_ask": "0.68"}, {"asset_id": "88338165865701386495217719036982962389406686302689056195151063072644378301708", "price": "0.36", "size": "0", "side": "SELL", "hash": "17b6148114bd2717aa112a5a53cf31aee70f6c5a", "best_bid": "0.32", "best_ask": "0.41"}], "timestamp": "1769384656921", "event_type": "price_change"}}
{"_local_timestamp": "2026-01-25T23:44:26.073319+00:00", "data": {"market": "0xdbcbdd0aba143b1538c42910f4962cba415c41e8172aa898293a58715a903140", "price_changes": [{"asset_id": "13953427897363360093923369640067938780436829137816775422711279451005325016519", "price": "0.48", "size": "990.11", "side": "BUY", "hash": "cceaf73d04d57c2804cdf33816cd5d7c4abe39ac", "best_bid": "0.55", "best_ask": "0.57"}, {"asset_id": "107048767717531378423338558261379705549108116073087439799584367130482443586041", "price": "0.52", "size": "990.11", "side": "SELL", "hash": "54634480090712b0adf18d4fd17e2a8e170f37e1", "best_bid": "0.43", "best_ask": "0.45"}], "timestamp": "1769384666000", "event_type": "price_change"}}
{"_local_timestamp": "2026-01-25T23:44:26.080966+00:00", "data": {"market": "0x43d148dca6b5e193615bc282f12d374e37cffc1c045171c2836d6dde45c394d5", "price_changes": [{"asset_id": "84261748973839098909278543067609198849881883339355739146851991526281884423186", "price": "0.48", "size": "351.25", "side": "BUY", "hash": "c9dea910dc78697c402989a7d035abb37582f176", "best_bid": "0.5", "best_ask": "0.57"}, {"asset_id": "79739222626158755260103198595270213615580878636601163847435278985375776200437", "price": "0.52", "size": "351.25", "side": "SELL", "hash": "30048a6050339153dcef965e0afe642fda8358a9", "best_bid": "0.43", "best_ask": "0.5"}], "timestamp": "1769384666000", "event_type": "price_change"}}
{"_local_timestamp": "2026-01-25T23:44:26.086316+00:00", "data": {"market": "0x4ce40c95f8e904a736ed89ad7b9202f4c220ebb1862656a788a6da4116b0f434", "price_changes": [{"asset_id": "88338165865701386495217719036982962389406686302689056195151063072644378301708", "price": "0.31", "size": "990.11", "side": "BUY", "hash": "64469c266090b711ac053aa19e11f121c629c119", "best_bid": "0.32", "best_ask": "0.41"}, {"asset_id": "13906548632296892964125125203698575597202048155370793959834691274541212923753", "price": "0.69", "size": "990.11", "side": "SELL", "hash": "fdfa6762651dcc93637fabaa83444db0de6ebeea", "best_bid": "0.59", "best_ask": "0.68"}], "timestamp": "1769384666001", "event_type": "price_change"}}
{"_local_timestamp": "2026-01-25T23:44:26.087267+00:00", "data": {"market": "0xdbcbdd0aba143b1538c42910f4962cba415c41e8172aa898293a58715a903140", "price_changes": [{"asset_id": "107048767717531378423338558261379705549108116073087439799584367130482443586041", "price": "0.42", "size": "890.11", "side": "BUY", "hash": "60a5ed09654c0d96ae6083aefc2e531cea1968e0", "best_bid": "0.43", "best_ask": "0.45"}, {"asset_id": "13953427897363360093923369640067938780436829137816775422711279451005325016519", "price": "0.58", "size": "890.11", "side": "SELL", "hash": "0dfbea4aff6e4282b61b460099fc4709888dfdd5", "best_bid": "0.55", "best_ask": "0.57"}], "timestamp": "1769384666002", "event_type": "price_change"}}
{"_local_timestamp": "2026-01-25T23:44:26.088196+00:00", "data": {"market": "0x4260fd74c0400e17c72dbfe2cb50d40e64cc952711c689c4c154db783e56f798", "price_changes": [{"asset_id": "98008879832544295493967179396946153274843117470039437863149285869039121363519", "price": "0.4", "size": "1128.71", "side": "BUY", "hash": "68f36c8730cd8ea5d4c4d3affcdfca739d28ae1b", "best_bid": "0.4", "best_ask": "0.43"}, {"asset_id": "38256422075420257611543750663316775352355424361144872713559169529809539533140", "price": "0.6", "size": "1128.71", "side": "SELL", "hash": "bc568a6a656b726df7888ca0aecf3eb5ecb44dce", "best_bid": "0.57", "best_ask": "0.6"}], "timestamp": "1769384666002", "event_type": "price_change"}}
{"_local_timestamp": "2026-01-25T23:44:26.089126+00:00", "data": {"market": "0x43d148dca6b5e193615bc282f12d374e37cffc1c045171c2836d6dde45c394d5", "price_changes": [{"asset_id": "79739222626158755260103198595270213615580878636601163847435278985375776200437", "price": "0.42", "size": "990.11", "side": "BUY", "hash": "f47121247e8eb3e68959427b9f4077df02a1be71", "best_bid": "0.43", "best_ask": "0.5"}, {"asset_id": "84261748973839098909278543067609198849881883339355739146851991526281884423186", "price": "0.58", "size": "990.11", "side": "SELL", "hash": "110e6578c36c5f974a625ef76ba529ffc223ee66", "best_bid": "0.5", "best_ask": "0.57"}], "timestamp": "1769384666002", "event_type": "price_change"}}
{"_local_timestamp": "2026-01-25T23:44:26.091948+00:00", "data": {"market": "0x4ce40c95f8e904a736ed89ad7b9202f4c220ebb1862656a788a6da4116b0f434", "price_changes": [{"asset_id": "13906548632296892964125125203698575597202048155370793959834691274541212923753", "price": "0.57", "size": "890.11", "side": "BUY", "hash": "9e0cfff99447354f41f9306ed4d314d84994afb2", "best_bid": "0.59", "best_ask": "0.68"}, {"asset_id": "88338165865701386495217719036982962389406686302689056195151063072644378301708", "price": "0.43", "size": "890.11", "side": "SELL", "hash": "95b8d9c6e61212cf22868c7de7f5f7a4c5e1edf2", "best_bid": "0.32", "best_ask": "0.41"}], "timestamp": "1769384666002", "event_type": "price_change"}}
{"_local_timestamp": "2026-01-25T23:44:26.092911+00:00", "data": {"market": "0x7a6a0bdbca0f14aba6a075f16e2929460c577e402d49223832ea373414d86285", "price_changes": [{"asset_id": "99743614043101531704574278172947847548340522383219653041367941449874574076965", "price": "0.66", "size": "940.11", "side": "BUY", "hash": "b1ed3e43550c562c1c62f447c4f5a8979bc94afe", "best_bid": "0.68", "best_ask": "0.77"}, {"asset_id": "25807461740977583955802291351608466332545389695244391615908120826816526760796", "price": "0.34", "size": "940.11", "side": "SELL", "hash": "744ba0912c1393c898920f7648b6cbbc9e5d5020", "best_bid": "0.23", "best_ask": "0.32"}], "timestamp": "1769384666002", "event_type": "price_change"}}
{"_local_timestamp": "2026-01-25T23:44:26.093963+00:00", "data": {"market": "0x4260fd74c0400e17c72dbfe2cb50d40e64cc952711c689c4c154db783e56f798", "price_changes": [{"asset_id": "38256422075420257611543750663316775352355424361144872713559169529809539533140", "price": "0.5", "size": "1289.97", "side": "BUY", "hash": "03ac9b4e28d2dded46c22dce4cfaf484542d2b67", "best_bid": "0.57", "best_ask": "0.6"}, {"asset_id": "98008879832544295493967179396946153274843117470039437863149285869039121363519", "price": "0.5", "size": "1289.97", "side": "SELL", "hash": "eb0c0800a1c8dda52e8c23da3f7d019590a563c1", "best_bid": "0.4", "best_ask": "0.43"}], "timestamp": "1769384666003", "event_type": "price_change"}}
{"_local_timestamp": "2026-01-25T23:44:26.096542+00:00", "data": {"market": "0x0cc58400b196e6a24c07e46216926a171d3ce9492bbee95efdceffc938bdedea", "price_changes": [{"asset_id": "103892935187735588002079244543829871143734402451214370888220312321850546195147", "price": "0.42", "size": "990.11", "side": "BUY", "hash": "e77550e2df9b6946cc82a82db9dc7cb9bf78f656", "best_bid": "0.43", "best_ask": "0.5"}, {"asset_id": "106297344999606524619975861233481901491196900479248484006204573976987088168080", "price": "0.58", "size": "990.11", "side": "SELL", "hash": "9ac857216ed1077214a4e03b2f0712bd2fb82b4d", "best_bid": "0.5", "best_ask": "0.57"}], "timestamp": "1769384666002", "event_type": "price_change"}}
{"_local_timestamp": "2026-01-25T23:44:26.207915+00:00", "data": {"market": "0x0cc58400b196e6a24c07e46216926a171d3ce9492bbee95efdceffc938bdedea", "price_changes": [{"asset_id": "106297344999606524619975861233481901491196900479248484006204573976987088168080", "price": "0.48", "size": "351.25", "side": "BUY", "hash": "e56e069fd8b60bd7fefc2616dad7576f32174aee", "best_bid": "0.5", "best_ask": "0.57"}, {"asset_id": "103892935187735588002079244543829871143734402451214370888220312321850546195147", "price": "0.52", "size": "351.25", "side": "SELL", "hash": "3310c6559091ca35fdffd37f88875c6382c86e02", "best_bid": "0.43", "best_ask": "0.5"}], "timestamp": "1769384666005", "event_type": "price_change"}}
{"_local_timestamp": "2026-01-25T23:44:26.208908+00:00", "data": {"market": "0x7a6a0bdbca0f14aba6a075f16e2929460c577e402d49223832ea373414d86285", "price_changes": [{"asset_id": "25807461740977583955802291351608466332545389695244391615908120826816526760796", "price": "0.23", "size": "0", "side": "BUY", "hash": "756e62377a184c73ad877a80fbc034e060d09353", "best_bid": "0.22", "best_ask": "0.32"}, {"asset_id": "99743614043101531704574278172947847548340522383219653041367941449874574076965", "price": "0.77", "size": "0", "side": "SELL", "hash": "e19844e175cb15518d24d0349e4e2973ba7d23f8", "best_bid": "0.68", "best_ask": "0.78"}], "timestamp": "1769384666004", "event_type": "price_change"}}
{"_local_timestamp": "2026-01-25T23:44:26.209857+00:00", "data": {"market": "0xdbcbdd0aba143b1538c42910f4962cba415c41e8172aa898293a58715a903140", "price_changes": [{"asset_id": "13953427897363360093923369640067938780436829137816775422711279451005325016519", "price": "0.02", "size": "5047.43", "side": "BUY", "hash": "695d3880907d02d4d98ea29345cfa0a42f368c21", "best_bid": "0.55", "best_ask": "0.57"}, {"asset_id": "107048767717531378423338558261379705549108116073087439799584367130482443586041", "price": "0.98", "size": "5047.43", "side": "SELL", "hash": "65ef713ad9807a5f796c9a71d156d54ef4ad0e23", "best_bid": "0.43", "best_ask": "0.45"}], "timestamp": "1769384666067", "event_type": "price_change"}}
{"_local_timestamp": "2026-01-25T23:44:26.210756+00:00", "data": {"market": "0xdbcbdd0aba143b1538c42910f4962cba415c41e8172aa898293a58715a903140", "price_changes": [{"asset_id": "13953427897363360093923369640067938780436829137816775422711279451005325016519", "price": "0.01", "size": "8174.43", "side": "BUY", "hash": "b73f991e0ce061d7974a28f773f4929280dcfb21", "best_bid": "0.55", "best_ask": "0.57"}, {"asset_id": "107048767717531378423338558261379705549108116073087439799584367130482443586041", "price": "0.99", "size": "8174.43", "side": "SELL", "hash": "f03f60ae44ec9f6b95a91870f83c78e9f4ffddfb", "best_bid": "0.43", "best_ask": "0.45"}], "timestamp": "1769384666068", "event_type": "price_change"}}
{"_local_timestamp": "2026-01-25T23:44:26.244146+00:00", "data": {"market": "0x43d148dca6b5e193615bc282f12d374e37cffc1c045171c2836d6dde45c394d5", "price_changes": [{"asset_id": "79739222626158755260103198595270213615580878636601163847435278985375776200437", "price": "0.41", "size": "257.75", "side": "BUY", "hash": "fd35176b53a0bbd7a1267553156baa20fa7f4889", "best_bid": "0.43", "best_ask": "0.5"}, {"asset_id": "84261748973839098909278543067609198849881883339355739146851991526281884423186", "price": "0.59", "size": "257.75", "side": "SELL", "hash": "637bdb7dafa7203682e2141897e7d09b4e8d844b", "best_bid": "0.5", "best_ask": "0.57"}], "timestamp": "1769384666115", "event_type": "price_change"}}
{"_local_timestamp": "2026-01-25T23:44:26.245304+00:00", "data": {"market": "0xdbcbdd0aba143b1538c42910f4962cba415c41e8172aa898293a58715a903140", "price_changes": [{"asset_id": "107048767717531378423338558261379705549108116073087439799584367130482443586041", "price": "0.02", "size": "4157.32", "side": "BUY", "hash": "2533524bc3fd8c61df62c276f17cff6a89b89d0b", "best_bid": "0.43", "best_ask": "0.45"}, {"asset_id": "13953427897363360093923369640067938780436829137816775422711279451005325016519", "price": "0.98", "size": "4157.32", "side": "SELL", "hash": "2b50eda3cee543ef624a588d83980b4c9b1bca34", "best_bid": "0.55", "best_ask": "0.57"}], "timestamp": "1769384666115", "event_type": "price_change"}}
{"_local_timestamp": "2026-01-25T23:44:26.246257+00:00", "data": {"market": "0xdbcbdd0aba143b1538c42910f4962cba415c41e8172aa898293a58715a903140", "price_changes": [{"asset_id": "107048767717531378423338558261379705549108116073087439799584367130482443586041", "price": "0.01", "size": "7284.13", "side": "BUY", "hash": "2533524bc3fd8c61df62c276f17cff6a89b89d0b", "best_bid": "0.43", "best_ask": "0.45"}, {"asset_id": "13953427897363360093923369640067938780436829137816775422711279451005325016519", "price": "0.99", "size": "7284.13", "side": "SELL", "hash": "2b50eda3cee543ef624a588d83980b4c9b1bca34", "best_bid": "0.55", "best_ask": "0.57"}], "timestamp": "1769384666115", "event_type": "price_change"}}
{"_local_timestamp": "2026-01-25T23:44:26.247194+00:00", "data": {"market": "0x4ce40c95f8e904a736ed89ad7b9202f4c220ebb1862656a788a6da4116b0f434", "price_changes": [{"asset_id": "88338165865701386495217719036982962389406686302689056195151063072644378301708", "price": "0.02", "size": "5047.43", "side": "BUY", "hash": "6804ba941b14362079557f31c47eda8030701254", "best_bid": "0.32", "best_ask": "0.41"}, {"asset_id": "13906548632296892964125125203698575597202048155370793959834691274541212923753", "price": "0.98", "size": "5047.43", "side": "SELL", "hash": "057a12d9160ee7b68198a1b231dd12a6163ec2f9", "best_bid": "0.59", "best_ask": "0.68"}], "timestamp": "1769384666129", "event_type": "price_change"}}
{"_local_timestamp": "2026-01-25T23:44:26.248106+00:00", "data": {"market": "0x4ce40c95f8e904a736ed89ad7b9202f4c220ebb1862656a788a6da4116b0f434", "price_changes": [{"asset_id": "88338165865701386495217719036982962389406686302689056195151063072644378301708", "price": "0.01", "size": "8129.08", "side": "BUY", "hash": "0ad2310180bcfbe4999c0b040035714c2a9ab199", "best_bid": "0.32", "best_ask": "0.41"}, {"asset_id": "13906548632296892964125125203698575597202048155370793959834691274541212923753", "price": "0.99", "size": "8129.08", "side": "SELL", "hash": "abbe91bdb4d37a049eb22afa93edab86a890f040", "best_bid": "0.59", "best_ask": "0.68"}], "timestamp": "1769384666129", "event_type": "price_change"}}
{"_local_timestamp": "2026-01-25T23:44:26.252187+00:00", "data": {"market": "0xdbcbdd0aba143b1538c42910f4962cba415c41e8172aa898293a58715a903140", "price_changes": [{"asset_id": "107048767717531378423338558261379705549108116073087439799584367130482443586041", "price": "0.03", "size": "896.74", "side": "BUY", "hash": "a8f961c6c1dfb7e6a23d1aeb3a1ee8c0ae673566", "best_bid": "0.43", "best_ask": "0.45"}, {"asset_id": "13953427897363360093923369640067938780436829137816775422711279451005325016519", "price": "0.97", "size": "896.74", "side": "SELL", "hash": "3eec5f7a128b6b5745146a509d83c77f5ed72a2b", "best_bid": "0.55", "best_ask": "0.57"}], "timestamp": "1769384666181", "event_type": "price_change"}}
{"_local_timestamp": "2026-01-25T23:44:26.253240+00:00", "data": {"market": "0xdbcbdd0aba143b1538c42910f4962cba415c41e8172aa898293a58715a903140", "price_changes": [{"asset_id": "107048767717531378423338558261379705549108116073087439799584367130482443586041", "price": "0.03", "size": "2893.85", "side": "BUY", "hash": "4d6424578b7562542029702569a844d961f5dee0", "best_bid": "0.43", "best_ask": "0.45"}, {"asset_id": "13953427897363360093923369640067938780436829137816775422711279451005325016519", "price": "0.97", "size": "2893.85", "side": "SELL", "hash": "a3d7f58bdf2f0753f06639352f69ff945810618f", "best_bid": "0.55", "best_ask": "0.57"}], "timestamp": "1769384666182", "event_type": "price_change"}}
{"_local_timestamp": "2026-01-25T23:44:26.300652+00:00", "data": {"market": "0xdbcbdd0aba143b1538c42910f4962cba415c41e8172aa898293a58715a903140", "price_changes": [{"asset_id": "107048767717531378423338558261379705549108116073087439799584367130482443586041", "price": "0.03", "size": "4163.95", "side": "BUY", "hash": "5fa6782e0745ae803e5f55828338ff72e8f5dbad", "best_bid": "0.43", "best_ask": "0.45"}, {"asset_id": "13953427897363360093923369640067938780436829137816775422711279451005325016519", "price": "0.97", "size": "4163.95", "side": "SELL", "hash": "dd38f455df1c873f779db8d832b351f5ca98e296", "best_bid": "0.55", "best_ask": "0.57"}], "timestamp": "1769384666228", "event_type": "price_change"}}
{"_local_timestamp": "2026-01-25T23:44:26.301850+00:00", "data": {"market": "0x4260fd74c0400e17c72dbfe2cb50d40e64cc952711c689c4c154db783e56f798", "price_changes": [{"asset_id": "38256422075420257611543750663316775352355424361144872713559169529809539533140", "price": "0.53", "size": "890.11", "side": "BUY", "hash": "292476115eb93274f7ba672693c04b7ae1a8f8bc", "best_bid": "0.57", "best_ask": "0.6"}, {"asset_id": "98008879832544295493967179396946153274843117470039437863149285869039121363519", "price": "0.47", "size": "890.11", "side": "SELL", "hash": "374fa8792b22d254efa1685957fb09bac4d9fdb5", "best_bid": "0.4", "best_ask": "0.43"}], "timestamp": "1769384666228", "event_type": "price_change"}}
{"_local_timestamp": "2026-01-25T23:44:26.303581+00:00", "data": {"market": "0x4260fd74c0400e17c72dbfe2cb50d40e64cc952711c689c4c154db783e56f798", "price_changes": [{"asset_id": "38256422075420257611543750663316775352355424361144872713559169529809539533140", "price": "0.51", "size": "100", "side": "BUY", "hash": "a09b2565582f23c03f849398488d7151c3d8bd7b", "best_bid": "0.57", "best_ask": "0.6"}, {"asset_id": "98008879832544295493967179396946153274843117470039437863149285869039121363519", "price": "0.49", "size": "100", "side": "SELL", "hash": "24936bd157ab1a278503e35bc46151b036f39dac", "best_bid": "0.4", "best_ask": "0.43"}], "timestamp": "1769384666232", "event_type": "price_change"}}
{"_local_timestamp": "2026-01-25T23:44:26.327523+00:00", "data": {"market": "0x4260fd74c0400e17c72dbfe2cb50d40e64cc952711c689c4c154db783e56f798", "price_changes": [{"asset_id": "38256422075420257611543750663316775352355424361144872713559169529809539533140", "price": "0.52", "size": "890.11", "side": "BUY", "hash": "da7760bf79d4f2944ea9a29e1048706b6cffb019", "best_bid": "0.57", "best_ask": "0.6"}, {"asset_id": "98008879832544295493967179396946153274843117470039437863149285869039121363519", "price": "0.48", "size": "890.11", "side": "SELL", "hash": "e41601a4ac0a235e283969e1b5df7beb4b0c72be", "best_bid": "0.4", "best_ask": "0.43"}], "timestamp": "1769384666256", "event_type": "price_change"}}
{"_local_timestamp": "2026-01-25T23:44:26.334422+00:00", "data": {"market": "0x43d148dca6b5e193615bc282f12d374e37cffc1c045171c2836d6dde45c394d5", "price_changes": [{"asset_id": "79739222626158755260103198595270213615580878636601163847435278985375776200437", "price": "0.41", "size": "1147.86", "side": "BUY", "hash": "fe1801731bfd69ab01c7ddcdc986d662ccffd130", "best_bid": "0.43", "best_ask": "0.5"}, {"asset_id": "84261748973839098909278543067609198849881883339355739146851991526281884423186", "price": "0.59", "size": "1147.86", "side": "SELL", "hash": "cbbd4c4d56a1bb8a12b766cc00197a4ec4976a1e", "best_bid": "0.5", "best_ask": "0.57"}], "timestamp": "1769384666263", "event_type": "price_change"}}
{"_local_timestamp": "2026-01-25T23:44:26.335447+00:00", "data": {"market": "0x7a6a0bdbca0f14aba6a075f16e2929460c577e402d49223832ea373414d86285", "price_changes": [{"asset_id": "99743614043101531704574278172947847548340522383219653041367941449874574076965", "price": "0.28", "size": "890.11", "side": "BUY", "hash": "d4d528fca6c844f52402f66852437dbbb84947dc", "best_bid": "0.68", "best_ask": "0.78"}, {"asset_id": "25807461740977583955802291351608466332545389695244391615908120826816526760796", "price": "0.72", "size": "890.11", "side": "SELL", "hash": "71da9b827bbe8a89f04807e633104fb4b582bf43", "best_bid": "0.22", "best_ask": "0.32"}], "timestamp": "1769384666264", "event_type": "price_change"}}
{"_local_timestamp": "2026-01-25T23:44:26.350834+00:00", "data": {"market": "0x4260fd74c0400e17c72dbfe2cb50d40e64cc952711c689c4c154db783e56f798", "price_changes": [{"asset_id": "38256422075420257611543750663316775352355424361144872713559169529809539533140", "price": "0.55", "size": "554", "side": "BUY", "hash": "ea4f63ac29868891bb66d5e27ce3ccdf2577cda2", "best_bid": "0.57", "best_ask": "0.6"}, {"asset_id": "98008879832544295493967179396946153274843117470039437863149285869039121363519", "price": "0.45", "size": "554", "side": "SELL", "hash": "3900ebb71659f58db45d325d0eb72252c4d2847a", "best_bid": "0.4", "best_ask": "0.43"}], "timestamp": "1769384666282", "event_type": "price_change"}}
{"_local_timestamp": "2026-01-25T23:44:26.370089+00:00", "data": {"market": "0x7a6a0bdbca0f14aba6a075f16e2929460c577e402d49223832ea373414d86285", "price_changes": [{"asset_id": "99743614043101531704574278172947847548340522383219653041367941449874574076965", "price": "0.27", "size": "1090.11", "side": "BUY", "hash": "9ae2dacbd9efb09028ada44d1ccd9b09a85f6f1c", "best_bid": "0.68", "best_ask": "0.78"}, {"asset_id": "25807461740977583955802291351608466332545389695244391615908120826816526760796", "price": "0.73", "size": "1090.11", "side": "SELL", "hash": "d31dd2a7d4a8816555a6c1d97cc3e2c27acbb817", "best_bid": "0.22", "best_ask": "0.32"}], "timestamp": "1769384666294", "event_type": "price_change"}}
{"_local_timestamp": "2026-01-25T23:44:27.198784+00:00", "data": {"market": "0x4260fd74c0400e17c72dbfe2cb50d40e64cc952711c689c4c154db783e56f798", "price_changes": [{"asset_id": "98008879832544295493967179396946153274843117470039437863149285869039121363519", "price": "0.4", "size": "2128.71", "side": "BUY", "hash": "3d22aed5e5ec78f107316d72675bfa7c6c5990d9", "best_bid": "0.4", "best_ask": "0.43"}, {"asset_id": "38256422075420257611543750663316775352355424361144872713559169529809539533140", "price": "0.6", "size": "2128.71", "side": "SELL", "hash": "8ee69c416498928da648a38c9071ad8410222c29", "best_bid": "0.57", "best_ask": "0.6"}], "timestamp": "1769384666911", "event_type": "price_change"}}
{"_local_timestamp": "2026-01-25T23:44:27.199908+00:00", "data": {"market": "0x4ce40c95f8e904a736ed89ad7b9202f4c220ebb1862656a788a6da4116b0f434", "price_changes": [{"asset_id": "88338165865701386495217719036982962389406686302689056195151063072644378301708", "price": "0.31", "size": "1490.11", "side": "BUY", "hash": "b0050fa7a1367513a4eaf9347ccafe9a8d42d57a", "best_bid": "0.32", "best_ask": "0.41"}, {"asset_id": "13906548632296892964125125203698575597202048155370793959834691274541212923753", "price": "0.69", "size": "1490.11", "side": "SELL", "hash": "080454bf8d4f835fae28e7aed6ab21657fa84ddb", "best_bid": "0.59", "best_ask": "0.68"}], "timestamp": "1769384666912", "event_type": "price_change"}}
{"_local_timestamp": "2026-01-25T23:44:27.200996+00:00", "data": {"market": "0x4ce40c95f8e904a736ed89ad7b9202f4c220ebb1862656a788a6da4116b0f434", "price_changes": [{"asset_id": "13906548632296892964125125203698575597202048155370793959834691274541212923753", "price": "0.57", "size": "1390.11", "side": "BUY", "hash": "ffa2cf486137ab6cdb96c3e35b7f787834bc6468", "best_bid": "0.59", "best_ask": "0.68"}, {"asset_id": "88338165865701386495217719036982962389406686302689056195151063072644378301708", "price": "0.43", "size": "1390.11", "side": "SELL", "hash": "6b21f2456c9e3e839fb2adfed86567799fb8ae57", "best_bid": "0.32", "best_ask": "0.41"}], "timestamp": "1769384666913", "event_type": "price_change"}}
{"_local_timestamp": "2026-01-25T23:44:27.202025+00:00", "data": {"market": "0x4260fd74c0400e17c72dbfe2cb50d40e64cc952711c689c4c154db783e56f798", "price_changes": [{"asset_id": "38256422075420257611543750663316775352355424361144872713559169529809539533140", "price": "0.5", "size": "2289.97", "side": "BUY", "hash": "31da2ff610327c789cee064d57dc2bfdcfb98a84", "best_bid": "0.57", "best_ask": "0.6"}, {"asset_id": "98008879832544295493967179396946153274843117470039437863149285869039121363519", "price": "0.5", "size": "2289.97", "side": "SELL", "hash": "f1a2063c3d06f4de18125681a399701a500a2b0f", "best_bid": "0.4", "best_ask": "0.43"}], "timestamp": "1769384666913", "event_type": "price_change"}}
{"_local_timestamp": "2026-01-25T23:44:27.203026+00:00", "data": {"market": "0x0cc58400b196e6a24c07e46216926a171d3ce9492bbee95efdceffc938bdedea", "price_changes": [{"asset_id": "103892935187735588002079244543829871143734402451214370888220312321850546195147", "price": "0.42", "size": "1490.11", "side": "BUY", "hash": "b9e5033d6780b541aca27925b794198f126f829b", "best_bid": "0.43", "best_ask": "0.5"}, {"asset_id": "106297344999606524619975861233481901491196900479248484006204573976987088168080", "price": "0.58", "size": "1490.11", "side": "SELL", "hash": "c49c06f09e827e808c1ebc14d5d20e0bb78a2cd2", "best_bid": "0.5", "best_ask": "0.57"}], "timestamp": "1769384666914", "event_type": "price_change"}}
{"_local_timestamp": "2026-01-25T23:44:27.204054+00:00", "data": {"market": "0x43d148dca6b5e193615bc282f12d374e37cffc1c045171c2836d6dde45c394d5", "price_changes": [{"asset_id": "79739222626158755260103198595270213615580878636601163847435278985375776200437", "price": "0.42", "size": "1490.11", "side": "BUY", "hash": "8bf863bb1d902c4a7c30f4c26711fb51930d9c98", "best_bid": "0.43", "best_ask": "0.5"}, {"asset_id": "84261748973839098909278543067609198849881883339355739146851991526281884423186", "price": "0.58", "size": "1490.11", "side": "SELL", "hash": "2f4bec075cc0e00272c7760690ab3a40ae205771", "best_bid": "0.5", "best_ask": "0.57"}], "timestamp": "1769384666915", "event_type": "price_change"}}
{"_local_timestamp": "2026-01-25T23:44:27.568657+00:00", "data": {"market": "0xdbcbdd0aba143b1538c42910f4962cba415c41e8172aa898293a58715a903140", "price_changes": [{"asset_id": "13953427897363360093923369640067938780436829137816775422711279451005325016519", "price": "0.48", "size": "1490.11", "side": "BUY", "hash": "7f6e2a96a135b8e40f4d7d0c1c50791ffa269c12", "best_bid": "0.55", "best_ask": "0.57"}, {"asset_id": "107048767717531378423338558261379705549108116073087439799584367130482443586041", "price": "0.52", "size": "1490.11", "side": "SELL", "hash": "b04528e611ecab8f3fae65f054a7145793d1f929", "best_bid": "0.43", "best_ask": "0.45"}], "timestamp": "1769384666916", "event_type": "price_change"}}
{"_local_timestamp": "2026-01-25T23:44:27.569853+00:00", "data": {"market": "0x7a6a0bdbca0f14aba6a075f16e2929460c577e402d49223832ea373414d86285", "price_changes": [{"asset_id": "25807461740977583955802291351608466332545389695244391615908120826816526760796", "price": "0.23", "size": "492", "side": "BUY", "hash": "24f983f64bf28405eafe6e860641d0bf55c64430", "best_bid": "0.23", "best_ask": "0.32"}, {"asset_id": "99743614043101531704574278172947847548340522383219653041367941449874574076965", "price": "0.77", "size": "492", "side": "SELL", "hash": "85f26c1d3aaacb6c74629d30de55ce609d2cbac0", "best_bid": "0.68", "best_ask": "0.77"}], "timestamp": "1769384666916", "event_type": "price_change"}}
{"_local_timestamp": "2026-01-25T23:44:27.820615+00:00", "data": {"market": "0x43d148dca6b5e193615bc282f12d374e37cffc1c045171c2836d6dde45c394d5", "price_changes": [{"asset_id": "84261748973839098909278543067609198849881883339355739146851991526281884423186", "price": "0.48", "size": "851.25", "side": "BUY", "hash": "73c459ff50bf113ff92e9da5371be1c21f10291c", "best_bid": "0.5", "best_ask": "0.57"}, {"asset_id": "79739222626158755260103198595270213615580878636601163847435278985375776200437", "price": "0.52", "size": "851.25", "side": "SELL", "hash": "1f181994310e9e7703b3a474ad2924b99ee3939d", "best_bid": "0.43", "best_ask": "0.5"}], "timestamp": "1769384666916", "event_type": "price_change"}}
{"_local_timestamp": "2026-01-25T23:44:27.821765+00:00", "data": {"market": "0x7a6a0bdbca0f14aba6a075f16e2929460c577e402d49223832ea373414d86285", "price_changes": [{"asset_id": "99743614043101531704574278172947847548340522383219653041367941449874574076965", "price": "0.66", "size": "1440.11", "side": "BUY", "hash": "494bc2be7e5834395cf9170620392409db3e1ff2", "best_bid": "0.68", "best_ask": "0.77"}, {"asset_id": "25807461740977583955802291351608466332545389695244391615908120826816526760796", "price": "0.34", "size": "1440.11", "side": "SELL", "hash": "881b4a539fad08b8e14f23a0a8022e951219cb65", "best_bid": "0.23", "best_ask": "0.32"}], "timestamp": "1769384666918", "event_type": "price_change"}}
{"_local_timestamp": "2026-01-25T23:44:27.822785+00:00", "data": {"market": "0xdbcbdd0aba143b1538c42910f4962cba415c41e8172aa898293a58715a903140", "price_changes": [{"asset_id": "107048767717531378423338558261379705549108116073087439799584367130482443586041", "price": "0.42", "size": "1390.11", "side": "BUY", "hash": "c1303d12b2f94088bb7d636238ff98524fc86d53", "best_bid": "0.43", "best_ask": "0.45"}, {"asset_id": "13953427897363360093923369640067938780436829137816775422711279451005325016519", "price": "0.58", "size": "1390.11", "side": "SELL", "hash": "72f41b2417a2bbccdd2603ab0d3e283046cec629", "best_bid": "0.55", "best_ask": "0.57"}], "timestamp": "1769384666919", "event_type": "price_change"}}
{"_local_timestamp": "2026-01-25T23:44:27.823766+00:00", "data": {"market": "0x0cc58400b196e6a24c07e46216926a171d3ce9492bbee95efdceffc938bdedea", "price_changes": [{"asset_id": "106297344999606524619975861233481901491196900479248484006204573976987088168080", "price": "0.48", "size": "851.25", "side": "BUY", "hash": "4995909feb57e700c5f69c6c6093d2e9bb78bb4a", "best_bid": "0.5", "best_ask": "0.57"}, {"asset_id": "103892935187735588002079244543829871143734402451214370888220312321850546195147", "price": "0.52", "size": "851.25", "side": "SELL", "hash": "23e769837ff93ae1639984437bdf647884e06b0c", "best_bid": "0.43", "best_ask": "0.5"}], "timestamp": "1769384666921", "event_type": "price_change"}}
{"_local_timestamp": "2026-01-25T23:44:54.699686+00:00", "data": {"market": "0x4ce40c95f8e904a736ed89ad7b9202f4c220ebb1862656a788a6da4116b0f434", "price_changes": [{"asset_id": "13906548632296892964125125203698575597202048155370793959834691274541212923753", "price": "0.2", "size": "0", "side": "BUY", "hash": "9b055fc598ed191a835b0785ea86506949a495b9", "best_bid": "0.59", "best_ask": "0.68"}, {"asset_id": "88338165865701386495217719036982962389406686302689056195151063072644378301708", "price": "0.8", "size": "0", "side": "SELL", "hash": "bf0e64220270008ffbf8940a0e8391ac3add799b", "best_bid": "0.32", "best_ask": "0.41"}], "timestamp": "1769384694590", "event_type": "price_change"}}
{"_local_timestamp": "2026-01-25T23:44:54.701020+00:00", "data": {"market": "0x4ce40c95f8e904a736ed89ad7b9202f4c220ebb1862656a788a6da4116b0f434", "price_changes": [{"asset_id": "13906548632296892964125125203698575597202048155370793959834691274541212923753", "price": "0.27", "size": "0", "side": "BUY", "hash": "9b055fc598ed191a835b0785ea86506949a495b9", "best_bid": "0.59", "best_ask": "0.68"}, {"asset_id": "88338165865701386495217719036982962389406686302689056195151063072644378301708", "price": "0.73", "size": "0", "side": "SELL", "hash": "bf0e64220270008ffbf8940a0e8391ac3add799b", "best_bid": "0.32", "best_ask": "0.41"}], "timestamp": "1769384694590", "event_type": "price_change"}}
{"_local_timestamp": "2026-01-25T23:44:54.731606+00:00", "data": {"market": "0x4ce40c95f8e904a736ed89ad7b9202f4c220ebb1862656a788a6da4116b0f434", "price_changes": [{"asset_id": "88338165865701386495217719036982962389406686302689056195151063072644378301708", "price": "0.02", "size": "4157.32", "side": "BUY", "hash": "0652307060f9a89c6d3fac6044eece24aa606ee9", "best_bid": "0.32", "best_ask": "0.41"}, {"asset_id": "13906548632296892964125125203698575597202048155370793959834691274541212923753", "price": "0.98", "size": "4157.32", "side": "SELL", "hash": "6937c2a9f52c9c7d6ec3ae9545828ef7780b8610", "best_bid": "0.59", "best_ask": "0.68"}], "timestamp": "1769384694620", "event_type": "price_change"}}
{"_local_timestamp": "2026-01-25T23:44:54.732680+00:00", "data": {"market": "0x4ce40c95f8e904a736ed89ad7b9202f4c220ebb1862656a788a6da4116b0f434", "price_changes": [{"asset_id": "88338165865701386495217719036982962389406686302689056195151063072644378301708", "price": "0.01", "size": "7238.97", "side": "BUY", "hash": "0652307060f9a89c6d3fac6044eece24aa606ee9", "best_bid": "0.32", "best_ask": "0.41"}, {"asset_id": "13906548632296892964125125203698575597202048155370793959834691274541212923753", "price": "0.99", "size": "7238.97", "side": "SELL", "hash": "6937c2a9f52c9c7d6ec3ae9545828ef7780b8610", "best_bid": "0.59", "best_ask": "0.68"}], "timestamp": "1769384694620", "event_type": "price_change"}}
{"_local_timestamp": "2026-01-25T23:45:07.596637+00:00", "data": {"market": "0x4ce40c95f8e904a736ed89ad7b9202f4c220ebb1862656a788a6da4116b0f434", "price_changes": [{"asset_id": "13906548632296892964125125203698575597202048155370793959834691274541212923753", "price": "0.64", "size": "336.36", "side": "BUY", "hash": "7a38122617530c36430548fa6a8de5fcdfd12068", "best_bid": "0.64", "best_ask": "0.68"}, {"asset_id": "88338165865701386495217719036982962389406686302689056195151063072644378301708", "price": "0.36", "size": "336.36", "side": "SELL", "hash": "559c93b06cfa2e26d54dd06c085d93379447257e", "best_bid": "0.32", "best_ask": "0.36"}], "timestamp": "1769384707525", "event_type": "price_change"}}
{"_local_timestamp": "2026-01-25T23:45:10.728133+00:00", "data": {"market": "0x21c1ab59854ef97db09389000f63690053a6f07a486919f5eeac2228d109b629", "price_changes": [{"asset_id": "26328826323371699730268026683550734751036975986867833370449077522996149735299", "price": "0.04", "size": "29.99", "side": "BUY", "hash": "00b33eff920108bd82f4081faf008bad032faf85", "best_bid": "0.04", "best_ask": "0.96"}, {"asset_id": "46994023305162989096207795496701719713724144516214350186122362509163110279703", "price": "0.96", "size": "29.99", "side": "SELL", "hash": "9c19caa7af03b26a3e7d432bea54da8714ff493d", "best_bid": "0.04", "best_ask": "0.96"}], "timestamp": "1769384710650", "event_type": "price_change"}}
