{"_local_timestamp": "2026-01-25T23:34:23.800678+00:00", "data": [{"market": "0x075644373ee9b10679b5d9c4133202c8f537206eeb456073f0147455ceb1ccfb", "asset_id": "96286079885758953696615284399030269817415728790134813853112424523816811502470", "timestamp": "1769384061841", "hash": "cfdfed88480cb64e2d74d9568c36b0f13348254c", "bids": [{"price": "0.01", "size": "280"}, {"price": "0.02", "size": "513.13"}, {"price": "0.03", "size": "1090.11"}, {"price": "0.04", "size": "896.05"}, {"price": "0.05", "size": "250"}, {"price": "0.06", "size": "8.32"}, {"price": "0.09", "size": "261"}], "asks": [{"price": "0.99", "size": "8888.8"}, {"price": "0.98", "size": "1000"}, {"price": "0.97", "size": "1100"}, {"price": "0.96", "size": "6.81"}, {"price": "0.93", "size": "1700"}, {"price": "0.9", "size": "300"}, {"price": "0.89", "size": "5.73"}, {"price": "0.88", "size": "700"}, {"price": "0.87", "size": "4157.32"}, {"price": "0.86", "size": "300"}, {"price": "0.67", "size": "300"}, {"price": "0.63", "size": "1090.11"}, {"price": "0.62", "size": "890.11"}, {"price": "0.6", "size": "125"}, {"price": "0.57", "size": "75"}, {"price": "0.5", "size": "10"}, {"price": "0.2", "size": "150"}, {"price": "0.19", "size": "56.73"}], "event_type": "book", "last_trade_price": "0.810"}, {"market": "0x075644373ee9b10679b5d9c4133202c8f537206eeb456073f0147455ceb1ccfb", "asset_id": "52615588191460470438968831832569300660020698058311540467884028012774443701200", "timestamp": "1769384061841", "hash": "2a029055630bfdaacfac58880b1d4541f6e491fc", "bids": [{"price": "0.01", "size": "8888.8"}, {"price": "0.02", "size": "1000"}, {"price": "0.03", "size": "1100"}, {"price": "0.04", "size": "6.81"}, {"price": "0.07", "size": "1700"}, {"price": "0.1", "size": "300"}, {"price": "0.11", "size": "5.73"}, {"price": "0.12", "size": "700"}, {"price": "0.13", "size": "4157.32"}, {"price": "0.14", "size": "300"}, {"price": "0.33", "size": "300"}, {"price": "0.37", "size": "1090.11"}, {"price": "0.38", "size": "890.11"}, {"price": "0.4", "size": "125"}, {"price": "0.43", "size": "75"}, {"price": "0.5", "size": "10"}, {"price": "0.8", "size": "150"}, {"price": "0.81", "size": "56.73"}], "asks": [{"price": "0.99", "size": "280"}, {"price": "0.98", "size": "513.13"}, {"price": "0.97", "size": "1090.11"}, {"price": "0.96", "size": "896.05"}, {"price": "0.95", "size": "250"}, {"price": "0.94", "size": "8.32"}, {"price": "0.91", "size": "261"}], "event_type": "book", "last_trade_price": "0.810"}]}
{"_local_timestamp": "2026-01-25T23:34:29.454780+00:00", "data": {"market": "0x075644373ee9b10679b5d9c4133202c8f537206eeb456073f0147455ceb1ccfb", "price_changes": [{"asset_id": "52615588191460470438968831832569300660020698058311540467884028012774443701200", "price": "0.12", "size": "600", "side": "BUY", "hash": "af507a650aa8ac035ff141d95829c32da8430034", "best_bid": "0.81", "best_ask": "0.91"}, {"asset_id": "96286079885758953696615284399030269817415728790134813853112424523816811502470", "price": "0.88", "size": "600", "side": "SELL", "hash": "21cec5e7d0504bcef9f5364a7b27a66080e349c6", "best_bid": "0.09", "best_ask": "0.19"}], "timestamp": "1769384069205", "event_type": "price_change"}}
{"_local_timestamp": "2026-01-25T23:34:29.721891+00:00", "data": {"market": "0x075644373ee9b10679b5d9c4133202c8f537206eeb456073f0147455ceb1ccfb", "price_changes": [{"asset_id": "52615588191460470438968831832569300660020698058311540467884028012774443701200", "price": "0.08", "size": "100", "side": "BUY", "hash": "78d9819d924a3f6b2f946ea44035c135c6f08818", "best_bid": "0.81", "best_ask": "0.91"}, {"asset_id": "96286079885758953696615284399030269817415728790134813853112424523816811502470", "price": "0.92", "size": "100", "side": "SELL", "hash": "f3391148fdef561ecbc96836865bd141841aac40", "best_bid": "0.09", "best_ask": "0.19"}], "timestamp": "1769384069496", "event_type": "price_change"}}
{"_local_timestamp": "2026-01-25T23:34:30.216856+00:00", "data": {"market": "0x075644373ee9b10679b5d9c4133202c8f537206eeb456073f0147455ceb1ccfb", "price_changes": [{"asset_id": "52615588191460470438968831832569300660020698058311540467884028012774443701200", "price": "0.12", "size": "200", "side": "BUY", "hash": "3e0d84573eccf7c0a7af251d6669d7becab0eb45", "best_bid": "0.81", "best_ask": "0.91"}, {"asset_id": "96286079885758953696615284399030269817415728790134813853112424523816811502470", "price": "0.88", "size": "200", "side": "SELL", "hash": "234275bc1db928b65ffe10006f88962b440ba6c5", "best_bid": "0.09", "best_ask": "0.19"}], "timestamp": "1769384069842", "event_type": "price_change"}}
{"_local_timestamp": "2026-01-25T23:34:30.217641+00:00", "data": {"market": "0x075644373ee9b10679b5d9c4133202c8f537206eeb456073f0147455ceb1ccfb", "price_changes": [{"asset_id": "52615588191460470438968831832569300660020698058311540467884028012774443701200", "price": "0.14", "size": "100", "side": "BUY", "hash": "3e0d84573eccf7c0a7af251d6669d7becab0eb45", "best_bid": "0.81", "best_ask": "0.91"}, {"asset_id": "96286079885758953696615284399030269817415728790134813853112424523816811502470", "price": "0.86", "size": "100", "side": "SELL", "hash": "234275bc1db928b65ffe10006f88962b440ba6c5", "best_bid": "0.09", "best_ask": "0.19"}], "timestamp": "1769384069842", "event_type": "price_change"}}
{"_local_timestamp": "2026-01-25T23:34:30.407998+00:00", "data": {"market": "0x075644373ee9b10679b5d9c4133202c8f537206eeb456073f0147455ceb1ccfb", "price_changes": [{"asset_id": "52615588191460470438968831832569300660020698058311540467884028012774443701200", "price": "0.08", "size": "990.11", "side": "BUY", "hash": "948ca7f6560fbb0c29b5ddd7da8d4b5997bf2e04", "best_bid": "0.81", "best_ask": "0.91"}, {"asset_id": "96286079885758953696615284399030269817415728790134813853112424523816811502470", "price": "0.92", "size": "990.11", "side": "SELL", "hash": "d7928317b04ab33cf463bf058a6f27d2d6865ba8", "best_bid": "0.09", "best_ask": "0.19"}], "timestamp": "1769384070082", "event_type": "price_change"}}
{"_local_timestamp": "2026-01-25T23:34:30.442788+00:00", "data": {"market": "0x075644373ee9b10679b5d9c4133202c8f537206eeb456073f0147455ceb1ccfb", "price_changes": [{"asset_id": "52615588191460470438968831832569300660020698058311540467884028012774443701200", "price": "0.15", "size": "200", "side": "BUY", "hash": "88a36dd15e357c6e7beb4c886c28b50a48ff8efc", "best_bid": "0.81", "best_ask": "0.91"}, {"asset_id": "96286079885758953696615284399030269817415728790134813853112424523816811502470", "price": "0.85", "size": "200", "side": "SELL", "hash": "ca546de57393ca976b335cf970dd90e23d09f3f6", "best_bid": "0.09", "best_ask": "0.19"}], "timestamp": "1769384070113", "event_type": "price_change"}}
{"_local_timestamp": "2026-01-25T23:34:30.453693+00:00", "data": {"market": "0x075644373ee9b10679b5d9c4133202c8f537206eeb456073f0147455ceb1ccfb", "price_changes": [{"asset_id": "52615588191460470438968831832569300660020698058311540467884028012774443701200", "price": "0.08", "size": "1390.11", "side": "BUY", "hash": "fe593b6ed8ee3bfc5818644c1c87ee974723c2f8", "best_bid": "0.81", "best_ask": "0.91"}, {"asset_id": "96286079885758953696615284399030269817415728790134813853112424523816811502470", "price": "0.92", "size": "1390.11", "side": "SELL", "hash": "58c66a0c7f68401459b265cc807febe6f68e4d8c", "best_bid": "0.09", "best_ask": "0.19"}], "timestamp": "1769384070114", "event_type": "price_change"}}
{"_local_timestamp": "2026-01-25T23:34:30.586857+00:00", "data": {"market": "0x075644373ee9b10679b5d9c4133202c8f537206eeb456073f0147455ceb1ccfb", "price_changes": [{"asset_id": "52615588191460470438968831832569300660020698058311540467884028012774443701200", "price": "0.08", "size": "2660.21", "side": "BUY", "hash": "a9001f372cd142488e85e55f6805c7392bf41423", "best_bid": "0.81", "best_ask": "0.91"}, {"asset_id": "96286079885758953696615284399030269817415728790134813853112424523816811502470", "price": "0.92", "size": "2660.21", "side": "SELL", "hash": "2c1cd1644ca7bdbc8b0851b9948c7937ae350391", "best_bid": "0.09", "best_ask": "0.19"}], "timestamp": "1769384070258", "event_type": "price_change"}}
{"_local_timestamp": "2026-01-25T23:34:30.588181+00:00", "data": {"market": "0x075644373ee9b10679b5d9c4133202c8f537206eeb456073f0147455ceb1ccfb", "price_changes": [{"asset_id": "52615588191460470438968831832569300660020698058311540467884028012774443701200", "price": "0.08", "size": "4657.32", "side": "BUY", "hash": "46f9a07173e5ee7d3d57134be56133f38fd74a87", "best_bid": "0.81", "best_ask": "0.91"}, {"asset_id": "96286079885758953696615284399030269817415728790134813853112424523816811502470", "price": "0.92", "size": "4657.32", "side": "SELL", "hash": "51c1c4e48d972fc8e72794314158190d961a59e8", "best_bid": "0.09", "best_ask": "0.19"}], "timestamp": "1769384070259", "event_type": "price_change"}}
{"_local_timestamp": "2026-01-25T23:34:31.961511+00:00", "data": {"market": "0x075644373ee9b10679b5d9c4133202c8f537206eeb456073f0147455ceb1ccfb", "price_changes": [{"asset_id": "52615588191460470438968831832569300660020698058311540467884028012774443701200", "price": "0.12", "size": "100", "side": "BUY", "hash": "6fc60d41988eb029793b9d5b42f4f3545314acb0", "best_bid": "0.81", "best_ask": "0.91"}, {"asset_id": "96286079885758953696615284399030269817415728790134813853112424523816811502470", "price": "0.88", "size": "100", "side": "SELL", "hash": "4f3b3aafd06695c5a0d48bb8ce118bcb3464512a", "best_bid": "0.09", "best_ask": "0.19"}], "timestamp": "1769384071737", "event_type": "price_change"}}
{"_local_timestamp": "2026-01-25T23:34:32.400945+00:00", "data": {"market": "0x075644373ee9b10679b5d9c4133202c8f537206eeb456073f0147455ceb1ccfb", "price_changes": [{"asset_id": "52615588191460470438968831832569300660020698058311540467884028012774443701200", "price": "0.08", "size": "4757.32", "side": "BUY", "hash": "dd4aff631ee48b90a50c0339fb247de884e40b69", "best_bid": "0.81", "best_ask": "0.91"}, {"asset_id": "96286079885758953696615284399030269817415728790134813853112424523816811502470", "price": "0.92", "size": "4757.32", "side": "SELL", "hash": "ba7eea740b2be4e046f5a045fdec4b22cedb2afb", "best_bid": "0.09", "best_ask": "0.19"}], "timestamp": "1769384072119", "event_type": "price_change"}}
{"_local_timestamp": "2026-01-25T23:34:42.913267+00:00", "data": {"market": "0x075644373ee9b10679b5d9c4133202c8f537206eeb456073f0147455ceb1ccfb", "price_changes": [{"asset_id": "52615588191460470438968831832569300660020698058311540467884028012774443701200", "price": "0.14", "size": "0", "side": "BUY", "hash": "6cae58350b41038c84f72c1142e8bd462de958e6", "best_bid": "0.81", "best_ask": "0.91"}, {"asset_id": "96286079885758953696615284399030269817415728790134813853112424523816811502470", "price": "0.86", "size": "0", "side": "SELL", "hash": "7e4efec1d9cc49da8b8d68890ab4bab73ed4b93f", "best_bid": "0.09", "best_ask": "0.19"}], "timestamp": "1769384082842", "event_type": "price_change"}}
{"_local_timestamp": "2026-01-25T23:34:42.971037+00:00", "data": {"market": "0x075644373ee9b10679b5d9c4133202c8f537206eeb456073f0147455ceb1ccfb", "price_changes": [{"asset_id": "52615588191460470438968831832569300660020698058311540467884028012774443701200", "price": "0.13", "size": "0", "side": "BUY", "hash": "0f608ff7bddef6616661f1df7a578a1fbddbd40a", "best_bid": "0.81", "best_ask": "0.91"}, {"asset_id": "96286079885758953696615284399030269817415728790134813853112424523816811502470", "price": "0.87", "size": "0", "side": "SELL", "hash": "c8049de18b761706ac853118c6bac21924839844", "best_bid": "0.09", "best_ask": "0.19"}], "timestamp": "1769384082899", "event_type": "price_change"}}
{"_local_timestamp": "2026-01-25T23:34:42.971533+00:00", "data": {"market": "0x075644373ee9b10679b5d9c4133202c8f537206eeb456073f0147455ceb1ccfb", "price_changes": [{"asset_id": "52615588191460470438968831832569300660020698058311540467884028012774443701200", "price": "0.08", "size": "600", "side": "BUY", "hash": "0f608ff7bddef6616661f1df7a578a1fbddbd40a", "best_bid": "0.81", "best_ask": "0.91"}, {"asset_id": "96286079885758953696615284399030269817415728790134813853112424523816811502470", "price": "0.92", "size": "600", "side": "SELL", "hash": "c8049de18b761706ac853118c6bac21924839844", "best_bid": "0.09", "best_ask": "0.19"}], "timestamp": "1769384082899", "event_type": "price_change"}}
{"_local_timestamp": "2026-01-25T23:34:43.041989+00:00", "data": {"market": "0x075644373ee9b10679b5d9c4133202c8f537206eeb456073f0147455ceb1ccfb", "price_changes": [{"asset_id": "52615588191460470438968831832569300660020698058311540467884028012774443701200", "price": "0.09", "size": "1270.1", "side": "BUY", "hash": "0227d6e1a1fe0e677feee7f732be1af20c4b25de", "best_bid": "0.81", "best_ask": "0.91"}, {"asset_id": "96286079885758953696615284399030269817415728790134813853112424523816811502470", "price": "0.91", "size": "1270.1", "side": "SELL", "hash": "32d687f951c03d4360782bcb8b6349196141f112", "best_bid": "0.09", "best_ask": "0.19"}], "timestamp": "1769384082971", "event_type": "price_change"}}
{"_local_timestamp": "2026-01-25T23:34:43.042452+00:00", "data": {"market": "0x075644373ee9b10679b5d9c4133202c8f537206eeb456073f0147455ceb1ccfb", "price_changes": [{"asset_id": "52615588191460470438968831832569300660020698058311540467884028012774443701200", "price": "0.09", "size": "7269.21", "side": "BUY", "hash": "10296fc15a87b5c91fd8c6126fd91d8ae21cf7b9", "best_bid": "0.81", "best_ask": "0.91"}, {"asset_id": "96286079885758953696615284399030269817415728790134813853112424523816811502470", "price": "0.91", "size": "7269.21", "side": "SELL", "hash": "1ef7145ef39569d4f3f54bb9768851d9966d4a14", "best_bid": "0.09", "best_ask": "0.19"}], "timestamp": "1769384082972", "event_type": "price_change"}}
{"_local_timestamp": "2026-01-25T23:34:43.043626+00:00", "data": {"market": "0x075644373ee9b10679b5d9c4133202c8f537206eeb456073f0147455ceb1ccfb", "price_changes": [{"asset_id": "52615588191460470438968831832569300660020698058311540467884028012774443701200", "price": "0.09", "size": "8159.32", "side": "BUY", "hash": "1a2d0d6abe601fa66c104db53536dc7bde190c3d", "best_bid": "0.81", "best_ask": "0.91"}, {"asset_id": "96286079885758953696615284399030269817415728790134813853112424523816811502470", "price": "0.91", "size": "8159.32", "side": "SELL", "hash": "19fe21fc36e9c07882b4a28e1cd241ed8aa07e42", "best_bid": "0.09", "best_ask": "0.19"}], "timestamp": "1769384082973", "event_type": "price_change"}}
{"_local_timestamp": "2026-01-25T23:34:43.043939+00:00", "data": {"market": "0x075644373ee9b10679b5d9c4133202c8f537206eeb456073f0147455ceb1ccfb", "price_changes": [{"asset_id": "52615588191460470438968831832569300660020698058311540467884028012774443701200", "price": "0.09", "size": "10156.43", "side": "BUY", "hash": "50c7aed8181080a4737376003ad4d6f1a0a60a75", "best_bid": "0.81", "best_ask": "0.91"}, {"asset_id": "96286079885758953696615284399030269817415728790134813853112424523816811502470", "price": "0.91", "size": "10156.43", "side": "SELL", "hash": "c41136c503048665b0c1e87b988f00e4186550d0", "best_bid": "0.09", "best_ask": "0.19"}], "timestamp": "1769384082973", "event_type": "price_change"}}
{"_local_timestamp": "2026-01-25T23:34:43.166990+00:00", "data": {"market": "0x075644373ee9b10679b5d9c4133202c8f537206eeb456073f0147455ceb1ccfb", "price_changes": [{"asset_id": "52615588191460470438968831832569300660020698058311540467884028012774443701200", "price": "0.15", "size": "300", "side": "BUY", "hash": "bcbfa0095b7dfccb265519ea47a700129061e193", "best_bid": "0.81", "best_ask": "0.91"}, {"asset_id": "96286079885758953696615284399030269817415728790134813853112424523816811502470", "price": "0.85", "size": "300", "side": "SELL", "hash": "ecae53fb7cbc26fa2d01eec48a99cfa77ddaf17b", "best_bid": "0.09", "best_ask": "0.19"}], "timestamp": "1769384083073", "event_type": "price_change"}}
{"_local_timestamp": "2026-01-25T23:34:50.308690+00:00", "data": {"market": "0x075644373ee9b10679b5d9c4133202c8f537206eeb456073f0147455ceb1ccfb", "price_changes": [{"asset_id": "52615588191460470438968831832569300660020698058311540467884028012774443701200", "price": "0.12", "size": "0", "side": "BUY", "hash": "42781b65b5be44623875c5e3cc8277ebb05cde26", "best_bid": "0.81", "best_ask": "0.91"}, {"asset_id": "96286079885758953696615284399030269817415728790134813853112424523816811502470", "price": "0.88", "size": "0", "side": "SELL", "hash": "4d876a8df6efb2defc673365ab00fc214d59f087", "best_bid": "0.09", "best_ask": "0.19"}], "timestamp": "1769384090191", "event_type": "price_change"}}
{"_local_timestamp": "2026-01-25T23:34:50.396069+00:00", "data": {"market": "0x075644373ee9b10679b5d9c4133202c8f537206eeb456073f0147455ceb1ccfb", "price_changes": [{"asset_id": "52615588191460470438968831832569300660020698058311540467884028012774443701200", "price": "0.09", "size": "4157.32", "side": "BUY", "hash": "fdd88c926eef77d1fab15e05c0c9d6e03879cd4f", "best_bid": "0.81", "best_ask": "0.91"}, {"asset_id": "96286079885758953696615284399030269817415728790134813853112424523816811502470", "price": "0.91", "size": "4157.32", "side": "SELL", "hash": "402316147b90a25106c5e1f218c03c23491c8687", "best_bid": "0.09", "best_ask": "0.19"}], "timestamp": "1769384090237", "event_type": "price_change"}}
{"_local_timestamp": "2026-01-25T23:34:50.616451+00:00", "data": {"market": "0x075644373ee9b10679b5d9c4133202c8f537206eeb456073f0147455ceb1ccfb", "price_changes": [{"asset_id": "52615588191460470438968831832569300660020698058311540467884028012774443701200", "price": "0.13", "size": "100", "side": "BUY", "hash": "1351d83f04b69d13ecdecf5816f76044f7556996", "best_bid": "0.81", "best_ask": "0.91"}, {"asset_id": "96286079885758953696615284399030269817415728790134813853112424523816811502470", "price": "0.87", "size": "100", "side": "SELL", "hash": "eecac5fe24a878f06dd746d6549e074ab8cdea64", "best_bid": "0.09", "best_ask": "0.19"}], "timestamp": "1769384090481", "event_type": "price_change"}}
{"_local_timestamp": "2026-01-25T23:34:51.045366+00:00", "data": {"market": "0x075644373ee9b10679b5d9c4133202c8f537206eeb456073f0147455ceb1ccfb", "price_changes": [{"asset_id": "52615588191460470438968831832569300660020698058311540467884028012774443701200", "price": "0.15", "size": "100", "side": "BUY", "hash": "160563a508b0419cf01b1c8e8229cf60145cdbb7", "best_bid": "0.81", "best_ask": "0.91"}, {"asset_id": "96286079885758953696615284399030269817415728790134813853112424523816811502470", "price": "0.85", "size": "100", "side": "SELL", "hash": "459f630f18d880b311e664d872bfcec3f51d6603", "best_bid": "0.09", "best_ask": "0.19"}], "timestamp": "1769384090657", "event_type": "price_change"}}
{"_local_timestamp": "2026-01-25T23:34:51.045736+00:00", "data": {"market": "0x075644373ee9b10679b5d9c4133202c8f537206eeb456073f0147455ceb1ccfb", "price_changes": [{"asset_id": "52615588191460470438968831832569300660020698058311540467884028012774443701200", "price": "0.08", "size": "200", "side": "BUY", "hash": "160563a508b0419cf01b1c8e8229cf60145cdbb7", "best_bid": "0.81", "best_ask": "0.91"}, {"asset_id": "96286079885758953696615284399030269817415728790134813853112424523816811502470", "price": "0.92", "size": "200", "side": "SELL", "hash": "459f630f18d880b311e664d872bfcec3f51d6603", "best_bid": "0.09", "best_ask": "0.19"}], "timestamp": "1769384090657", "event_type": "price_change"}}
{"_local_timestamp": "2026-01-25T23:34:51.046038+00:00", "data": {"market": "0x075644373ee9b10679b5d9c4133202c8f537206eeb456073f0147455ceb1ccfb", "price_changes": [{"asset_id": "52615588191460470438968831832569300660020698058311540467884028012774443701200", "price": "0.08", "size": "1090.11", "side": "BUY", "hash": "e649a9f5f803225311b188aaeaeca5fd64efd512", "best_bid": "0.81", "best_ask": "0.91"}, {"asset_id": "96286079885758953696615284399030269817415728790134813853112424523816811502470", "price": "0.92", "size": "1090.11", "side": "SELL", "hash": "c309a1b3853e0dd606227219d3f4dc9021b6e7a6", "best_bid": "0.09", "best_ask": "0.19"}], "timestamp": "1769384090722", "event_type": "price_change"}}
{"_local_timestamp": "2026-01-25T23:34:51.046324+00:00", "data": {"market": "0x075644373ee9b10679b5d9c4133202c8f537206eeb456073f0147455ceb1ccfb", "price_changes": [{"asset_id": "52615588191460470438968831832569300660020698058311540467884028012774443701200", "price": "0.08", "size": "3087.22", "side": "BUY", "hash": "a047caa009210f5399573ac7e72f803fa86abd57", "best_bid": "0.81", "best_ask": "0.91"}, {"asset_id": "96286079885758953696615284399030269817415728790134813853112424523816811502470", "price": "0.92", "size": "3087.22", "side": "SELL", "hash": "80fabd2dbcc549ea421c894f38a9f8edc50c1b39", "best_bid": "0.09", "best_ask": "0.19"}], "timestamp": "1769384090723", "event_type": "price_change"}}
{"_local_timestamp": "2026-01-25T23:34:51.046639+00:00", "data": {"market": "0x075644373ee9b10679b5d9c4133202c8f537206eeb456073f0147455ceb1ccfb", "price_changes": [{"asset_id": "52615588191460470438968831832569300660020698058311540467884028012774443701200", "price": "0.08", "size": "4357.32", "side": "BUY", "hash": "bc04fb6a973c2294470662fa934d96551180cb3e", "best_bid": "0.81", "best_ask": "0.91"}, {"asset_id": "96286079885758953696615284399030269817415728790134813853112424523816811502470", "price": "0.92", "size": "4357.32", "side": "SELL", "hash": "25222f6fa37f8a37cf85b2072fa348f29c1b8007", "best_bid": "0.09", "best_ask": "0.19"}], "timestamp": "1769384090762", "event_type": "price_change"}}
{"_local_timestamp": "2026-01-25T23:34:51.085638+00:00", "data": {"market": "0x075644373ee9b10679b5d9c4133202c8f537206eeb456073f0147455ceb1ccfb", "price_changes": [{"asset_id": "52615588191460470438968831832569300660020698058311540467884028012774443701200", "price": "0.13", "size": "500", "side": "BUY", "hash": "a5da6a4f26fc867bb695bd99a577a4be048e73d9", "best_bid": "0.81", "best_ask": "0.91"}, {"asset_id": "96286079885758953696615284399030269817415728790134813853112424523816811502470", "price": "0.87", "size": "500", "side": "SELL", "hash": "21c5baaa3d0cc0de2e169a21fe48f3ff94ca3f28", "best_bid": "0.09", "best_ask": "0.19"}], "timestamp": "1769384090939", "event_type": "price_change"}}
{"_local_timestamp": "2026-01-25T23:34:51.094805+00:00", "data": {"market": "0x075644373ee9b10679b5d9c4133202c8f537206eeb456073f0147455ceb1ccfb", "price_changes": [{"asset_id": "52615588191460470438968831832569300660020698058311540467884028012774443701200", "price": "0.14", "size": "200", "side": "BUY", "hash": "e796514d63af004972aaced822728f63ed6b5db1", "best_bid": "0.81", "best_ask": "0.91"}, {"asset_id": "96286079885758953696615284399030269817415728790134813853112424523816811502470", "price": "0.86", "size": "200", "side": "SELL", "hash": "6f1c9b9736f4610812eb52dd88bf0cf06fc92add", "best_bid": "0.09", "best_ask": "0.19"}], "timestamp": "1769384090940", "event_type": "price_change"}}
{"_local_timestamp": "2026-01-25T23:34:56.675416+00:00", "data": {"market": "0x075644373ee9b10679b5d9c4133202c8f537206eeb456073f0147455ceb1ccfb", "price_changes": [{"asset_id": "52615588191460470438968831832569300660020698058311540467884028012774443701200", "price": "0.08", "size": "4257.32", "side": "BUY", "hash": "d7d20a71c105c4cd74649f7980a737a4a35f6f73", "best_bid": "0.81", "best_ask": "0.91"}, {"asset_id": "96286079885758953696615284399030269817415728790134813853112424523816811502470", "price": "0.92", "size": "4257.32", "side": "SELL", "hash": "60466b4181472560196b70a93ca773697563563a", "best_bid": "0.09", "best_ask": "0.19"}], "timestamp": "1769384096592", "event_type": "price_change"}}
{"_local_timestamp": "2026-01-25T23:34:56.749084+00:00", "data": {"market": "0x075644373ee9b10679b5d9c4133202c8f537206eeb456073f0147455ceb1ccfb", "price_changes": [{"asset_id": "52615588191460470438968831832569300660020698058311540467884028012774443701200", "price": "0.09", "size": "890.11", "side": "BUY", "hash": "b1503a9d9b7c6892e67f17cf21b1dfeb824aec65", "best_bid": "0.81", "best_ask": "0.91"}, {"asset_id": "96286079885758953696615284399030269817415728790134813853112424523816811502470", "price": "0.91", "size": "890.11", "side": "SELL", "hash": "af4ed018615c5f2f419c2e3326c0bffef8d8f7b8", "best_bid": "0.09", "best_ask": "0.19"}], "timestamp": "1769384096672", "event_type": "price_change"}}
{"_local_timestamp": "2026-01-25T23:34:56.839019+00:00", "data": {"market": "0x075644373ee9b10679b5d9c4133202c8f537206eeb456073f0147455ceb1ccfb", "price_changes": [{"asset_id": "52615588191460470438968831832569300660020698058311540467884028012774443701200", "price": "0.09", "size": "0", "side": "BUY", "hash": "14f04329f9d6a1737b4b120306be4e0e9f782647", "best_bid": "0.81", "best_ask": "0.91"}, {"asset_id": "96286079885758953696615284399030269817415728790134813853112424523816811502470", "price": "0.91", "size": "0", "side": "SELL", "hash": "605805f12bcde238cd84d46216b3c984955b0975", "best_bid": "0.09", "best_ask": "0.19"}], "timestamp": "1769384096758", "event_type": "price_change"}}
{"_local_timestamp": "2026-01-25T23:34:56.937639+00:00", "data": {"market": "0x075644373ee9b10679b5d9c4133202c8f537206eeb456073f0147455ceb1ccfb", "price_changes": [{"asset_id": "52615588191460470438968831832569300660020698058311540467884028012774443701200", "price": "0.13", "size": "600", "side": "BUY", "hash": "f3381ba7352b880bdab796bc951c85b4dc94d5ea", "best_bid": "0.81", "best_ask": "0.91"}, {"asset_id": "96286079885758953696615284399030269817415728790134813853112424523816811502470", "price": "0.87", "size": "600", "side": "SELL", "hash": "ed4388f2235c5a4c81478e660964c85889603ac4", "best_bid": "0.09", "best_ask": "0.19"}], "timestamp": "1769384096853", "event_type": "price_change"}}
{"_local_timestamp": "2026-01-25T23:34:56.957729+00:00", "data": {"market": "0x075644373ee9b10679b5d9c4133202c8f537206eeb456073f0147455ceb1ccfb", "price_changes": [{"asset_id": "52615588191460470438968831832569300660020698058311540467884028012774443701200", "price": "0.1", "size": "2297.11", "side": "BUY", "hash": "f4471297773adc2c4ac7db10f9170dda573f5cdc", "best_bid": "0.81", "best_ask": "0.91"}, {"asset_id": "96286079885758953696615284399030269817415728790134813853112424523816811502470", "price": "0.9", "size": "2297.11", "side": "SELL", "hash": "2a778e1d8d0138071d21c11478a537e26fea7a74", "best_bid": "0.09", "best_ask": "0.19"}], "timestamp": "1769384096884", "event_type": "price_change"}}
{"_local_timestamp": "2026-01-25T23:34:56.961150+00:00", "data": {"market": "0x075644373ee9b10679b5d9c4133202c8f537206eeb456073f0147455ceb1ccfb", "price_changes": [{"asset_id": "52615588191460470438968831832569300660020698058311540467884028012774443701200", "price": "0.1", "size": "3187.22", "side": "BUY", "hash": "ec5f61deea264630a20de8d69f83e5d359d0fb2a", "best_bid": "0.81", "best_ask": "0.91"}, {"asset_id": "96286079885758953696615284399030269817415728790134813853112424523816811502470", "price": "0.9", "size": "3187.22", "side": "SELL", "hash": "5a4bc0a3e7086ee546adf75ff18d610b7589bb4a", "best_bid": "0.09", "best_ask": "0.19"}], "timestamp": "1769384096885", "event_type": "price_change"}}
{"_local_timestamp": "2026-01-25T23:34:56.961692+00:00", "data": {"market": "0x075644373ee9b10679b5d9c4133202c8f537206eeb456073f0147455ceb1ccfb", "price_changes": [{"asset_id": "52615588191460470438968831832569300660020698058311540467884028012774443701200", "price": "0.1", "size": "4457.32", "side": "BUY", "hash": "d015c4cc10c5ef7c1439483aad948ea074e880b1", "best_bid": "0.81", "best_ask": "0.91"}, {"asset_id": "96286079885758953696615284399030269817415728790134813853112424523816811502470", "price": "0.9", "size": "4457.32", "side": "SELL", "hash": "f5b06c05ae64a5a68abe9388ee2a4223684fd82f", "best_bid": "0.09", "best_ask": "0.19"}], "timestamp": "1769384096885", "event_type": "price_change"}}
{"_local_timestamp": "2026-01-25T23:35:01.798831+00:00", "data": {"market": "0x075644373ee9b10679b5d9c4133202c8f537206eeb456073f0147455ceb1ccfb", "price_changes": [{"asset_id": "52615588191460470438968831832569300660020698058311540467884028012774443701200", "price": "0.08", "size": "4157.32", "side": "BUY", "hash": "4a245843ca6dba60990452d3d7de191315c2143a", "best_bid": "0.81", "best_ask": "0.91"}, {"asset_id": "96286079885758953696615284399030269817415728790134813853112424523816811502470", "price": "0.92", "size": "4157.32", "side": "SELL", "hash": "184dba560a52b33ae76bc9858c4bc0b860309ed0", "best_bid": "0.09", "best_ask": "0.19"}], "timestamp": "1769384101730", "event_type": "price_change"}}
{"_local_timestamp": "2026-01-25T23:35:01.896377+00:00", "data": {"market": "0x075644373ee9b10679b5d9c4133202c8f537206eeb456073f0147455ceb1ccfb", "price_changes": [{"asset_id": "52615588191460470438968831832569300660020698058311540467884028012774443701200", "price": "0.14", "size": "2197.11", "side": "BUY", "hash": "997f665fb8686c9529c1ea681091a02f9328413b", "best_bid": "0.81", "best_ask": "0.91"}, {"asset_id": "96286079885758953696615284399030269817415728790134813853112424523816811502470", "price": "0.86", "size": "2197.11", "side": "SELL", "hash": "fd06e0033dbeb5083d3480c76ffb3b3b5ffcc0cb", "best_bid": "0.09", "best_ask": "0.19"}], "timestamp": "1769384101809", "event_type": "price_change"}}
{"_local_timestamp": "2026-01-25T23:35:01.898620+00:00", "data": {"market": "0x075644373ee9b10679b5d9c4133202c8f537206eeb456073f0147455ceb1ccfb", "price_changes": [{"asset_id": "52615588191460470438968831832569300660020698058311540467884028012774443701200", "price": "0.08", "size": "890.11", "side": "BUY", "hash": "81d7d5e11463e6ff104d528409b428e007655374", "best_bid": "0.81", "best_ask": "0.91"}, {"asset_id": "96286079885758953696615284399030269817415728790134813853112424523816811502470", "price": "0.92", "size": "890.11", "side": "SELL", "hash": "7a5782c2eb40477e23679339ef2553f695c52ca7", "best_bid": "0.09", "best_ask": "0.19"}], "timestamp": "1769384101815", "event_type": "price_change"}}
{"_local_timestamp": "2026-01-25T23:35:01.899101+00:00", "data": {"market": "0x075644373ee9b10679b5d9c4133202c8f537206eeb456073f0147455ceb1ccfb", "price_changes": [{"asset_id": "52615588191460470438968831832569300660020698058311540467884028012774443701200", "price": "0.1", "size": "1190.11", "side": "BUY", "hash": "81d7d5e11463e6ff104d528409b428e007655374", "best_bid": "0.81", "best_ask": "0.91"}, {"asset_id": "96286079885758953696615284399030269817415728790134813853112424523816811502470", "price": "0.9", "size": "1190.11", "side": "SELL", "hash": "7a5782c2eb40477e23679339ef2553f695c52ca7", "best_bid": "0.09", "best_ask": "0.19"}], "timestamp": "1769384101815", "event_type": "price_change"}}
{"_local_timestamp": "2026-01-25T23:35:01.950967+00:00", "data": {"market": "0x075644373ee9b10679b5d9c4133202c8f537206eeb456073f0147455ceb1ccfb", "price_changes": [{"asset_id": "52615588191460470438968831832569300660020698058311540467884028012774443701200", "price": "0.14", "size": "3467.21", "side": "BUY", "hash": "2242a49307f8828c047890bf4118b486c7a817e7", "best_bid": "0.81", "best_ask": "0.91"}, {"asset_id": "96286079885758953696615284399030269817415728790134813853112424523816811502470", "price": "0.86", "size": "3467.21", "side": "SELL", "hash": "5734c5bcebd17ed5d0d067a868f838c1c6f84bc1", "best_bid": "0.09", "best_ask": "0.19"}], "timestamp": "1769384101857", "event_type": "price_change"}}
{"_local_timestamp": "2026-01-25T23:35:01.951469+00:00", "data": {"market": "0x075644373ee9b10679b5d9c4133202c8f537206eeb456073f0147455ceb1ccfb", "price_changes": [{"asset_id": "52615588191460470438968831832569300660020698058311540467884028012774443701200", "price": "0.14", "size": "4357.32", "side": "BUY", "hash": "41c4516357b5e63b009361a015b9ea09c4fb842e", "best_bid": "0.81", "best_ask": "0.91"}, {"asset_id": "96286079885758953696615284399030269817415728790134813853112424523816811502470", "price": "0.86", "size": "4357.32", "side": "SELL", "hash": "3b106c7c83a8854f587a5b7f443f437b21ba093c", "best_bid": "0.09", "best_ask": "0.19"}], "timestamp": "1769384101858", "event_type": "price_change"}}
{"_local_timestamp": "2026-01-25T23:35:02.002786+00:00", "data": {"market": "0x075644373ee9b10679b5d9c4133202c8f537206eeb456073f0147455ceb1ccfb", "price_changes": [{"asset_id": "52615588191460470438968831832569300660020698058311540467884028012774443701200", "price": "0.08", "size": "0", "side": "BUY", "hash": "af5bde199aca370cc14ef0aa18cb318a421d5c1e", "best_bid": "0.81", "best_ask": "0.91"}, {"asset_id": "96286079885758953696615284399030269817415728790134813853112424523816811502470", "price": "0.92", "size": "0", "side": "SELL", "hash": "c964bd3f325213016ecf248079f96d9c330fec95", "best_bid": "0.09", "best_ask": "0.19"}], "timestamp": "1769384101917", "event_type": "price_change"}}
{"_local_timestamp": "2026-01-25T23:35:02.003219+00:00", "data": {"market": "0x075644373ee9b10679b5d9c4133202c8f537206eeb456073f0147455ceb1ccfb", "price_changes": [{"asset_id": "52615588191460470438968831832569300660020698058311540467884028012774443701200", "price": "0.1", "size": "300", "side": "BUY", "hash": "af5bde199aca370cc14ef0aa18cb318a421d5c1e", "best_bid": "0.81", "best_ask": "0.91"}, {"asset_id": "96286079885758953696615284399030269817415728790134813853112424523816811502470", "price": "0.9", "size": "300", "side": "SELL", "hash": "c964bd3f325213016ecf248079f96d9c330fec95", "best_bid": "0.09", "best_ask": "0.19"}], "timestamp": "1769384101917", "event_type": "price_change"}}
{"_local_timestamp": "2026-01-25T23:35:02.003645+00:00", "data": {"market": "0x075644373ee9b10679b5d9c4133202c8f537206eeb456073f0147455ceb1ccfb", "price_changes": [{"asset_id": "52615588191460470438968831832569300660020698058311540467884028012774443701200", "price": "0.11", "size": "6004.84", "side": "BUY", "hash": "4b2e7dd2bd3f0085ba4cc5f8a9599e6524a52b6e", "best_bid": "0.81", "best_ask": "0.91"}, {"asset_id": "96286079885758953696615284399030269817415728790134813853112424523816811502470", "price": "0.89", "size": "6004.84", "side": "SELL", "hash": "8b78591755addf6b54ff227ee87924f716b3d6ab", "best_bid": "0.09", "best_ask": "0.19"}], "timestamp": "1769384101918", "event_type": "price_change"}}
{"_local_timestamp": "2026-01-25T23:35:02.108432+00:00", "data": {"market": "0x075644373ee9b10679b5d9c4133202c8f537206eeb456073f0147455ceb1ccfb", "price_changes": [{"asset_id": "52615588191460470438968831832569300660020698058311540467884028012774443701200", "price": "0.13", "size": "700", "side": "BUY", "hash": "a9ef7c7e6580b87bfa2ad7a3fe02650d58633bca", "best_bid": "0.81", "best_ask": "0.91"}, {"asset_id": "96286079885758953696615284399030269817415728790134813853112424523816811502470", "price": "0.87", "size": "700", "side": "SELL", "hash": "cbcbf17d93e0d413c6546b953aecb932f9ab5195", "best_bid": "0.09", "best_ask": "0.19"}], "timestamp": "1769384102000", "event_type": "price_change"}}
{"_local_timestamp": "2026-01-25T23:35:06.817691+00:00", "data": {"market": "0x075644373ee9b10679b5d9c4133202c8f537206eeb456073f0147455ceb1ccfb", "price_changes": [{"asset_id": "52615588191460470438968831832569300660020698058311540467884028012774443701200", "price": "0.15", "size": "0", "side": "BUY", "hash": "4dfa761fcdf002550dcdca1ed10e64b3e92632e6", "best_bid": "0.81", "best_ask": "0.91"}, {"asset_id": "96286079885758953696615284399030269817415728790134813853112424523816811502470", "price": "0.85", "size": "0", "side": "SELL", "hash": "6cceda03fd22f1bfa5d1cb5b370c0c9b111bf9ca", "best_bid": "0.09", "best_ask": "0.19"}], "timestamp": "1769384106753", "event_type": "price_change"}}
{"_local_timestamp": "2026-01-25T23:35:06.893279+00:00", "data": {"market": "0x075644373ee9b10679b5d9c4133202c8f537206eeb456073f0147455ceb1ccfb", "price_changes": [{"asset_id": "52615588191460470438968831832569300660020698058311540467884028012774443701200", "price": "0.11", "size": "5.73", "side": "BUY", "hash": "361bb2e2b84ab41232775b06e954250b4c2efc02", "best_bid": "0.81", "best_ask": "0.91"}, {"asset_id": "96286079885758953696615284399030269817415728790134813853112424523816811502470", "price": "0.89", "size": "5.73", "side": "SELL", "hash": "80128f3b116a07d915c3a47733a4397c6a6826a2", "best_bid": "0.09", "best_ask": "0.19"}], "timestamp": "1769384106818", "event_type": "price_change"}}
{"_local_timestamp": "2026-01-25T23:35:07.061873+00:00", "data": {"market": "0x075644373ee9b10679b5d9c4133202c8f537206eeb456073f0147455ceb1ccfb", "price_changes": [{"asset_id": "52615588191460470438968831832569300660020698058311540467884028012774443701200", "price": "0.14", "size": "4457.32", "side": "BUY", "hash": "8ceccb4da5487031ccbb0d3400519e8bedf3cc5f", "best_bid": "0.81", "best_ask": "0.91"}, {"asset_id": "96286079885758953696615284399030269817415728790134813853112424523816811502470", "price": "0.86", "size": "4457.32", "side": "SELL", "hash": "d9ae670e9d6f6223d48a8bfef727d7647f400aee", "best_bid": "0.09", "best_ask": "0.19"}], "timestamp": "1769384106994", "event_type": "price_change"}}
{"_local_timestamp": "2026-01-25T23:35:12.502593+00:00", "data": {"market": "0x075644373ee9b10679b5d9c4133202c8f537206eeb456073f0147455ceb1ccfb", "price_changes": [{"asset_id": "52615588191460470438968831832569300660020698058311540467884028012774443701200", "price": "0.13", "size": "300", "side": "BUY", "hash": "a55bd39a9f1d2bc84d8e0e8efd5d22e868ebba74", "best_bid": "0.81", "best_ask": "0.91"}, {"asset_id": "96286079885758953696615284399030269817415728790134813853112424523816811502470", "price": "0.87", "size": "300", "side": "SELL", "hash": "c8772994e19b7f2877272cadefd3e3056a263949", "best_bid": "0.09", "best_ask": "0.19"}], "timestamp": "1769384112431", "event_type": "price_change"}}
{"_local_timestamp": "2026-01-25T23:35:12.506071+00:00", "data": {"market": "0x075644373ee9b10679b5d9c4133202c8f537206eeb456073f0147455ceb1ccfb", "price_changes": [{"asset_id": "52615588191460470438968831832569300660020698058311540467884028012774443701200", "price": "0.14", "size": "4257.32", "side": "BUY", "hash": "a55bd39a9f1d2bc84d8e0e8efd5d22e868ebba74", "best_bid": "0.81", "best_ask": "0.91"}, {"asset_id": "96286079885758953696615284399030269817415728790134813853112424523816811502470", "price": "0.86", "size": "4257.32", "side": "SELL", "hash": "c8772994e19b7f2877272cadefd3e3056a263949", "best_bid": "0.09", "best_ask": "0.19"}], "timestamp": "1769384112431", "event_type": "price_change"}}
{"_local_timestamp": "2026-01-25T23:35:12.795263+00:00", "data": {"market": "0x075644373ee9b10679b5d9c4133202c8f537206eeb456073f0147455ceb1ccfb", "price_changes": [{"asset_id": "52615588191460470438968831832569300660020698058311540467884028012774443701200", "price": "0.15", "size": "200", "side": "BUY", "hash": "044ee95ccc8f2e31ba4501cbecc3dc00710914e6", "best_bid": "0.81", "best_ask": "0.91"}, {"asset_id": "96286079885758953696615284399030269817415728790134813853112424523816811502470", "price": "0.85", "size": "200", "side": "SELL", "hash": "071bf6ef680a236e98ed64d7cdfb9c55faf7a566", "best_bid": "0.09", "best_ask": "0.19"}], "timestamp": "1769384112711", "event_type": "price_change"}}
{"_local_timestamp": "2026-01-25T23:35:12.795868+00:00", "data": {"market": "0x075644373ee9b10679b5d9c4133202c8f537206eeb456073f0147455ceb1ccfb", "price_changes": [{"asset_id": "52615588191460470438968831832569300660020698058311540467884028012774443701200", "price": "0.1", "size": "700", "side": "BUY", "hash": "abe702a9931e96e6b2c23bb03ac0f04b63dff6d3", "best_bid": "0.81", "best_ask": "0.91"}, {"asset_id": "96286079885758953696615284399030269817415728790134813853112424523816811502470", "price": "0.9", "size": "700", "side": "SELL", "hash": "7aabefb82f16fc7a1efae5f58ebc1e75572ec1e1", "best_bid": "0.09", "best_ask": "0.19"}], "timestamp": "1769384112712", "event_type": "price_change"}}
{"_local_timestamp": "2026-01-25T23:35:12.858167+00:00", "data": {"market": "0x075644373ee9b10679b5d9c4133202c8f537206eeb456073f0147455ceb1ccfb", "price_changes": [{"asset_id": "52615588191460470438968831832569300660020698058311540467884028012774443701200", "price": "0.08", "size": "890.11", "side": "BUY", "hash": "6f586de587cc1b49ee96c6c59f1544a63876dadd", "best_bid": "0.81", "best_ask": "0.91"}, {"asset_id": "96286079885758953696615284399030269817415728790134813853112424523816811502470", "price": "0.92", "size": "890.11", "side": "SELL", "hash": "2426e05aa4276998b9c89d589d0db319aed2dc68", "best_bid": "0.09", "best_ask": "0.19"}], "timestamp": "1769384112785", "event_type": "price_change"}}
{"_local_timestamp": "2026-01-25T23:35:12.858848+00:00", "data": {"market": "0x075644373ee9b10679b5d9c4133202c8f537206eeb456073f0147455ceb1ccfb", "price_changes": [{"asset_id": "52615588191460470438968831832569300660020698058311540467884028012774443701200", "price": "0.08", "size": "2160.21", "side": "BUY", "hash": "64f348e2957ae55812a56feee9088adb930b2351", "best_bid": "0.81", "best_ask": "0.91"}, {"asset_id": "96286079885758953696615284399030269817415728790134813853112424523816811502470", "price": "0.92", "size": "2160.21", "side": "SELL", "hash": "9a719e18e2ab00353c1015f773344e18b2cca236", "best_bid": "0.09", "best_ask": "0.19"}], "timestamp": "1769384112786", "event_type": "price_change"}}
{"_local_timestamp": "2026-01-25T23:35:13.123675+00:00", "data": {"market": "0x075644373ee9b10679b5d9c4133202c8f537206eeb456073f0147455ceb1ccfb", "price_changes": [{"asset_id": "52615588191460470438968831832569300660020698058311540467884028012774443701200", "price": "0.08", "size": "4157.32", "side": "BUY", "hash": "6954b7c5d4fc871e100d9c57f32f32005b67534c", "best_bid": "0.81", "best_ask": "0.91"}, {"asset_id": "96286079885758953696615284399030269817415728790134813853112424523816811502470", "price": "0.92", "size": "4157.32", "side": "SELL", "hash": "72cf025aaedbc82b309a82c6d7f99e2dfe553f2f", "best_bid": "0.09", "best_ask": "0.19"}], "timestamp": "1769384113021", "event_type": "price_change"}}
{"_local_timestamp": "2026-01-25T23:35:26.815412+00:00", "data": {"market": "0x075644373ee9b10679b5d9c4133202c8f537206eeb456073f0147455ceb1ccfb", "price_changes": [{"asset_id": "52615588191460470438968831832569300660020698058311540467884028012774443701200", "price": "0.13", "size": "200", "side": "BUY", "hash": "cbb41d712166f3ff33e392b0334c816e4001719c", "best_bid": "0.81", "best_ask": "0.91"}, {"asset_id": "96286079885758953696615284399030269817415728790134813853112424523816811502470", "price": "0.87", "size": "200", "side": "SELL", "hash": "5224da87ffe8f4178e3fb56d478e31d8a329be9a", "best_bid": "0.09", "best_ask": "0.19"}], "timestamp": "1769384126629", "event_type": "price_change"}}
{"_local_timestamp": "2026-01-25T23:35:26.906751+00:00", "data": {"market": "0x075644373ee9b10679b5d9c4133202c8f537206eeb456073f0147455ceb1ccfb", "price_changes": [{"asset_id": "52615588191460470438968831832569300660020698058311540467884028012774443701200", "price": "0.11", "size": "2002.84", "side": "BUY", "hash": "f50d3fa233543deaf076e3eacfe48345b8f8c63c", "best_bid": "0.81", "best_ask": "0.91"}, {"asset_id": "96286079885758953696615284399030269817415728790134813853112424523816811502470", "price": "0.89", "size": "2002.84", "side": "SELL", "hash": "df32be2236eaee795224e949e7e1408cf2941306", "best_bid": "0.09", "best_ask": "0.19"}], "timestamp": "1769384126802", "event_type": "price_change"}}
{"_local_timestamp": "2026-01-25T23:35:26.907204+00:00", "data": {"market": "0x075644373ee9b10679b5d9c4133202c8f537206eeb456073f0147455ceb1ccfb", "price_changes": [{"asset_id": "52615588191460470438968831832569300660020698058311540467884028012774443701200", "price": "0.11", "size": "3272.94", "side": "BUY", "hash": "d8b9f8a31af9749c9cfdbd29efb19772a9c89ad6", "best_bid": "0.81", "best_ask": "0.91"}, {"asset_id": "96286079885758953696615284399030269817415728790134813853112424523816811502470", "price": "0.89", "size": "3272.94", "side": "SELL", "hash": "5cbb141e884e3d210d5fcd1692b01bdc67246606", "best_bid": "0.09", "best_ask": "0.19"}], "timestamp": "1769384126803", "event_type": "price_change"}}
{"_local_timestamp": "2026-01-25T23:35:26.907677+00:00", "data": {"market": "0x075644373ee9b10679b5d9c4133202c8f537206eeb456073f0147455ceb1ccfb", "price_changes": [{"asset_id": "52615588191460470438968831832569300660020698058311540467884028012774443701200", "price": "0.11", "size": "4163.05", "side": "BUY", "hash": "da1979d7ede52056c26bd75bef3e02ff50b784af", "best_bid": "0.81", "best_ask": "0.91"}, {"asset_id": "96286079885758953696615284399030269817415728790134813853112424523816811502470", "price": "0.89", "size": "4163.05", "side": "SELL", "hash": "e7736df52783761d57c575272e0e84cf3203f61c", "best_bid": "0.09", "best_ask": "0.19"}], "timestamp": "1769384126803", "event_type": "price_change"}}
{"_local_timestamp": "2026-01-25T23:35:26.944381+00:00", "data": {"market": "0x075644373ee9b10679b5d9c4133202c8f537206eeb456073f0147455ceb1ccfb", "price_changes": [{"asset_id": "52615588191460470438968831832569300660020698058311540467884028012774443701200", "price": "0.14", "size": "100", "side": "BUY", "hash": "6ef78f1804dbfcf897f0bbf21befef35f9698fa7", "best_bid": "0.81", "best_ask": "0.91"}, {"asset_id": "96286079885758953696615284399030269817415728790134813853112424523816811502470", "price": "0.86", "size": "100", "side": "SELL", "hash": "0eedef6c7b5cc6828e8bad3db31dee0da78cea79", "best_bid": "0.09", "best_ask": "0.19"}], "timestamp": "1769384126833", "event_type": "price_change"}}
{"_local_timestamp": "2026-01-25T23:35:26.945085+00:00", "data": {"market": "0x075644373ee9b10679b5d9c4133202c8f537206eeb456073f0147455ceb1ccfb", "price_changes": [{"asset_id": "52615588191460470438968831832569300660020698058311540467884028012774443701200", "price": "0.08", "size": "0", "side": "BUY", "hash": "6ef78f1804dbfcf897f0bbf21befef35f9698fa7", "best_bid": "0.81", "best_ask": "0.91"}, {"asset_id": "96286079885758953696615284399030269817415728790134813853112424523816811502470", "price": "0.92", "size": "0", "side": "SELL", "hash": "0eedef6c7b5cc6828e8bad3db31dee0da78cea79", "best_bid": "0.09", "best_ask": "0.19"}], "timestamp": "1769384126833", "event_type": "price_change"}}
{"_local_timestamp": "2026-01-25T23:35:27.232910+00:00", "data": {"market": "0x075644373ee9b10679b5d9c4133202c8f537206eeb456073f0147455ceb1ccfb", "price_changes": [{"asset_id": "52615588191460470438968831832569300660020698058311540467884028012774443701200", "price": "0.1", "size": "800", "side": "BUY", "hash": "be9129d902acabfcddb478b27b169ac293feccf9", "best_bid": "0.81", "best_ask": "0.91"}, {"asset_id": "96286079885758953696615284399030269817415728790134813853112424523816811502470", "price": "0.9", "size": "800", "side": "SELL", "hash": "f7c0f65488824071a20e0ae104bbfcec54fb0aa7", "best_bid": "0.09", "best_ask": "0.19"}], "timestamp": "1769384126971", "event_type": "price_change"}}
{"_local_timestamp": "2026-01-25T23:35:28.348862+00:00", "data": {"market": "0x075644373ee9b10679b5d9c4133202c8f537206eeb456073f0147455ceb1ccfb", "price_changes": [{"asset_id": "52615588191460470438968831832569300660020698058311540467884028012774443701200", "price": "0.13", "size": "100", "side": "BUY", "hash": "7fd69770adc88194707a054d123770ceb3e2a3aa", "best_bid": "0.81", "best_ask": "0.91"}, {"asset_id": "96286079885758953696615284399030269817415728790134813853112424523816811502470", "price": "0.87", "size": "100", "side": "SELL", "hash": "5477bb7c30767e8be05d1998e1dd3c8a27db2d97", "best_bid": "0.09", "best_ask": "0.19"}], "timestamp": "1769384128279", "event_type": "price_change"}}
{"_local_timestamp": "2026-01-25T23:35:28.624987+00:00", "data": {"market": "0x075644373ee9b10679b5d9c4133202c8f537206eeb456073f0147455ceb1ccfb", "price_changes": [{"asset_id": "52615588191460470438968831832569300660020698058311540467884028012774443701200", "price": "0.11", "size": "4263.05", "side": "BUY", "hash": "0bab8a41c47cc5eb04d1701466ee22149ea48664", "best_bid": "0.81", "best_ask": "0.91"}, {"asset_id": "96286079885758953696615284399030269817415728790134813853112424523816811502470", "price": "0.89", "size": "4263.05", "side": "SELL", "hash": "24a401a7323e2c27e6b852d95fe49426bb279c24", "best_bid": "0.09", "best_ask": "0.19"}], "timestamp": "1769384128552", "event_type": "price_change"}}
{"_local_timestamp": "2026-01-25T23:35:29.826553+00:00", "data": {"market": "0x075644373ee9b10679b5d9c4133202c8f537206eeb456073f0147455ceb1ccfb", "price_changes": [{"asset_id": "52615588191460470438968831832569300660020698058311540467884028012774443701200", "price": "0.14", "size": "0", "side": "BUY", "hash": "bc43ca0a9878aa5543b7d92f3fdfb62fffe2d692", "best_bid": "0.81", "best_ask": "0.91"}, {"asset_id": "96286079885758953696615284399030269817415728790134813853112424523816811502470", "price": "0.86", "size": "0", "side": "SELL", "hash": "e0c1cb0ec03bd5360aedeeb5374dac208b5f3a5b", "best_bid": "0.09", "best_ask": "0.19"}], "timestamp": "1769384129761", "event_type": "price_change"}}
{"_local_timestamp": "2026-01-25T23:35:30.062552+00:00", "data": {"market": "0x075644373ee9b10679b5d9c4133202c8f537206eeb456073f0147455ceb1ccfb", "price_changes": [{"asset_id": "52615588191460470438968831832569300660020698058311540467884028012774443701200", "price": "0.15", "size": "300", "side": "BUY", "hash": "f2b884b162f1b9015b8bdef0bfa3e17377f86301", "best_bid": "0.81", "best_ask": "0.91"}, {"asset_id": "96286079885758953696615284399030269817415728790134813853112424523816811502470", "price": "0.85", "size": "300", "side": "SELL", "hash": "b22614bb2b2dd472ece44b1ac2ecc4aad70fa24b", "best_bid": "0.09", "best_ask": "0.19"}], "timestamp": "1769384129997", "event_type": "price_change"}}
{"_local_timestamp": "2026-01-25T23:35:32.908528+00:00", "data": {"market": "0x075644373ee9b10679b5d9c4133202c8f537206eeb456073f0147455ceb1ccfb", "price_changes": [{"asset_id": "52615588191460470438968831832569300660020698058311540467884028012774443701200", "price": "0.13", "size": "0", "side": "BUY", "hash": "bc69dbf5a43187e1ad75bf23bcfcf2571e44cfde", "best_bid": "0.81", "best_ask": "0.91"}, {"asset_id": "96286079885758953696615284399030269817415728790134813853112424523816811502470", "price": "0.87", "size": "0", "side": "SELL", "hash": "071c25dce545abab3a98c6a24549a51ac6dc52f6", "best_bid": "0.09", "best_ask": "0.19"}], "timestamp": "1769384132834", "event_type": "price_change"}}
{"_local_timestamp": "2026-01-25T23:35:33.210524+00:00", "data": {"market": "0x075644373ee9b10679b5d9c4133202c8f537206eeb456073f0147455ceb1ccfb", "price_changes": [{"asset_id": "52615588191460470438968831832569300660020698058311540467884028012774443701200", "price": "0.14", "size": "100", "side": "BUY", "hash": "d886f40839b0215f60dd45b1671cfa46527e36ec", "best_bid": "0.81", "best_ask": "0.91"}, {"asset_id": "96286079885758953696615284399030269817415728790134813853112424523816811502470", "price": "0.86", "size": "100", "side": "SELL", "hash": "a7cc19ee896238143c663d6f47902805f7b7d900", "best_bid": "0.09", "best_ask": "0.19"}], "timestamp": "1769384133121", "event_type": "price_change"}}
{"_local_timestamp": "2026-01-25T23:35:35.751857+00:00", "data": {"market": "0x075644373ee9b10679b5d9c4133202c8f537206eeb456073f0147455ceb1ccfb", "price_changes": [{"asset_id": "52615588191460470438968831832569300660020698058311540467884028012774443701200", "price": "0.15", "size": "100", "side": "BUY", "hash": "9600c7701c5fd7ed3971bd81ae7e25169d7368fe", "best_bid": "0.81", "best_ask": "0.91"}, {"asset_id": "96286079885758953696615284399030269817415728790134813853112424523816811502470", "price": "0.85", "size": "100", "side": "SELL", "hash": "5ff08913195637f5fdc0537d9c53cf20c49769fe", "best_bid": "0.09", "best_ask": "0.19"}], "timestamp": "1769384135682", "event_type": "price_change"}}
{"_local_timestamp": "2026-01-25T23:35:35.756186+00:00", "data": {"market": "0x075644373ee9b10679b5d9c4133202c8f537206eeb456073f0147455ceb1ccfb", "price_changes": [{"asset_id": "52615588191460470438968831832569300660020698058311540467884028012774443701200", "price": "0.1", "size": "400", "side": "BUY", "hash": "9600c7701c5fd7ed3971bd81ae7e25169d7368fe", "best_bid": "0.81", "best_ask": "0.91"}, {"asset_id": "96286079885758953696615284399030269817415728790134813853112424523816811502470", "price": "0.9", "size": "400", "side": "SELL", "hash": "5ff08913195637f5fdc0537d9c53cf20c49769fe", "best_bid": "0.09", "best_ask": "0.19"}], "timestamp": "1769384135682", "event_type": "price_change"}}
{"_local_timestamp": "2026-01-25T23:35:35.810964+00:00", "data": {"market": "0x075644373ee9b10679b5d9c4133202c8f537206eeb456073f0147455ceb1ccfb", "price_changes": [{"asset_id": "52615588191460470438968831832569300660020698058311540467884028012774443701200", "price": "0.08", "size": "1997.11", "side": "BUY", "hash": "4360215c70b5de7c19e7d3440918c3e9aeae85c1", "best_bid": "0.81", "best_ask": "0.91"}, {"asset_id": "96286079885758953696615284399030269817415728790134813853112424523816811502470", "price": "0.92", "size": "1997.11", "side": "SELL", "hash": "cbb1384f02b2b4c2089a56faa0a821e13a234acc", "best_bid": "0.09", "best_ask": "0.19"}], "timestamp": "1769384135747", "event_type": "price_change"}}
{"_local_timestamp": "2026-01-25T23:35:35.816302+00:00", "data": {"market": "0x075644373ee9b10679b5d9c4133202c8f537206eeb456073f0147455ceb1ccfb", "price_changes": [{"asset_id": "52615588191460470438968831832569300660020698058311540467884028012774443701200", "price": "0.08", "size": "2887.22", "side": "BUY", "hash": "c2be8a25bcd96fe43fc8ba787568d42794473768", "best_bid": "0.81", "best_ask": "0.91"}, {"asset_id": "96286079885758953696615284399030269817415728790134813853112424523816811502470", "price": "0.92", "size": "2887.22", "side": "SELL", "hash": "d3289a57a911a9911f608088ca4dc82d8ec6b25e", "best_bid": "0.09", "best_ask": "0.19"}], "timestamp": "1769384135749", "event_type": "price_change"}}
{"_local_timestamp": "2026-01-25T23:35:35.818947+00:00", "data": {"market": "0x075644373ee9b10679b5d9c4133202c8f537206eeb456073f0147455ceb1ccfb", "price_changes": [{"asset_id": "52615588191460470438968831832569300660020698058311540467884028012774443701200", "price": "0.08", "size": "4157.32", "side": "BUY", "hash": "d6b09538ac0d7936fcfd18d5de467d0f82eee43b", "best_bid": "0.81", "best_ask": "0.91"}, {"asset_id": "96286079885758953696615284399030269817415728790134813853112424523816811502470", "price": "0.92", "size": "4157.32", "side": "SELL", "hash": "593171e7826b07cb8e7b478c4e56d6c224d2e63f", "best_bid": "0.09", "best_ask": "0.19"}], "timestamp": "1769384135753", "event_type": "price_change"}}
{"_local_timestamp": "2026-01-25T23:35:36.118460+00:00", "data": {"market": "0x075644373ee9b10679b5d9c4133202c8f537206eeb456073f0147455ceb1ccfb", "price_changes": [{"asset_id": "52615588191460470438968831832569300660020698058311540467884028012774443701200", "price": "0.08", "size": "4557.32", "side": "BUY", "hash": "1849f8be93665baf385e54f13485d1bfb6a0dc81", "best_bid": "0.81", "best_ask": "0.91"}, {"asset_id": "96286079885758953696615284399030269817415728790134813853112424523816811502470", "price": "0.92", "size": "4557.32", "side": "SELL", "hash": "3ad13dfceaf34cfc6033ce82966727ec07bb23d0", "best_bid": "0.09", "best_ask": "0.19"}], "timestamp": "1769384136001", "event_type": "price_change"}}
{"_local_timestamp": "2026-01-25T23:35:36.135834+00:00", "data": {"market": "0x075644373ee9b10679b5d9c4133202c8f537206eeb456073f0147455ceb1ccfb", "price_changes": [{"asset_id": "52615588191460470438968831832569300660020698058311540467884028012774443701200", "price": "0.14", "size": "300", "side": "BUY", "hash": "fe741af1516ea47dd8f687dd72f4fa9fa672b245", "best_bid": "0.81", "best_ask": "0.91"}, {"asset_id": "96286079885758953696615284399030269817415728790134813853112424523816811502470", "price": "0.86", "size": "300", "side": "SELL", "hash": "f5ac50c0fa264cdb4fe8db7798110bfc27cd2dd4", "best_bid": "0.09", "best_ask": "0.19"}], "timestamp": "1769384136013", "event_type": "price_change"}}
{"_local_timestamp": "2026-01-25T23:35:41.059039+00:00", "data": {"market": "0x075644373ee9b10679b5d9c4133202c8f537206eeb456073f0147455ceb1ccfb", "price_changes": [{"asset_id": "52615588191460470438968831832569300660020698058311540467884028012774443701200", "price": "0.15", "size": "0", "side": "BUY", "hash": "1c9e571031f02f291c8955889ddabd4e11bc2548", "best_bid": "0.81", "best_ask": "0.91"}, {"asset_id": "96286079885758953696615284399030269817415728790134813853112424523816811502470", "price": "0.85", "size": "0", "side": "SELL", "hash": "36c7e724ed12a3d99f8914ca58ba870fef609162", "best_bid": "0.09", "best_ask": "0.19"}], "timestamp": "1769384140974", "event_type": "price_change"}}
{"_local_timestamp": "2026-01-25T23:35:41.119776+00:00", "data": {"market": "0x075644373ee9b10679b5d9c4133202c8f537206eeb456073f0147455ceb1ccfb", "price_changes": [{"asset_id": "52615588191460470438968831832569300660020698058311540467884028012774443701200", "price": "0.11", "size": "105.73", "side": "BUY", "hash": "67992406544397286b0a73b57213467d74ca41db", "best_bid": "0.81", "best_ask": "0.91"}, {"asset_id": "96286079885758953696615284399030269817415728790134813853112424523816811502470", "price": "0.89", "size": "105.73", "side": "SELL", "hash": "89c0b50d4fc9fce836227083a93e214bcd892e90", "best_bid": "0.09", "best_ask": "0.19"}], "timestamp": "1769384141029", "event_type": "price_change"}}
{"_local_timestamp": "2026-01-25T23:35:41.291670+00:00", "data": {"market": "0x075644373ee9b10679b5d9c4133202c8f537206eeb456073f0147455ceb1ccfb", "price_changes": [{"asset_id": "52615588191460470438968831832569300660020698058311540467884028012774443701200", "price": "0.11", "size": "205.73", "side": "BUY", "hash": "f03205d316ef4f7916b5ff2b9b929ed38939e8d0", "best_bid": "0.81", "best_ask": "0.91"}, {"asset_id": "96286079885758953696615284399030269817415728790134813853112424523816811502470", "price": "0.89", "size": "205.73", "side": "SELL", "hash": "a7c934b704d2dc1c00d9b034d29947c08a6e0498", "best_bid": "0.09", "best_ask": "0.19"}], "timestamp": "1769384141211", "event_type": "price_change"}}
{"_local_timestamp": "2026-01-25T23:35:53.734720+00:00", "data": {"market": "0x075644373ee9b10679b5d9c4133202c8f537206eeb456073f0147455ceb1ccfb", "price_changes": [{"asset_id": "52615588191460470438968831832569300660020698058311540467884028012774443701200", "price": "0.11", "size": "105.73", "side": "BUY", "hash": "d9b68a6a679f59600bdd518cb875b4ed86d46546", "best_bid": "0.81", "best_ask": "0.91"}, {"asset_id": "96286079885758953696615284399030269817415728790134813853112424523816811502470", "price": "0.89", "size": "105.73", "side": "SELL", "hash": "00753b0a1178db81e45877e7f2b5e3a997ccb372", "best_bid": "0.09", "best_ask": "0.19"}], "timestamp": "1769384153662", "event_type": "price_change"}}
{"_local_timestamp": "2026-01-25T23:35:53.960630+00:00", "data": {"market": "0x075644373ee9b10679b5d9c4133202c8f537206eeb456073f0147455ceb1ccfb", "price_changes": [{"asset_id": "52615588191460470438968831832569300660020698058311540467884028012774443701200", "price": "0.14", "size": "400", "side": "BUY", "hash": "3d4eba6b1314f08a15e114714935769729efc944", "best_bid": "0.81", "best_ask": "0.91"}, {"asset_id": "96286079885758953696615284399030269817415728790134813853112424523816811502470", "price": "0.86", "size": "400", "side": "SELL", "hash": "a67d4a74b837101ffa7b347d49d5b67870198f46", "best_bid": "0.09", "best_ask": "0.19"}], "timestamp": "1769384153888", "event_type": "price_change"}}
{"_local_timestamp": "2026-01-25T23:35:59.563275+00:00", "data": {"market": "0x075644373ee9b10679b5d9c4133202c8f537206eeb456073f0147455ceb1ccfb", "price_changes": [{"asset_id": "52615588191460470438968831832569300660020698058311540467884028012774443701200", "price": "0.1", "size": "300", "side": "BUY", "hash": "53042e7bd70aafebd9bdd07cc3ec5330c2e54e59", "best_bid": "0.81", "best_ask": "0.91"}, {"asset_id": "96286079885758953696615284399030269817415728790134813853112424523816811502470", "price": "0.9", "size": "300", "side": "SELL", "hash": "3b6e9502797e758966bed5c67dbe3dd801b4250d", "best_bid": "0.09", "best_ask": "0.19"}], "timestamp": "1769384159457", "event_type": "price_change"}}
{"_local_timestamp": "2026-01-25T23:35:59.818993+00:00", "data": {"market": "0x075644373ee9b10679b5d9c4133202c8f537206eeb456073f0147455ceb1ccfb", "price_changes": [{"asset_id": "52615588191460470438968831832569300660020698058311540467884028012774443701200", "price": "0.11", "size": "205.73", "side": "BUY", "hash": "89af13ee59fc13d471d48b699baaa2338ece8683", "best_bid": "0.81", "best_ask": "0.91"}, {"asset_id": "96286079885758953696615284399030269817415728790134813853112424523816811502470", "price": "0.89", "size": "205.73", "side": "SELL", "hash": "b00f65170bb09597d764182337cadc8cabfda1de", "best_bid": "0.09", "best_ask": "0.19"}], "timestamp": "1769384159737", "event_type": "price_change"}}
{"_local_timestamp": "2026-01-25T23:36:01.865146+00:00", "data": {"market": "0x075644373ee9b10679b5d9c4133202c8f537206eeb456073f0147455ceb1ccfb", "price_changes": [{"asset_id": "52615588191460470438968831832569300660020698058311540467884028012774443701200", "price": "0.14", "size": "300", "side": "BUY", "hash": "6d4a97e605037e5f0c159b7d97be6a106af8c0eb", "best_bid": "0.81", "best_ask": "0.91"}, {"asset_id": "96286079885758953696615284399030269817415728790134813853112424523816811502470", "price": "0.86", "size": "300", "side": "SELL", "hash": "082a30199f900c92d489295c65328ef3c973716b", "best_bid": "0.09", "best_ask": "0.19"}], "timestamp": "1769384161801", "event_type": "price_change"}}
{"_local_timestamp": "2026-01-25T23:36:02.187476+00:00", "data": {"market": "0x075644373ee9b10679b5d9c4133202c8f537206eeb456073f0147455ceb1ccfb", "price_changes": [{"asset_id": "52615588191460470438968831832569300660020698058311540467884028012774443701200", "price": "0.11", "size": "305.73", "side": "BUY", "hash": "327140348b7f9dcb6855bb34fe03dfe2be15fda4", "best_bid": "0.81", "best_ask": "0.91"}, {"asset_id": "96286079885758953696615284399030269817415728790134813853112424523816811502470", "price": "0.89", "size": "305.73", "side": "SELL", "hash": "98575417a97d17ba1b979f7450305817c65efbc3", "best_bid": "0.09", "best_ask": "0.19"}], "timestamp": "1769384162113", "event_type": "price_change"}}
{"_local_timestamp": "2026-01-25T23:36:23.556917+00:00", "data": {"market": "0x075644373ee9b10679b5d9c4133202c8f537206eeb456073f0147455ceb1ccfb", "price_changes": [{"asset_id": "52615588191460470438968831832569300660020698058311540467884028012774443701200", "price": "0.11", "size": "205.73", "side": "BUY", "hash": "2e5caa950fa5f7c5e6d0707bf6bdd23ae37e7bd3", "best_bid": "0.81", "best_ask": "0.91"}, {"asset_id": "96286079885758953696615284399030269817415728790134813853112424523816811502470", "price": "0.89", "size": "205.73", "side": "SELL", "hash": "35b0ac0e2b693676b76485e75d8e7a7b7459fe89", "best_bid": "0.09", "best_ask": "0.19"}], "timestamp": "1769384183488", "event_type": "price_change"}}
{"_local_timestamp": "2026-01-25T23:36:23.864791+00:00", "data": {"market": "0x075644373ee9b10679b5d9c4133202c8f537206eeb456073f0147455ceb1ccfb", "price_changes": [{"asset_id": "52615588191460470438968831832569300660020698058311540467884028012774443701200", "price": "0.08", "size": "4657.32", "side": "BUY", "hash": "f88c801a8e21557cfeab57f9c3d370f50640d059", "best_bid": "0.81", "best_ask": "0.91"}, {"asset_id": "96286079885758953696615284399030269817415728790134813853112424523816811502470", "price": "0.92", "size": "4657.32", "side": "SELL", "hash": "967d0d6aae58921f8c19892eceebb50f12a27701", "best_bid": "0.09", "best_ask": "0.19"}], "timestamp": "1769384183771", "event_type": "price_change"}}
{"_local_timestamp": "2026-01-25T23:36:31.101403+00:00", "data": {"market": "0x075644373ee9b10679b5d9c4133202c8f537206eeb456073f0147455ceb1ccfb", "price_changes": [{"asset_id": "52615588191460470438968831832569300660020698058311540467884028012774443701200", "price": "0.11", "size": "105.73", "side": "BUY", "hash": "6675711f1b08f63f4a5cf975416815cbf8105971", "best_bid": "0.81", "best_ask": "0.91"}, {"asset_id": "96286079885758953696615284399030269817415728790134813853112424523816811502470", "price": "0.89", "size": "105.73", "side": "SELL", "hash": "1e8525311b34a8fecc88fcfba6630744d2a6cb97", "best_bid": "0.09", "best_ask": "0.19"}], "timestamp": "1769384191031", "event_type": "price_change"}}
{"_local_timestamp": "2026-01-25T23:36:31.174960+00:00", "data": {"market": "0x075644373ee9b10679b5d9c4133202c8f537206eeb456073f0147455ceb1ccfb", "price_changes": [{"asset_id": "52615588191460470438968831832569300660020698058311540467884028012774443701200", "price": "0.11", "size": "5.73", "side": "BUY", "hash": "d59224e73d185dd99b74266e498d5404cb6fc559", "best_bid": "0.81", "best_ask": "0.91"}, {"asset_id": "96286079885758953696615284399030269817415728790134813853112424523816811502470", "price": "0.89", "size": "5.73", "side": "SELL", "hash": "1a2a6b1db1845dd96322a6415216e1a87eee395c", "best_bid": "0.09", "best_ask": "0.19"}], "timestamp": "1769384191107", "event_type": "price_change"}}
{"_local_timestamp": "2026-01-25T23:36:31.397294+00:00", "data": {"market": "0x075644373ee9b10679b5d9c4133202c8f537206eeb456073f0147455ceb1ccfb", "price_changes": [{"asset_id": "52615588191460470438968831832569300660020698058311540467884028012774443701200", "price": "0.08", "size": "4757.32", "side": "BUY", "hash": "980d6cf700dd61b6929307abe01672341325d5cf", "best_bid": "0.81", "best_ask": "0.91"}, {"asset_id": "96286079885758953696615284399030269817415728790134813853112424523816811502470", "price": "0.92", "size": "4757.32", "side": "SELL", "hash": "6cb8a979bad019f5a6d88b80d8e62afb7fb1ee99", "best_bid": "0.09", "best_ask": "0.19"}], "timestamp": "1769384191330", "event_type": "price_change"}}
{"_local_timestamp": "2026-01-25T23:36:31.560752+00:00", "data": {"market": "0x075644373ee9b10679b5d9c4133202c8f537206eeb456073f0147455ceb1ccfb", "price_changes": [{"asset_id": "52615588191460470438968831832569300660020698058311540467884028012774443701200", "price": "0.09", "size": "1997.11", "side": "BUY", "hash": "42fed1e882c45d9ffb1cbea8d6b323f3e1d3144e", "best_bid": "0.81", "best_ask": "0.91"}, {"asset_id": "96286079885758953696615284399030269817415728790134813853112424523816811502470", "price": "0.91", "size": "1997.11", "side": "SELL", "hash": "ff3a49d35cd5f9e5fc4da0eab45c55f21d98f535", "best_bid": "0.09", "best_ask": "0.19"}], "timestamp": "1769384191481", "event_type": "price_change"}}
{"_local_timestamp": "2026-01-25T23:36:31.561501+00:00", "data": {"market": "0x075644373ee9b10679b5d9c4133202c8f537206eeb456073f0147455ceb1ccfb", "price_changes": [{"asset_id": "52615588191460470438968831832569300660020698058311540467884028012774443701200", "price": "0.09", "size": "3267.21", "side": "BUY", "hash": "25a71eb7e8d30b3089958c232678ce9223379a64", "best_bid": "0.81", "best_ask": "0.91"}, {"asset_id": "96286079885758953696615284399030269817415728790134813853112424523816811502470", "price": "0.91", "size": "3267.21", "side": "SELL", "hash": "8700959022cf1565403ced6f453c70d37258ec7a", "best_bid": "0.09", "best_ask": "0.19"}], "timestamp": "1769384191481", "event_type": "price_change"}}
{"_local_timestamp": "2026-01-25T23:36:31.562028+00:00", "data": {"market": "0x075644373ee9b10679b5d9c4133202c8f537206eeb456073f0147455ceb1ccfb", "price_changes": [{"asset_id": "52615588191460470438968831832569300660020698058311540467884028012774443701200", "price": "0.09", "size": "4157.32", "side": "BUY", "hash": "569a6d1573c7d6777e42b0041fac9d73f8438351", "best_bid": "0.81", "best_ask": "0.91"}, {"asset_id": "96286079885758953696615284399030269817415728790134813853112424523816811502470", "price": "0.91", "size": "4157.32", "side": "SELL", "hash": "39ffea6ed43566b243132b003e75322ee21d1065", "best_bid": "0.09", "best_ask": "0.19"}], "timestamp": "1769384191482", "event_type": "price_change"}}
{"_local_timestamp": "2026-01-25T23:36:31.980913+00:00", "data": {"market": "0x075644373ee9b10679b5d9c4133202c8f537206eeb456073f0147455ceb1ccfb", "price_changes": [{"asset_id": "52615588191460470438968831832569300660020698058311540467884028012774443701200", "price": "0.08", "size": "4857.32", "side": "BUY", "hash": "0300c16fc983910ffce6f337645d2856fa1bbc81", "best_bid": "0.81", "best_ask": "0.91"}, {"asset_id": "96286079885758953696615284399030269817415728790134813853112424523816811502470", "price": "0.92", "size": "4857.32", "side": "SELL", "hash": "03ebb950fbc8b63eb982f23d135ba58702f0a04c", "best_bid": "0.09", "best_ask": "0.19"}], "timestamp": "1769384191896", "event_type": "price_change"}}
{"_local_timestamp": "2026-01-25T23:36:58.306631+00:00", "data": {"market": "0x075644373ee9b10679b5d9c4133202c8f537206eeb456073f0147455ceb1ccfb", "price_changes": [{"asset_id": "52615588191460470438968831832569300660020698058311540467884028012774443701200", "price": "0.1", "size": "0", "side": "BUY", "hash": "b61ab9364a72f6411f3611036c43a81ecbd7ba64", "best_bid": "0.81", "best_ask": "0.91"}, {"asset_id": "96286079885758953696615284399030269817415728790134813853112424523816811502470", "price": "0.9", "size": "0", "side": "SELL", "hash": "ccba106c3bfd8f3493aead9da811b3d249333103", "best_bid": "0.09", "best_ask": "0.19"}], "timestamp": "1769384218091", "event_type": "price_change"}}
{"_local_timestamp": "2026-01-25T23:36:58.440517+00:00", "data": {"market": "0x075644373ee9b10679b5d9c4133202c8f537206eeb456073f0147455ceb1ccfb", "price_changes": [{"asset_id": "52615588191460470438968831832569300660020698058311540467884028012774443701200", "price": "0.08", "size": "700", "side": "BUY", "hash": "6c613ec072c3f17fa867355027a964cc83183113", "best_bid": "0.81", "best_ask": "0.91"}, {"asset_id": "96286079885758953696615284399030269817415728790134813853112424523816811502470", "price": "0.92", "size": "700", "side": "SELL", "hash": "a8c770a23d25f050ba7bf7ddb364e5eaea7a5dcf", "best_bid": "0.09", "best_ask": "0.19"}], "timestamp": "1769384218335", "event_type": "price_change"}}
{"_local_timestamp": "2026-01-25T23:37:03.057478+00:00", "data": {"market": "0x075644373ee9b10679b5d9c4133202c8f537206eeb456073f0147455ceb1ccfb", "price_changes": [{"asset_id": "52615588191460470438968831832569300660020698058311540467884028012774443701200", "price": "0.08", "size": "300", "side": "BUY", "hash": "f9965bbd6b0f5c245e241ef34759abb3ecfff400", "best_bid": "0.81", "best_ask": "0.91"}, {"asset_id": "96286079885758953696615284399030269817415728790134813853112424523816811502470", "price": "0.92", "size": "300", "side": "SELL", "hash": "d1f8370d4a91faba4f26201fae4c5c578dd776b8", "best_bid": "0.09", "best_ask": "0.19"}], "timestamp": "1769384222860", "event_type": "price_change"}}
{"_local_timestamp": "2026-01-25T23:37:03.058168+00:00", "data": {"market": "0x075644373ee9b10679b5d9c4133202c8f537206eeb456073f0147455ceb1ccfb", "price_changes": [{"asset_id": "52615588191460470438968831832569300660020698058311540467884028012774443701200", "price": "0.08", "size": "1570.1", "side": "BUY", "hash": "5be5b05535ab1c5ecb2d910524957c2fc8ed51c1", "best_bid": "0.81", "best_ask": "0.91"}, {"asset_id": "96286079885758953696615284399030269817415728790134813853112424523816811502470", "price": "0.92", "size": "1570.1", "side": "SELL", "hash": "c4981d68a0b792a4577422bc799acbdb5d6cadda", "best_bid": "0.09", "best_ask": "0.19"}], "timestamp": "1769384222934", "event_type": "price_change"}}
{"_local_timestamp": "2026-01-25T23:37:03.058876+00:00", "data": {"market": "0x075644373ee9b10679b5d9c4133202c8f537206eeb456073f0147455ceb1ccfb", "price_changes": [{"asset_id": "52615588191460470438968831832569300660020698058311540467884028012774443701200", "price": "0.08", "size": "2460.21", "side": "BUY", "hash": "8a00e8b550473cfafc9511f384a326d951a113c1", "best_bid": "0.81", "best_ask": "0.91"}, {"asset_id": "96286079885758953696615284399030269817415728790134813853112424523816811502470", "price": "0.92", "size": "2460.21", "side": "SELL", "hash": "c1b7a20f1cad450295bf65b14cc019d49a4c0fc3", "best_bid": "0.09", "best_ask": "0.19"}], "timestamp": "1769384222935", "event_type": "price_change"}}
{"_local_timestamp": "2026-01-25T23:37:03.110739+00:00", "data": {"market": "0x075644373ee9b10679b5d9c4133202c8f537206eeb456073f0147455ceb1ccfb", "price_changes": [{"asset_id": "52615588191460470438968831832569300660020698058311540467884028012774443701200", "price": "0.08", "size": "4457.32", "side": "BUY", "hash": "b525c7d702942785dc920b70a1e7fb27eedfc43e", "best_bid": "0.81", "best_ask": "0.91"}, {"asset_id": "96286079885758953696615284399030269817415728790134813853112424523816811502470", "price": "0.92", "size": "4457.32", "side": "SELL", "hash": "d84888923d4bdf208d3a8d1b67dd9d1079aa830d", "best_bid": "0.09", "best_ask": "0.19"}], "timestamp": "1769384223041", "event_type": "price_change"}}
{"_local_timestamp": "2026-01-25T23:37:03.216587+00:00", "data": {"market": "0x075644373ee9b10679b5d9c4133202c8f537206eeb456073f0147455ceb1ccfb", "price_changes": [{"asset_id": "52615588191460470438968831832569300660020698058311540467884028012774443701200", "price": "0.09", "size": "4557.32", "side": "BUY", "hash": "317dd6c733eb0195fc7d1952a5964dc6454f8776", "best_bid": "0.81", "best_ask": "0.91"}, {"asset_id": "96286079885758953696615284399030269817415728790134813853112424523816811502470", "price": "0.91", "size": "4557.32", "side": "SELL", "hash": "0a994becd6ad9a049dc1bd881c71d1173fe01b86", "best_bid": "0.09", "best_ask": "0.19"}], "timestamp": "1769384223136", "event_type": "price_change"}}
{"_local_timestamp": "2026-01-25T23:37:32.006994+00:00", "data": {"market": "0x075644373ee9b10679b5d9c4133202c8f537206eeb456073f0147455ceb1ccfb", "price_changes": [{"asset_id": "52615588191460470438968831832569300660020698058311540467884028012774443701200", "price": "0.08", "size": "4357.32", "side": "BUY", "hash": "8f0bdeff767213925f561cd12894d880ea12c9ed", "best_bid": "0.81", "best_ask": "0.91"}, {"asset_id": "96286079885758953696615284399030269817415728790134813853112424523816811502470", "price": "0.92", "size": "4357.32", "side": "SELL", "hash": "7db90fe7920d93694cd07b8ac63c17b71118f1be", "best_bid": "0.09", "best_ask": "0.19"}], "timestamp": "1769384251902", "event_type": "price_change"}}
{"_local_timestamp": "2026-01-25T23:37:32.128646+00:00", "data": {"market": "0x075644373ee9b10679b5d9c4133202c8f537206eeb456073f0147455ceb1ccfb", "price_changes": [{"asset_id": "52615588191460470438968831832569300660020698058311540467884028012774443701200", "price": "0.09", "size": "400", "side": "BUY", "hash": "06ff8731216f069dbae777321a093d55c80bcd36", "best_bid": "0.81", "best_ask": "0.91"}, {"asset_id": "96286079885758953696615284399030269817415728790134813853112424523816811502470", "price": "0.91", "size": "400", "side": "SELL", "hash": "820c5af1e8a17d42232476838d6eb148fd547abc", "best_bid": "0.09", "best_ask": "0.19"}], "timestamp": "1769384251997", "event_type": "price_change"}}
{"_local_timestamp": "2026-01-25T23:37:32.305644+00:00", "data": {"market": "0x075644373ee9b10679b5d9c4133202c8f537206eeb456073f0147455ceb1ccfb", "price_changes": [{"asset_id": "52615588191460470438968831832569300660020698058311540467884028012774443701200", "price": "0.09", "size": "500", "side": "BUY", "hash": "4b466584bb03a119ad46016e76d52a9d8fd9e13a", "best_bid": "0.81", "best_ask": "0.91"}, {"asset_id": "96286079885758953696615284399030269817415728790134813853112424523816811502470", "price": "0.91", "size": "500", "side": "SELL", "hash": "e0d8152e2177c020397849df89fd24725c54dfcc", "best_bid": "0.09", "best_ask": "0.19"}], "timestamp": "1769384252175", "event_type": "price_change"}}
{"_local_timestamp": "2026-01-25T23:37:35.558747+00:00", "data": {"market": "0x075644373ee9b10679b5d9c4133202c8f537206eeb456073f0147455ceb1ccfb", "price_changes": [{"asset_id": "52615588191460470438968831832569300660020698058311540467884028012774443701200", "price": "0.08", "size": "4257.32", "side": "BUY", "hash": "cab8ba17f807eff25e023c74838fba9a22a13afc", "best_bid": "0.81", "best_ask": "0.91"}, {"asset_id": "96286079885758953696615284399030269817415728790134813853112424523816811502470", "price": "0.92", "size": "4257.32", "side": "SELL", "hash": "431abc71a928b6fec67644c63980fd915ff431d7", "best_bid": "0.09", "best_ask": "0.19"}], "timestamp": "1769384255481", "event_type": "price_change"}}
{"_local_timestamp": "2026-01-25T23:37:35.821886+00:00", "data": {"market": "0x075644373ee9b10679b5d9c4133202c8f537206eeb456073f0147455ceb1ccfb", "price_changes": [{"asset_id": "52615588191460470438968831832569300660020698058311540467884028012774443701200", "price": "0.09", "size": "600", "side": "BUY", "hash": "20e2c673c6564d617231dc0230e2b84324acb800", "best_bid": "0.81", "best_ask": "0.91"}, {"asset_id": "96286079885758953696615284399030269817415728790134813853112424523816811502470", "price": "0.91", "size": "600", "side": "SELL", "hash": "24b8342fd84e73d26c4c82ce6308a3fb699ab996", "best_bid": "0.09", "best_ask": "0.19"}], "timestamp": "1769384255750", "event_type": "price_change"}}
{"_local_timestamp": "2026-01-25T23:37:35.919798+00:00", "data": {"market": "0x075644373ee9b10679b5d9c4133202c8f537206eeb456073f0147455ceb1ccfb", "price_changes": [{"asset_id": "52615588191460470438968831832569300660020698058311540467884028012774443701200", "price": "0.1", "size": "890.11", "side": "BUY", "hash": "db07ef73f6a7421e684fb6e7eedc825a01921617", "best_bid": "0.81", "best_ask": "0.91"}, {"asset_id": "96286079885758953696615284399030269817415728790134813853112424523816811502470", "price": "0.9", "size": "890.11", "side": "SELL", "hash": "0b41579348d08d34a2640d187d9b88235058bb0d", "best_bid": "0.09", "best_ask": "0.19"}], "timestamp": "1769384255847", "event_type": "price_change"}}
{"_local_timestamp": "2026-01-25T23:37:35.944795+00:00", "data": {"market": "0x075644373ee9b10679b5d9c4133202c8f537206eeb456073f0147455ceb1ccfb", "price_changes": [{"asset_id": "52615588191460470438968831832569300660020698058311540467884028012774443701200", "price": "0.1", "size": "2160.21", "side": "BUY", "hash": "b11ca8dd9445295c7c9fccbb83eb8c31080c962e", "best_bid": "0.81", "best_ask": "0.91"}, {"asset_id": "96286079885758953696615284399030269817415728790134813853112424523816811502470", "price": "0.9", "size": "2160.21", "side": "SELL", "hash": "4139a6cb77bf58667c6e0986fefab3f35c931970", "best_bid": "0.09", "best_ask": "0.19"}], "timestamp": "1769384255880", "event_type": "price_change"}}
{"_local_timestamp": "2026-01-25T23:37:36.171627+00:00", "data": {"market": "0x075644373ee9b10679b5d9c4133202c8f537206eeb456073f0147455ceb1ccfb", "price_changes": [{"asset_id": "52615588191460470438968831832569300660020698058311540467884028012774443701200", "price": "0.1", "size": "4157.32", "side": "BUY", "hash": "bff2a8b7cbe9c715b383fa26f2be533c4e988bd5", "best_bid": "0.81", "best_ask": "0.91"}, {"asset_id": "96286079885758953696615284399030269817415728790134813853112424523816811502470", "price": "0.9", "size": "4157.32", "side": "SELL", "hash": "119a5661b9524350f3e8f525033ed853af6ffd98", "best_bid": "0.09", "best_ask": "0.19"}], "timestamp": "1769384256109", "event_type": "price_change"}}
{"_local_timestamp": "2026-01-25T23:37:37.939318+00:00", "data": {"market": "0x075644373ee9b10679b5d9c4133202c8f537206eeb456073f0147455ceb1ccfb", "price_changes": [{"asset_id": "52615588191460470438968831832569300660020698058311540467884028012774443701200", "price": "0.08", "size": "4157.32", "side": "BUY", "hash": "4751e7742b0d47decd57154d923504bb8813803a", "best_bid": "0.81", "best_ask": "0.91"}, {"asset_id": "96286079885758953696615284399030269817415728790134813853112424523816811502470", "price": "0.92", "size": "4157.32", "side": "SELL", "hash": "062f8220c477c86bc19039f8ecadda1799932eea", "best_bid": "0.09", "best_ask": "0.19"}], "timestamp": "1769384257875", "event_type": "price_change"}}
{"_local_timestamp": "2026-01-25T23:37:38.225556+00:00", "data": {"market": "0x075644373ee9b10679b5d9c4133202c8f537206eeb456073f0147455ceb1ccfb", "price_changes": [{"asset_id": "52615588191460470438968831832569300660020698058311540467884028012774443701200", "price": "0.09", "size": "700", "side": "BUY", "hash": "48930b9f6ce88a86e2585a5c241afa97aee74476", "best_bid": "0.81", "best_ask": "0.91"}, {"asset_id": "96286079885758953696615284399030269817415728790134813853112424523816811502470", "price": "0.91", "size": "700", "side": "SELL", "hash": "3ed7a55cf78aa1c9eca8c5504711e1f8df1397f3", "best_bid": "0.09", "best_ask": "0.19"}], "timestamp": "1769384258158", "event_type": "price_change"}}
{"_local_timestamp": "2026-01-25T23:37:47.978150+00:00", "data": {"market": "0x075644373ee9b10679b5d9c4133202c8f537206eeb456073f0147455ceb1ccfb", "price_changes": [{"asset_id": "52615588191460470438968831832569300660020698058311540467884028012774443701200", "price": "0.09", "size": "300", "side": "BUY", "hash": "a4cb84cba469064545a6bf59dd9be42623225a88", "best_bid": "0.81", "best_ask": "0.91"}, {"asset_id": "96286079885758953696615284399030269817415728790134813853112424523816811502470", "price": "0.91", "size": "300", "side": "SELL", "hash": "ea4f1effdf08d900aa4d41f17c8eb270c477755f", "best_bid": "0.09", "best_ask": "0.19"}], "timestamp": "1769384267899", "event_type": "price_change"}}
{"_local_timestamp": "2026-01-25T23:37:48.265606+00:00", "data": {"market": "0x075644373ee9b10679b5d9c4133202c8f537206eeb456073f0147455ceb1ccfb", "price_changes": [{"asset_id": "52615588191460470438968831832569300660020698058311540467884028012774443701200", "price": "0.08", "size": "4557.32", "side": "BUY", "hash": "bcecf09340182e3c1120a622510b6bcb6c3744ce", "best_bid": "0.81", "best_ask": "0.91"}, {"asset_id": "96286079885758953696615284399030269817415728790134813853112424523816811502470", "price": "0.92", "size": "4557.32", "side": "SELL", "hash": "6ee3f21127d717579ead16e73dc9cb128df1e81b", "best_bid": "0.09", "best_ask": "0.19"}], "timestamp": "1769384268189", "event_type": "price_change"}}
{"_local_timestamp": "2026-01-25T23:38:00.544668+00:00", "data": {"market": "0x075644373ee9b10679b5d9c4133202c8f537206eeb456073f0147455ceb1ccfb", "price_changes": [{"asset_id": "52615588191460470438968831832569300660020698058311540467884028012774443701200", "price": "0.39", "size": "300", "side": "BUY", "hash": "c9957622f3f976586f2668ee83efb4f97325ccb3", "best_bid": "0.81", "best_ask": "0.91"}, {"asset_id": "96286079885758953696615284399030269817415728790134813853112424523816811502470", "price": "0.61", "size": "300", "side": "SELL", "hash": "9f3b036c63d141bf3e02a0354c84c0603232ec84", "best_bid": "0.09", "best_ask": "0.19"}], "timestamp": "1769384280466", "event_type": "price_change"}}
{"_local_timestamp": "2026-01-25T23:38:00.629270+00:00", "data": {"market": "0x075644373ee9b10679b5d9c4133202c8f537206eeb456073f0147455ceb1ccfb", "price_changes": [{"asset_id": "52615588191460470438968831832569300660020698058311540467884028012774443701200", "price": "0.1", "size": "0", "side": "BUY", "hash": "e8eb4676dcd06194faeb7694c160cc814c1ae2e0", "best_bid": "0.81", "best_ask": "0.91"}, {"asset_id": "96286079885758953696615284399030269817415728790134813853112424523816811502470", "price": "0.9", "size": "0", "side": "SELL", "hash": "42215630ec0c1d393bbf776c60be3e2836da16ab", "best_bid": "0.09", "best_ask": "0.19"}], "timestamp": "1769384280543", "event_type": "price_change"}}
{"_local_timestamp": "2026-01-25T23:38:00.706535+00:00", "data": {"market": "0x075644373ee9b10679b5d9c4133202c8f537206eeb456073f0147455ceb1ccfb", "price_changes": [{"asset_id": "52615588191460470438968831832569300660020698058311540467884028012774443701200", "price": "0.4", "size": "1015.11", "side": "BUY", "hash": "1e48d0bcecb4438767815a7a66594e3f2d6c3ebc", "best_bid": "0.81", "best_ask": "0.91"}, {"asset_id": "96286079885758953696615284399030269817415728790134813853112424523816811502470", "price": "0.6", "size": "1015.11", "side": "SELL", "hash": "d5b88d284f5d0263f51eaeb4e7ce56f3f51e5e76", "best_bid": "0.09", "best_ask": "0.19"}], "timestamp": "1769384280636", "event_type": "price_change"}}
{"_local_timestamp": "2026-01-25T23:38:00.707204+00:00", "data": {"market": "0x075644373ee9b10679b5d9c4133202c8f537206eeb456073f0147455ceb1ccfb", "price_changes": [{"asset_id": "52615588191460470438968831832569300660020698058311540467884028012774443701200", "price": "0.39", "size": "1190.11", "side": "BUY", "hash": "219212d9f61a6f67c6cf8076eff401f85624db86", "best_bid": "0.81", "best_ask": "0.91"}, {"asset_id": "96286079885758953696615284399030269817415728790134813853112424523816811502470", "price": "0.61", "size": "1190.11", "side": "SELL", "hash": "e9ea9e3eaca67a01ba85a7d1dbb0e50e7d748254", "best_bid": "0.09", "best_ask": "0.19"}], "timestamp": "1769384280637", "event_type": "price_change"}}
{"_local_timestamp": "2026-01-25T23:38:02.355717+00:00", "data": {"market": "0x075644373ee9b10679b5d9c4133202c8f537206eeb456073f0147455ceb1ccfb", "price_changes": [{"asset_id": "52615588191460470438968831832569300660020698058311540467884028012774443701200", "price": "0.09", "size": "200", "side": "BUY", "hash": "0951aad6b82412a7c6fcf1535016c9f42abfe75f", "best_bid": "0.81", "best_ask": "0.91"}, {"asset_id": "96286079885758953696615284399030269817415728790134813853112424523816811502470", "price": "0.91", "size": "200", "side": "SELL", "hash": "0e5c53b6dd6dfa94a7b3cd8c93d520c24604b1fc", "best_bid": "0.09", "best_ask": "0.19"}], "timestamp": "1769384282282", "event_type": "price_change"}}
{"_local_timestamp": "2026-01-25T23:38:02.629261+00:00", "data": {"market": "0x075644373ee9b10679b5d9c4133202c8f537206eeb456073f0147455ceb1ccfb", "price_changes": [{"asset_id": "52615588191460470438968831832569300660020698058311540467884028012774443701200", "price": "0.1", "size": "100", "side": "BUY", "hash": "abe3875d42c69b3c583dda2c5f94e2c62e06b7a9", "best_bid": "0.81", "best_ask": "0.91"}, {"asset_id": "96286079885758953696615284399030269817415728790134813853112424523816811502470", "price": "0.9", "size": "100", "side": "SELL", "hash": "ba1d9651f453df2a2082dbad18ebf10f5a02078b", "best_bid": "0.09", "best_ask": "0.19"}], "timestamp": "1769384282561", "event_type": "price_change"}}
{"_local_timestamp": "2026-01-25T23:38:04.810856+00:00", "data": {"market": "0x075644373ee9b10679b5d9c4133202c8f537206eeb456073f0147455ceb1ccfb", "price_changes": [{"asset_id": "52615588191460470438968831832569300660020698058311540467884028012774443701200", "price": "0.09", "size": "100", "side": "BUY", "hash": "7578e23ea2307f64086d66bbfc396915522fac4a", "best_bid": "0.81", "best_ask": "0.91"}, {"asset_id": "96286079885758953696615284399030269817415728790134813853112424523816811502470", "price": "0.91", "size": "100", "side": "SELL", "hash": "9829da176206db7c54f279df26baaf1c98f6741e", "best_bid": "0.09", "best_ask": "0.19"}], "timestamp": "1769384284736", "event_type": "price_change"}}
{"_local_timestamp": "2026-01-25T23:38:04.878864+00:00", "data": {"market": "0x075644373ee9b10679b5d9c4133202c8f537206eeb456073f0147455ceb1ccfb", "price_changes": [{"asset_id": "52615588191460470438968831832569300660020698058311540467884028012774443701200", "price": "0.38", "size": "0", "side": "BUY", "hash": "702355c51cf66f5c1b4825255b34b15b4c04811b", "best_bid": "0.81", "best_ask": "0.91"}, {"asset_id": "96286079885758953696615284399030269817415728790134813853112424523816811502470", "price": "0.62", "size": "0", "side": "SELL", "hash": "a20a5f6ee5d58867fd72574df74125084c0b66b5", "best_bid": "0.09", "best_ask": "0.19"}], "timestamp": "1769384284815", "event_type": "price_change"}}
{"_local_timestamp": "2026-01-25T23:38:04.887363+00:00", "data": {"market": "0x075644373ee9b10679b5d9c4133202c8f537206eeb456073f0147455ceb1ccfb", "price_changes": [{"asset_id": "52615588191460470438968831832569300660020698058311540467884028012774443701200", "price": "0.37", "size": "200", "side": "BUY", "hash": "702355c51cf66f5c1b4825255b34b15b4c04811b", "best_bid": "0.81", "best_ask": "0.91"}, {"asset_id": "96286079885758953696615284399030269817415728790134813853112424523816811502470", "price": "0.63", "size": "200", "side": "SELL", "hash": "a20a5f6ee5d58867fd72574df74125084c0b66b5", "best_bid": "0.09", "best_ask": "0.19"}], "timestamp": "1769384284815", "event_type": "price_change"}}
{"_local_timestamp": "2026-01-25T23:38:05.101436+00:00", "data": {"market": "0x075644373ee9b10679b5d9c4133202c8f537206eeb456073f0147455ceb1ccfb", "price_changes": [{"asset_id": "52615588191460470438968831832569300660020698058311540467884028012774443701200", "price": "0.1", "size": "200", "side": "BUY", "hash": "5e8adfe415e717bed2c70380171575f5ba23ea2c", "best_bid": "0.81", "best_ask": "0.91"}, {"asset_id": "96286079885758953696615284399030269817415728790134813853112424523816811502470", "price": "0.9", "size": "200", "side": "SELL", "hash": "1873c0aa76d9cbf23a90f800d4a8b14557b78bdb", "best_bid": "0.09", "best_ask": "0.19"}], "timestamp": "1769384285005", "event_type": "price_change"}}
{"_local_timestamp": "2026-01-25T23:38:09.880774+00:00", "data": {"market": "0x075644373ee9b10679b5d9c4133202c8f537206eeb456073f0147455ceb1ccfb", "price_changes": [{"asset_id": "52615588191460470438968831832569300660020698058311540467884028012774443701200", "price": "0.08", "size": "4157.32", "side": "BUY", "hash": "baef7018e3671b6d48d8da53fffd16192fdcb0c5", "best_bid": "0.81", "best_ask": "0.91"}, {"asset_id": "96286079885758953696615284399030269817415728790134813853112424523816811502470", "price": "0.92", "size": "4157.32", "side": "SELL", "hash": "f7442e30e71986e1a463b4df2b73250737e3e268", "best_bid": "0.09", "best_ask": "0.19"}], "timestamp": "1769384289781", "event_type": "price_change"}}
{"_local_timestamp": "2026-01-25T23:38:10.250955+00:00", "data": {"market": "0x075644373ee9b10679b5d9c4133202c8f537206eeb456073f0147455ceb1ccfb", "price_changes": [{"asset_id": "52615588191460470438968831832569300660020698058311540467884028012774443701200", "price": "0.1", "size": "600", "side": "BUY", "hash": "0117840a517788654d4e547ee26f2a54d0e8a1c5", "best_bid": "0.81", "best_ask": "0.91"}, {"asset_id": "96286079885758953696615284399030269817415728790134813853112424523816811502470", "price": "0.9", "size": "600", "side": "SELL", "hash": "c83c0038053306064e3bc84d08727b354e1fc564", "best_bid": "0.09", "best_ask": "0.19"}], "timestamp": "1769384290052", "event_type": "price_change"}}
{"_local_timestamp": "2026-01-25T23:38:10.379303+00:00", "data": {"market": "0x075644373ee9b10679b5d9c4133202c8f537206eeb456073f0147455ceb1ccfb", "price_changes": [{"asset_id": "52615588191460470438968831832569300660020698058311540467884028012774443701200", "price": "0.11", "size": "1275.83", "side": "BUY", "hash": "7067667a9283416dfe651b2b82e7d9ba2fd8f46a", "best_bid": "0.81", "best_ask": "0.91"}, {"asset_id": "96286079885758953696615284399030269817415728790134813853112424523816811502470", "price": "0.89", "size": "1275.83", "side": "SELL", "hash": "839840348f90af347785b7179f03894576765686", "best_bid": "0.09", "best_ask": "0.19"}], "timestamp": "1769384290227", "event_type": "price_change"}}
{"_local_timestamp": "2026-01-25T23:38:10.381270+00:00", "data": {"market": "0x075644373ee9b10679b5d9c4133202c8f537206eeb456073f0147455ceb1ccfb", "price_changes": [{"asset_id": "52615588191460470438968831832569300660020698058311540467884028012774443701200", "price": "0.11", "size": "2165.94", "side": "BUY", "hash": "68857ec34a9e536b874df09d582bb44cd53d7859", "best_bid": "0.81", "best_ask": "0.91"}, {"asset_id": "96286079885758953696615284399030269817415728790134813853112424523816811502470", "price": "0.89", "size": "2165.94", "side": "SELL", "hash": "8d85303aefeee091bd68d1808fee0290e63d969a", "best_bid": "0.09", "best_ask": "0.19"}], "timestamp": "1769384290228", "event_type": "price_change"}}
{"_local_timestamp": "2026-01-25T23:38:10.382005+00:00", "data": {"market": "0x075644373ee9b10679b5d9c4133202c8f537206eeb456073f0147455ceb1ccfb", "price_changes": [{"asset_id": "52615588191460470438968831832569300660020698058311540467884028012774443701200", "price": "0.11", "size": "4163.05", "side": "BUY", "hash": "2f70452b7243a4aedccb1cc0538c9e0794238d66", "best_bid": "0.81", "best_ask": "0.91"}, {"asset_id": "96286079885758953696615284399030269817415728790134813853112424523816811502470", "price": "0.89", "size": "4163.05", "side": "SELL", "hash": "7a105592b13c1d2d9d6191827811494be8538f97", "best_bid": "0.09", "best_ask": "0.19"}], "timestamp": "1769384290229", "event_type": "price_change"}}
{"_local_timestamp": "2026-01-25T23:38:10.478350+00:00", "data": {"market": "0x075644373ee9b10679b5d9c4133202c8f537206eeb456073f0147455ceb1ccfb", "price_changes": [{"asset_id": "52615588191460470438968831832569300660020698058311540467884028012774443701200", "price": "0.09", "size": "0", "side": "BUY", "hash": "43b96f53bddd9544011b632a6ebf226b5c8d9205", "best_bid": "0.81", "best_ask": "0.91"}, {"asset_id": "96286079885758953696615284399030269817415728790134813853112424523816811502470", "price": "0.91", "size": "0", "side": "SELL", "hash": "44fd39a14719187610b0bcd0644ddee87010a231", "best_bid": "0.09", "best_ask": "0.19"}], "timestamp": "1769384290360", "event_type": "price_change"}}
{"_local_timestamp": "2026-01-25T23:38:10.807575+00:00", "data": {"market": "0x075644373ee9b10679b5d9c4133202c8f537206eeb456073f0147455ceb1ccfb", "price_changes": [{"asset_id": "52615588191460470438968831832569300660020698058311540467884028012774443701200", "price": "0.1", "size": "700", "side": "BUY", "hash": "bda563026cfffb84454b8ea8765581c674233cb8", "best_bid": "0.81", "best_ask": "0.91"}, {"asset_id": "96286079885758953696615284399030269817415728790134813853112424523816811502470", "price": "0.9", "size": "700", "side": "SELL", "hash": "c7e331e8ca3292183d5481c30ef8d8986cad8c97", "best_bid": "0.09", "best_ask": "0.19"}], "timestamp": "1769384290735", "event_type": "price_change"}}
{"_local_timestamp": "2026-01-25T23:38:27.635736+00:00", "data": {"market": "0x075644373ee9b10679b5d9c4133202c8f537206eeb456073f0147455ceb1ccfb", "price_changes": [{"asset_id": "52615588191460470438968831832569300660020698058311540467884028012774443701200", "price": "0.1", "size": "600", "side": "BUY", "hash": "f9fa518ffb6e3b592a2627789dcf37bf96ddd4df", "best_bid": "0.81", "best_ask": "0.91"}, {"asset_id": "96286079885758953696615284399030269817415728790134813853112424523816811502470", "price": "0.9", "size": "600", "side": "SELL", "hash": "e5a532ba6fe5e7484992bd64f80d01cda90fd535", "best_bid": "0.09", "best_ask": "0.19"}], "timestamp": "1769384307569", "event_type": "price_change"}}
{"_local_timestamp": "2026-01-25T23:38:27.752400+00:00", "data": {"market": "0x075644373ee9b10679b5d9c4133202c8f537206eeb456073f0147455ceb1ccfb", "price_changes": [{"asset_id": "52615588191460470438968831832569300660020698058311540467884028012774443701200", "price": "0.08", "size": "0", "side": "BUY", "hash": "9509ad8bdfbe8f4bcc92e849f6e2f00a8132fa00", "best_bid": "0.81", "best_ask": "0.91"}, {"asset_id": "96286079885758953696615284399030269817415728790134813853112424523816811502470", "price": "0.92", "size": "0", "side": "SELL", "hash": "03b00a80cd1e8d1acfb7c8541657934aaa31284e", "best_bid": "0.09", "best_ask": "0.19"}], "timestamp": "1769384307681", "event_type": "price_change"}}
{"_local_timestamp": "2026-01-25T23:38:27.925298+00:00", "data": {"market": "0x075644373ee9b10679b5d9c4133202c8f537206eeb456073f0147455ceb1ccfb", "price_changes": [{"asset_id": "52615588191460470438968831832569300660020698058311540467884028012774443701200", "price": "0.08", "size": "100", "side": "BUY", "hash": "0e5548983010157d9c02faa1f8f5ab11a45dd9ac", "best_bid": "0.81", "best_ask": "0.91"}, {"asset_id": "96286079885758953696615284399030269817415728790134813853112424523816811502470", "price": "0.92", "size": "100", "side": "SELL", "hash": "562f2d11627336c4e6101754940cf7bcd8b29df2", "best_bid": "0.09", "best_ask": "0.19"}], "timestamp": "1769384307857", "event_type": "price_change"}}
{"_local_timestamp": "2026-01-25T23:38:30.301503+00:00", "data": {"market": "0x075644373ee9b10679b5d9c4133202c8f537206eeb456073f0147455ceb1ccfb", "price_changes": [{"asset_id": "52615588191460470438968831832569300660020698058311540467884028012774443701200", "price": "0.1", "size": "200", "side": "BUY", "hash": "3819f0dcffd8c1edcce82f98d725bb674535802a", "best_bid": "0.81", "best_ask": "0.91"}, {"asset_id": "96286079885758953696615284399030269817415728790134813853112424523816811502470", "price": "0.9", "size": "200", "side": "SELL", "hash": "9f9c6d3b8c73ec31e5233f6892b15ac26fe1f8b8", "best_bid": "0.09", "best_ask": "0.19"}], "timestamp": "1769384310234", "event_type": "price_change"}}
{"_local_timestamp": "2026-01-25T23:38:30.441311+00:00", "data": {"market": "0x075644373ee9b10679b5d9c4133202c8f537206eeb456073f0147455ceb1ccfb", "price_changes": [{"asset_id": "52615588191460470438968831832569300660020698058311540467884028012774443701200", "price": "0.08", "size": "990.11", "side": "BUY", "hash": "49d8808f620728e12486dcee4842e483dfb42855", "best_bid": "0.81", "best_ask": "0.91"}, {"asset_id": "96286079885758953696615284399030269817415728790134813853112424523816811502470", "price": "0.92", "size": "990.11", "side": "SELL", "hash": "7fb9d018f973882371e1d77f84bf883e302b503c", "best_bid": "0.09", "best_ask": "0.19"}], "timestamp": "1769384310374", "event_type": "price_change"}}
{"_local_timestamp": "2026-01-25T23:38:30.480023+00:00", "data": {"market": "0x075644373ee9b10679b5d9c4133202c8f537206eeb456073f0147455ceb1ccfb", "price_changes": [{"asset_id": "52615588191460470438968831832569300660020698058311540467884028012774443701200", "price": "0.08", "size": "2987.22", "side": "BUY", "hash": "886f931fa3d9f76b038642d27d4177fe89aa4ac6", "best_bid": "0.81", "best_ask": "0.91"}, {"asset_id": "96286079885758953696615284399030269817415728790134813853112424523816811502470", "price": "0.92", "size": "2987.22", "side": "SELL", "hash": "fb886e47ed600ad891ea4c0a1e721c4434be4bfb", "best_bid": "0.09", "best_ask": "0.19"}], "timestamp": "1769384310411", "event_type": "price_change"}}
{"_local_timestamp": "2026-01-25T23:38:30.480739+00:00", "data": {"market": "0x075644373ee9b10679b5d9c4133202c8f537206eeb456073f0147455ceb1ccfb", "price_changes": [{"asset_id": "52615588191460470438968831832569300660020698058311540467884028012774443701200", "price": "0.08", "size": "4257.32", "side": "BUY", "hash": "02dc7566341484138aa3f6f348f0944d6a32df96", "best_bid": "0.81", "best_ask": "0.91"}, {"asset_id": "96286079885758953696615284399030269817415728790134813853112424523816811502470", "price": "0.92", "size": "4257.32", "side": "SELL", "hash": "eddc29fafc388b2c40688e06241cff00da7fa2d0", "best_bid": "0.09", "best_ask": "0.19"}], "timestamp": "1769384310412", "event_type": "price_change"}}
{"_local_timestamp": "2026-01-25T23:38:30.575687+00:00", "data": {"market": "0x075644373ee9b10679b5d9c4133202c8f537206eeb456073f0147455ceb1ccfb", "price_changes": [{"asset_id": "52615588191460470438968831832569300660020698058311540467884028012774443701200", "price": "0.11", "size": "4563.05", "side": "BUY", "hash": "de567fbf7022d89eecfa23af675eb88203059ac1", "best_bid": "0.81", "best_ask": "0.91"}, {"asset_id": "96286079885758953696615284399030269817415728790134813853112424523816811502470", "price": "0.89", "size": "4563.05", "side": "SELL", "hash": "916eec53c9234cf398a662340cb8267ba5a159a9", "best_bid": "0.09", "best_ask": "0.19"}], "timestamp": "1769384310502", "event_type": "price_change"}}
{"_local_timestamp": "2026-01-25T23:38:34.604343+00:00", "data": {"market": "0x075644373ee9b10679b5d9c4133202c8f537206eeb456073f0147455ceb1ccfb", "price_changes": [{"asset_id": "52615588191460470438968831832569300660020698058311540467884028012774443701200", "price": "0.1", "size": "100", "side": "BUY", "hash": "0ce247b892c1d4d522aca0e3076dbf296cf762c3", "best_bid": "0.81", "best_ask": "0.91"}, {"asset_id": "96286079885758953696615284399030269817415728790134813853112424523816811502470", "price": "0.9", "size": "100", "side": "SELL", "hash": "549136e9fd4071072db73275e794a95719aa5054", "best_bid": "0.09", "best_ask": "0.19"}], "timestamp": "1769384314538", "event_type": "price_change"}}
