{"_local_timestamp": "2026-01-25T23:41:28.948093+00:00", "data": [{"market": "0x075644373ee9b10679b5d9c4133202c8f537206eeb456073f0147455ceb1ccfb", "asset_id": "52615588191460470438968831832569300660020698058311540467884028012774443701200", "timestamp": "1769384488124", "hash": "bf971adb4c1e923e9e4c91c511d8fed4cb759c6f", "bids": [{"price": "0.01", "size": "8888.8"}, {"price": "0.02", "size": "1000"}, {"price": "0.03", "size": "1100"}, {"price": "0.04", "size": "6.81"}, {"price": "0.07", "size": "1700"}, {"price": "0.08", "size": "700"}, {"price": "0.09", "size": "4157.32"}, {"price": "0.11", "size": "5.73"}, {"price": "0.14", "size": "100"}, {"price": "0.15", "size": "200"}, {"price": "0.33", "size": "300"}, {"price": "0.37", "size": "200"}, {"price": "0.39", "size": "1190.11"}, {"price": "0.4", "size": "1015.11"}, {"price": "0.43", "size": "75"}, {"price": "0.5", "size": "10"}, {"price": "0.8", "size": "150"}, {"price": "0.81", "size": "56.73"}], "asks": [{"price": "0.99", "size": "280"}, {"price": "0.98", "size": "513.13"}, {"price": "0.97", "size": "1090.11"}, {"price": "0.96", "size": "896.05"}, {"price": "0.95", "size": "250"}, {"price": "0.94", "size": "8.32"}, {"price": "0.91", "size": "261"}], "event_type": "book", "last_trade_price": "0.810"}, {"market": "0x075644373ee9b10679b5d9c4133202c8f537206eeb456073f0147455ceb1ccfb", "asset_id": "96286079885758953696615284399030269817415728790134813853112424523816811502470", "timestamp": "1769384488124", "hash": "f7a5881bcab622868dac97ef5e4e6311b3a1bc81", "bids": [{"price": "0.01", "size": "280"}, {"price": "0.02", "size": "513.13"}, {"price": "0.03", "size": "1090.11"}, {"price": "0.04", "size": "896.05"}, {"price": "0.05", "size": "250"}, {"price": "0.06", "size": "8.32"}, {"price": "0.09", "size": "261"}], "asks": [{"price": "0.99", "size": "8888.8"}, {"price": "0.98", "size": "1000"}, {"price": "0.97", "size": "1100"}, {"price": "0.96", "size": "6.81"}, {"price": "0.93", "size": "1700"}, {"price": "0.92", "size": "700"}, {"price": "0.91", "size": "4157.32"}, {"price": "0.89", "size": "5.73"}, {"price": "0.86", "size": "100"}, {"price": "0.85", "size": "200"}, {"price": "0.67", "size": "300"}, {"price": "0.63", "size": "200"}, {"price": "0.61", "size": "1190.11"}, {"price": "0.6", "size": "1015.11"}, {"price": "0.57", "size": "75"}, {"price": "0.5", "size": "10"}, {"price": "0.2", "size": "150"}, {"price": "0.19", "size": "56.73"}], "event_type": "book", "last_trade_price": "0.810"}]}
{"_local_timestamp": "2026-01-25T23:41:34.122883+00:00", "data": {"market": "0x075644373ee9b10679b5d9c4133202c8f537206eeb456073f0147455ceb1ccfb", "price_changes": [{"asset_id": "52615588191460470438968831832569300660020698058311540467884028012774443701200", "price": "0.11", "size": "0", "side": "BUY", "hash": "aadf9d06232a666d059d3156de2587a0eb2b9520", "best_bid": "0.81", "best_ask": "0.91"}, {"asset_id": "96286079885758953696615284399030269817415728790134813853112424523816811502470", "price": "0.89", "size": "0", "side": "SELL", "hash": "2e7341973b521d027fc1e23a0d617709c8079d87", "best_bid": "0.09", "best_ask": "0.19"}], "timestamp": "1769384494049", "event_type": "price_change"}}
{"_local_timestamp": "2026-01-25T23:41:34.669503+00:00", "data": {"market": "0x075644373ee9b10679b5d9c4133202c8f537206eeb456073f0147455ceb1ccfb", "price_changes": [{"asset_id": "52615588191460470438968831832569300660020698058311540467884028012774443701200", "price": "0.1", "size": "6.3", "side": "BUY", "hash": "144b20bd46eb170df6a6ab564e89c08402f82dca", "best_bid": "0.81", "best_ask": "0.91"}, {"asset_id": "96286079885758953696615284399030269817415728790134813853112424523816811502470", "price": "0.9", "size": "6.3", "side": "SELL", "hash": "b9bf243cee4e97c9da2af756d47f23b3861bb5cb", "best_bid": "0.09", "best_ask": "0.19"}], "timestamp": "1769384494590", "event_type": "price_change"}}
{"_local_timestamp": "2026-01-25T23:41:42.447577+00:00", "data": {"market": "0x075644373ee9b10679b5d9c4133202c8f537206eeb456073f0147455ceb1ccfb", "price_changes": [{"asset_id": "52615588191460470438968831832569300660020698058311540467884028012774443701200", "price": "0.08", "size": "600", "side": "BUY", "hash": "715825984d2cc4cdf596fbad324a70eb63c98e38", "best_bid": "0.81", "best_ask": "0.91"}, {"asset_id": "96286079885758953696615284399030269817415728790134813853112424523816811502470", "price": "0.92", "size": "600", "side": "SELL", "hash": "c0f41b940834f0ff2a6c462dd045c64a210c82e8", "best_bid": "0.09", "best_ask": "0.19"}], "timestamp": "1769384502368", "event_type": "price_change"}}
{"_local_timestamp": "2026-01-25T23:41:42.728492+00:00", "data": {"market": "0x075644373ee9b10679b5d9c4133202c8f537206eeb456073f0147455ceb1ccfb", "price_changes": [{"asset_id": "52615588191460470438968831832569300660020698058311540467884028012774443701200", "price": "0.09", "size": "4257.32", "side": "BUY", "hash": "13a30a4578f0391e4698233bbb4f5f96e19cb8a9", "best_bid": "0.81", "best_ask": "0.91"}, {"asset_id": "96286079885758953696615284399030269817415728790134813853112424523816811502470", "price": "0.91", "size": "4257.32", "side": "SELL", "hash": "300105f6de87cb79352cc9e87a1ca2b590be8ada", "best_bid": "0.09", "best_ask": "0.19"}], "timestamp": "1769384502658", "event_type": "price_change"}}
{"_local_timestamp": "2026-01-25T23:41:45.859342+00:00", "data": {"market": "0x075644373ee9b10679b5d9c4133202c8f537206eeb456073f0147455ceb1ccfb", "price_changes": [{"asset_id": "52615588191460470438968831832569300660020698058311540467884028012774443701200", "price": "0.14", "size": "0", "side": "BUY", "hash": "2bc50afff423683ec971d500c032e6bf765160c2", "best_bid": "0.81", "best_ask": "0.91"}, {"asset_id": "96286079885758953696615284399030269817415728790134813853112424523816811502470", "price": "0.86", "size": "0", "side": "SELL", "hash": "088210ea1097ae992faa57e4fd698a046f0cdf57", "best_bid": "0.09", "best_ask": "0.19"}], "timestamp": "1769384505785", "event_type": "price_change"}}
{"_local_timestamp": "2026-01-25T23:41:46.112579+00:00", "data": {"market": "0x075644373ee9b10679b5d9c4133202c8f537206eeb456073f0147455ceb1ccfb", "price_changes": [{"asset_id": "52615588191460470438968831832569300660020698058311540467884028012774443701200", "price": "0.15", "size": "300", "side": "BUY", "hash": "2ffa1b15fc2ec3078a3ddca22bb041f027d31d99", "best_bid": "0.81", "best_ask": "0.91"}, {"asset_id": "96286079885758953696615284399030269817415728790134813853112424523816811502470", "price": "0.85", "size": "300", "side": "SELL", "hash": "655bd29605efe7c6927f4ba6fe74a0aa81edc4c1", "best_bid": "0.09", "best_ask": "0.19"}], "timestamp": "1769384506018", "event_type": "price_change"}}
{"_local_timestamp": "2026-01-25T23:41:48.642190+00:00", "data": {"market": "0x075644373ee9b10679b5d9c4133202c8f537206eeb456073f0147455ceb1ccfb", "price_changes": [{"asset_id": "52615588191460470438968831832569300660020698058311540467884028012774443701200", "price": "0.08", "size": "200", "side": "BUY", "hash": "da722b205a907deed384909aa0a19de099757025", "best_bid": "0.81", "best_ask": "0.91"}, {"asset_id": "96286079885758953696615284399030269817415728790134813853112424523816811502470", "price": "0.92", "size": "200", "side": "SELL", "hash": "1a4a479d42d5fbe29549227e6c7e1271ccc8c62b", "best_bid": "0.09", "best_ask": "0.19"}], "timestamp": "1769384508569", "event_type": "price_change"}}
{"_local_timestamp": "2026-01-25T23:41:48.661311+00:00", "data": {"market": "0x075644373ee9b10679b5d9c4133202c8f537206eeb456073f0147455ceb1ccfb", "price_changes": [{"asset_id": "52615588191460470438968831832569300660020698058311540467884028012774443701200", "price": "0.15", "size": "100", "side": "BUY", "hash": "da722b205a907deed384909aa0a19de099757025", "best_bid": "0.81", "best_ask": "0.91"}, {"asset_id": "96286079885758953696615284399030269817415728790134813853112424523816811502470", "price": "0.85", "size": "100", "side": "SELL", "hash": "1a4a479d42d5fbe29549227e6c7e1271ccc8c62b", "best_bid": "0.09", "best_ask": "0.19"}], "timestamp": "1769384508569", "event_type": "price_change"}}
{"_local_timestamp": "2026-01-25T23:41:48.755429+00:00", "data": {"market": "0x075644373ee9b10679b5d9c4133202c8f537206eeb456073f0147455ceb1ccfb", "price_changes": [{"asset_id": "52615588191460470438968831832569300660020698058311540467884028012774443701200", "price": "0.08", "size": "2197.11", "side": "BUY", "hash": "0fe223da7bc0b2b218ff94a2d0307439f32c0ef3", "best_bid": "0.81", "best_ask": "0.91"}, {"asset_id": "96286079885758953696615284399030269817415728790134813853112424523816811502470", "price": "0.92", "size": "2197.11", "side": "SELL", "hash": "052dd983536c80626a6e0f02e3322a889bf2799f", "best_bid": "0.09", "best_ask": "0.19"}], "timestamp": "1769384508684", "event_type": "price_change"}}
{"_local_timestamp": "2026-01-25T23:41:48.778810+00:00", "data": {"market": "0x075644373ee9b10679b5d9c4133202c8f537206eeb456073f0147455ceb1ccfb", "price_changes": [{"asset_id": "52615588191460470438968831832569300660020698058311540467884028012774443701200", "price": "0.08", "size": "3087.22", "side": "BUY", "hash": "3d65d52958445888fd381930997525a746947ed3", "best_bid": "0.81", "best_ask": "0.91"}, {"asset_id": "96286079885758953696615284399030269817415728790134813853112424523816811502470", "price": "0.92", "size": "3087.22", "side": "SELL", "hash": "f4f2024bb8fda09dffbe027ccd091d715614a7eb", "best_bid": "0.09", "best_ask": "0.19"}], "timestamp": "1769384508713", "event_type": "price_change"}}
{"_local_timestamp": "2026-01-25T23:41:48.779763+00:00", "data": {"market": "0x075644373ee9b10679b5d9c4133202c8f537206eeb456073f0147455ceb1ccfb", "price_changes": [{"asset_id": "52615588191460470438968831832569300660020698058311540467884028012774443701200", "price": "0.08", "size": "4357.32", "side": "BUY", "hash": "ea600b3f9fd14331a6b7942128b584a456445f3d", "best_bid": "0.81", "best_ask": "0.91"}, {"asset_id": "96286079885758953696615284399030269817415728790134813853112424523816811502470", "price": "0.92", "size": "4357.32", "side": "SELL", "hash": "92c2e41556512c3f1e57781a6690296add6de75e", "best_bid": "0.09", "best_ask": "0.19"}], "timestamp": "1769384508714", "event_type": "price_change"}}
{"_local_timestamp": "2026-01-25T23:41:48.931555+00:00", "data": {"market": "0x075644373ee9b10679b5d9c4133202c8f537206eeb456073f0147455ceb1ccfb", "price_changes": [{"asset_id": "52615588191460470438968831832569300660020698058311540467884028012774443701200", "price": "0.09", "size": "4657.32", "side": "BUY", "hash": "4b05fccb8a2182f184ecbbbd9b5d03d623b07d8d", "best_bid": "0.81", "best_ask": "0.91"}, {"asset_id": "96286079885758953696615284399030269817415728790134813853112424523816811502470", "price": "0.91", "size": "4657.32", "side": "SELL", "hash": "2e0f27e97e1da825fc25fa30d6a0b08c14a536cc", "best_bid": "0.09", "best_ask": "0.19"}], "timestamp": "1769384508855", "event_type": "price_change"}}
{"_local_timestamp": "2026-01-25T23:41:48.936766+00:00", "data": {"market": "0x075644373ee9b10679b5d9c4133202c8f537206eeb456073f0147455ceb1ccfb", "price_changes": [{"asset_id": "52615588191460470438968831832569300660020698058311540467884028012774443701200", "price": "0.14", "size": "200", "side": "BUY", "hash": "c10e1c74ae82d805a031bf88ce12867c1f58306a", "best_bid": "0.81", "best_ask": "0.91"}, {"asset_id": "96286079885758953696615284399030269817415728790134813853112424523816811502470", "price": "0.86", "size": "200", "side": "SELL", "hash": "86c63b74e5ab1d50615f5f6afea4a9cb599de2bd", "best_bid": "0.09", "best_ask": "0.19"}], "timestamp": "1769384508856", "event_type": "price_change"}}
{"_local_timestamp": "2026-01-25T23:41:58.736717+00:00", "data": {"market": "0x075644373ee9b10679b5d9c4133202c8f537206eeb456073f0147455ceb1ccfb", "price_changes": [{"asset_id": "52615588191460470438968831832569300660020698058311540467884028012774443701200", "price": "0.15", "size": "0", "side": "BUY", "hash": "dbcb91b48c1e69073cf7d4dae019765ad9c0ce1b", "best_bid": "0.81", "best_ask": "0.91"}, {"asset_id": "96286079885758953696615284399030269817415728790134813853112424523816811502470", "price": "0.85", "size": "0", "side": "SELL", "hash": "4a3b89d761f93a45405b102f64fc8ff020eb2f7b", "best_bid": "0.09", "best_ask": "0.19"}], "timestamp": "1769384518666", "event_type": "price_change"}}
{"_local_timestamp": "2026-01-25T23:41:58.851117+00:00", "data": {"market": "0x075644373ee9b10679b5d9c4133202c8f537206eeb456073f0147455ceb1ccfb", "price_changes": [{"asset_id": "52615588191460470438968831832569300660020698058311540467884028012774443701200", "price": "0.09", "size": "500", "side": "BUY", "hash": "ebb260d302921c74bb1115af48d8b61c2a3a5867", "best_bid": "0.81", "best_ask": "0.91"}, {"asset_id": "96286079885758953696615284399030269817415728790134813853112424523816811502470", "price": "0.91", "size": "500", "side": "SELL", "hash": "08dda6337bf2b1cfe7609c4e598821ed16f659ef", "best_bid": "0.09", "best_ask": "0.19"}], "timestamp": "1769384518770", "event_type": "price_change"}}
{"_local_timestamp": "2026-01-25T23:41:58.956923+00:00", "data": {"market": "0x075644373ee9b10679b5d9c4133202c8f537206eeb456073f0147455ceb1ccfb", "price_changes": [{"asset_id": "52615588191460470438968831832569300660020698058311540467884028012774443701200", "price": "0.14", "size": "300", "side": "BUY", "hash": "aad83a5401ca74c8f8a5074ee46e055b5739fa00", "best_bid": "0.81", "best_ask": "0.91"}, {"asset_id": "96286079885758953696615284399030269817415728790134813853112424523816811502470", "price": "0.86", "size": "300", "side": "SELL", "hash": "5c071eac351dfec94dff2de9fb42f9097f181174", "best_bid": "0.09", "best_ask": "0.19"}], "timestamp": "1769384518889", "event_type": "price_change"}}
{"_local_timestamp": "2026-01-25T23:41:59.955814+00:00", "data": {"market": "0x075644373ee9b10679b5d9c4133202c8f537206eeb456073f0147455ceb1ccfb", "price_changes": [{"asset_id": "52615588191460470438968831832569300660020698058311540467884028012774443701200", "price": "0.08", "size": "4257.32", "side": "BUY", "hash": "c8188b6d0420678cf2ed830412cc0276405e3c74", "best_bid": "0.81", "best_ask": "0.91"}, {"asset_id": "96286079885758953696615284399030269817415728790134813853112424523816811502470", "price": "0.92", "size": "4257.32", "side": "SELL", "hash": "531bc386c042f6cd2bce8dff437beb95bc560424", "best_bid": "0.09", "best_ask": "0.19"}], "timestamp": "1769384519879", "event_type": "price_change"}}
{"_local_timestamp": "2026-01-25T23:42:00.235936+00:00", "data": {"market": "0x075644373ee9b10679b5d9c4133202c8f537206eeb456073f0147455ceb1ccfb", "price_changes": [{"asset_id": "52615588191460470438968831832569300660020698058311540467884028012774443701200", "price": "0.09", "size": "600", "side": "BUY", "hash": "1ce30d8db595740c82601d590551667f4fb6f5c6", "best_bid": "0.81", "best_ask": "0.91"}, {"asset_id": "96286079885758953696615284399030269817415728790134813853112424523816811502470", "price": "0.91", "size": "600", "side": "SELL", "hash": "d9dd9b8cee812648fa89331f034d1eeccaf43352", "best_bid": "0.09", "best_ask": "0.19"}], "timestamp": "1769384520156", "event_type": "price_change"}}
{"_local_timestamp": "2026-01-25T23:42:00.300620+00:00", "data": {"market": "0x075644373ee9b10679b5d9c4133202c8f537206eeb456073f0147455ceb1ccfb", "price_changes": [{"asset_id": "52615588191460470438968831832569300660020698058311540467884028012774443701200", "price": "0.1", "size": "1276.4", "side": "BUY", "hash": "24a8dc651e0909adaff81c2ec93baaee65b55629", "best_bid": "0.81", "best_ask": "0.91"}, {"asset_id": "96286079885758953696615284399030269817415728790134813853112424523816811502470", "price": "0.9", "size": "1276.4", "side": "SELL", "hash": "996f78a67d17d5d9881e5e0ef18e67b8907de577", "best_bid": "0.09", "best_ask": "0.19"}], "timestamp": "1769384520197", "event_type": "price_change"}}
{"_local_timestamp": "2026-01-25T23:42:00.301686+00:00", "data": {"market": "0x075644373ee9b10679b5d9c4133202c8f537206eeb456073f0147455ceb1ccfb", "price_changes": [{"asset_id": "52615588191460470438968831832569300660020698058311540467884028012774443701200", "price": "0.1", "size": "2166.51", "side": "BUY", "hash": "78b8eb6277d62cfaec4504bf84799c6776f73d1f", "best_bid": "0.81", "best_ask": "0.91"}, {"asset_id": "96286079885758953696615284399030269817415728790134813853112424523816811502470", "price": "0.9", "size": "2166.51", "side": "SELL", "hash": "cfebd0ae630435020841eaef7c5822e2fe23676a", "best_bid": "0.09", "best_ask": "0.19"}], "timestamp": "1769384520198", "event_type": "price_change"}}
{"_local_timestamp": "2026-01-25T23:42:00.302896+00:00", "data": {"market": "0x075644373ee9b10679b5d9c4133202c8f537206eeb456073f0147455ceb1ccfb", "price_changes": [{"asset_id": "52615588191460470438968831832569300660020698058311540467884028012774443701200", "price": "0.1", "size": "4163.62", "side": "BUY", "hash": "e22bdf19ecbc81dbf30013f8cf50fe0e1385e788", "best_bid": "0.81", "best_ask": "0.91"}, {"asset_id": "96286079885758953696615284399030269817415728790134813853112424523816811502470", "price": "0.9", "size": "4163.62", "side": "SELL", "hash": "cff3df340f679f5f1575b73abf9f6e9d8ddb4d62", "best_bid": "0.09", "best_ask": "0.19"}], "timestamp": "1769384520199", "event_type": "price_change"}}
