{"_local_timestamp": "2026-01-25T23:34:34.338654+00:00", "data": [{"market": "0xe5a0256c8d27098050920679f481e66e37881894b53e6c05435be20970e11b56", "asset_id": "42954482129163122731065291230958424227339073063901131650237357812906642693208", "timestamp": "1769383986108", "hash": "ba223ef57bcb21f4f00f86b1f37d1959932b281a", "bids": [{"price": "0.01", "size": "10442.03"}, {"price": "0.02", "size": "8.72"}, {"price": "0.03", "size": "1190.11"}, {"price": "0.04", "size": "890.11"}, {"price": "0.05", "size": "15.38"}, {"price": "0.19", "size": "10"}, {"price": "0.24", "size": "50"}, {"price": "0.27", "size": "47"}], "asks": [{"price": "0.99", "size": "7084.32"}, {"price": "0.98", "size": "4457.32"}, {"price": "0.97", "size": "7.52"}, {"price": "0.92", "size": "9.02"}, {"price": "0.71", "size": "1190.11"}, {"price": "0.7", "size": "890.11"}, {"price": "0.47", "size": "10"}, {"price": "0.46", "size": "69"}], "event_type": "book", "last_trade_price": ""}, {"market": "0xe5a0256c8d27098050920679f481e66e37881894b53e6c05435be20970e11b56", "asset_id": "157594979500967495302741920453520952705436469927039004105566273714932188072", "timestamp": "1769383986108", "hash": "d0b6f5a3f067b9883bee2637033aa0ff5aeacae6", "bids": [{"price": "0.01", "size": "7084.32"}, {"price": "0.02", "size": "4457.32"}, {"price": "0.03", "size": "7.52"}, {"price": "0.08", "size": "9.02"}, {"price": "0.29", "size": "1190.11"}, {"price": "0.3", "size": "890.11"}, {"price": "0.53", "size": "10"}, {"price": "0.54", "size": "69"}], "asks": [{"price": "0.99", "size": "10442.03"}, {"price": "0.98", "size": "8.72"}, {"price": "0.97", "size": "1190.11"}, {"price": "0.96", "size": "890.11"}, {"price": "0.95", "size": "15.38"}, {"price": "0.81", "size": "10"}, {"price": "0.76", "size": "50"}, {"price": "0.73", "size": "47"}], "event_type": "book", "last_trade_price": ""}]}
{"_local_timestamp": "2026-01-25T23:34:36.763021+00:00", "data": {"market": "0xe5a0256c8d27098050920679f481e66e37881894b53e6c05435be20970e11b56", "price_changes": [{"asset_id": "157594979500967495302741920453520952705436469927039004105566273714932188072", "price": "0.08", "size": "0", "side": "BUY", "hash": "a99816b12bdf7608d1e97d3c754ce59200752b76", "best_bid": "0.54", "best_ask": "0.73"}, {"asset_id": "42954482129163122731065291230958424227339073063901131650237357812906642693208", "price": "0.92", "size": "0", "side": "SELL", "hash": "9d22e0a7dc72cda96dcbba2f64bd63a5ff90552a", "best_bid": "0.27", "best_ask": "0.46"}], "timestamp": "1769384076527", "event_type": "price_change"}}
{"_local_timestamp": "2026-01-25T23:34:37.070123+00:00", "data": {"market": "0xe5a0256c8d27098050920679f481e66e37881894b53e6c05435be20970e11b56", "price_changes": [{"asset_id": "157594979500967495302741920453520952705436469927039004105566273714932188072", "price": "0.03", "size": "31.59", "side": "BUY", "hash": "da9ec5aa7fbfb8344c7edb39db304f1b1f5bdce1", "best_bid": "0.54", "best_ask": "0.73"}, {"asset_id": "42954482129163122731065291230958424227339073063901131650237357812906642693208", "price": "0.97", "size": "31.59", "side": "SELL", "hash": "0e06c38eea8a8d9fd7ae2d8fb6eba1279bfd136a", "best_bid": "0.27", "best_ask": "0.46"}], "timestamp": "1769384076840", "event_type": "price_change"}}
{"_local_timestamp": "2026-01-25T23:35:45.949934+00:00", "data": {"market": "0xe5a0256c8d27098050920679f481e66e37881894b53e6c05435be20970e11b56", "price_changes": [{"asset_id": "157594979500967495302741920453520952705436469927039004105566273714932188072", "price": "0.02", "size": "5457.32", "side": "BUY", "hash": "7489333d942d80950ee6ce15fbcafa1c5afb7877", "best_bid": "0.54", "best_ask": "0.73"}, {"asset_id": "42954482129163122731065291230958424227339073063901131650237357812906642693208", "price": "0.98", "size": "5457.32", "side": "SELL", "hash": "985be2ca13e84e9b8786807af797517f9d3ce989", "best_bid": "0.27", "best_ask": "0.46"}], "timestamp": "1769384145877", "event_type": "price_change"}}
{"_local_timestamp": "2026-01-25T23:35:46.048150+00:00", "data": {"market": "0xe5a0256c8d27098050920679f481e66e37881894b53e6c05435be20970e11b56", "price_changes": [{"asset_id": "157594979500967495302741920453520952705436469927039004105566273714932188072", "price": "0.03", "size": "2028.7", "side": "BUY", "hash": "185b9a5725b0a12f4d71c90923350f743dacb32b", "best_bid": "0.54", "best_ask": "0.73"}, {"asset_id": "42954482129163122731065291230958424227339073063901131650237357812906642693208", "price": "0.97", "size": "2028.7", "side": "SELL", "hash": "d1e9612340404cab81e98c77463b3d04bc789ba8", "best_bid": "0.27", "best_ask": "0.46"}], "timestamp": "1769384145975", "event_type": "price_change"}}
{"_local_timestamp": "2026-01-25T23:35:46.048539+00:00", "data": {"market": "0xe5a0256c8d27098050920679f481e66e37881894b53e6c05435be20970e11b56", "price_changes": [{"asset_id": "157594979500967495302741920453520952705436469927039004105566273714932188072", "price": "0.03", "size": "3298.8", "side": "BUY", "hash": "9c118ba7ab00b6d4bf60fc591fe39c333544ed56", "best_bid": "0.54", "best_ask": "0.73"}, {"asset_id": "42954482129163122731065291230958424227339073063901131650237357812906642693208", "price": "0.97", "size": "3298.8", "side": "SELL", "hash": "2de86455fda1c3048da6d33ee4e68b12e8df496d", "best_bid": "0.27", "best_ask": "0.46"}], "timestamp": "1769384145976", "event_type": "price_change"}}
{"_local_timestamp": "2026-01-25T23:35:46.048883+00:00", "data": {"market": "0xe5a0256c8d27098050920679f481e66e37881894b53e6c05435be20970e11b56", "price_changes": [{"asset_id": "157594979500967495302741920453520952705436469927039004105566273714932188072", "price": "0.03", "size": "4188.91", "side": "BUY", "hash": "bfedd7f93417a49dcb011cfbde2315dce29b5750", "best_bid": "0.54", "best_ask": "0.73"}, {"asset_id": "42954482129163122731065291230958424227339073063901131650237357812906642693208", "price": "0.97", "size": "4188.91", "side": "SELL", "hash": "7f06ba620a9a399503a7f326f8f47c361b9746cf", "best_bid": "0.27", "best_ask": "0.46"}], "timestamp": "1769384145976", "event_type": "price_change"}}
{"_local_timestamp": "2026-01-25T23:35:53.740291+00:00", "data": {"market": "0xe5a0256c8d27098050920679f481e66e37881894b53e6c05435be20970e11b56", "price_changes": [{"asset_id": "157594979500967495302741920453520952705436469927039004105566273714932188072", "price": "0.02", "size": "5157.32", "side": "BUY", "hash": "257e96f1c684b50feec656fc358e36c873759ae7", "best_bid": "0.54", "best_ask": "0.73"}, {"asset_id": "42954482129163122731065291230958424227339073063901131650237357812906642693208", "price": "0.98", "size": "5157.32", "side": "SELL", "hash": "15f5cae48171ecc7d0f92ae76fcf1bb74cd5cac1", "best_bid": "0.27", "best_ask": "0.46"}], "timestamp": "1769384153661", "event_type": "price_change"}}
{"_local_timestamp": "2026-01-25T23:35:53.799837+00:00", "data": {"market": "0xe5a0256c8d27098050920679f481e66e37881894b53e6c05435be20970e11b56", "price_changes": [{"asset_id": "157594979500967495302741920453520952705436469927039004105566273714932188072", "price": "0.02", "size": "1000", "side": "BUY", "hash": "e6944c638239ea7e47f1a820804453b94f66bdf1", "best_bid": "0.54", "best_ask": "0.73"}, {"asset_id": "42954482129163122731065291230958424227339073063901131650237357812906642693208", "price": "0.98", "size": "1000", "side": "SELL", "hash": "17cb1d87a16ccfbafca9b42377a92bef0308c3c4", "best_bid": "0.27", "best_ask": "0.46"}], "timestamp": "1769384153735", "event_type": "price_change"}}
{"_local_timestamp": "2026-01-25T23:35:53.953099+00:00", "data": {"market": "0xe5a0256c8d27098050920679f481e66e37881894b53e6c05435be20970e11b56", "price_changes": [{"asset_id": "157594979500967495302741920453520952705436469927039004105566273714932188072", "price": "0.03", "size": "4488.91", "side": "BUY", "hash": "ca77a02ddff116e2ceb987bac1358dd6b2db516c", "best_bid": "0.54", "best_ask": "0.73"}, {"asset_id": "42954482129163122731065291230958424227339073063901131650237357812906642693208", "price": "0.97", "size": "4488.91", "side": "SELL", "hash": "d37d7e6bec6fe8927427941d704685feab571c91", "best_bid": "0.27", "best_ask": "0.46"}], "timestamp": "1769384153888", "event_type": "price_change"}}
{"_local_timestamp": "2026-01-25T23:36:58.222865+00:00", "data": {"market": "0xe5a0256c8d27098050920679f481e66e37881894b53e6c05435be20970e11b56", "price_changes": [{"asset_id": "42954482129163122731065291230958424227339073063901131650237357812906642693208", "price": "0.03", "size": "890.11", "side": "BUY", "hash": "38d9e9eefc57a16d2ee7888f21c6c28aae5f7ac2", "best_bid": "0.27", "best_ask": "0.46"}, {"asset_id": "157594979500967495302741920453520952705436469927039004105566273714932188072", "price": "0.97", "size": "890.11", "side": "SELL", "hash": "5b68ea6273bc00a8bdfcdd14b9921a4e0bb81c14", "best_bid": "0.54", "best_ask": "0.73"}], "timestamp": "1769384218086", "event_type": "price_change"}}
{"_local_timestamp": "2026-01-25T23:36:58.270032+00:00", "data": {"market": "0xe5a0256c8d27098050920679f481e66e37881894b53e6c05435be20970e11b56", "price_changes": [{"asset_id": "157594979500967495302741920453520952705436469927039004105566273714932188072", "price": "0.29", "size": "890.11", "side": "BUY", "hash": "e4b9b976559670d56e2eab59b0774939e96a4863", "best_bid": "0.54", "best_ask": "0.73"}, {"asset_id": "42954482129163122731065291230958424227339073063901131650237357812906642693208", "price": "0.71", "size": "890.11", "side": "SELL", "hash": "dca12fa2d4f3bd29f35be55d15f2e5c193a5e4b0", "best_bid": "0.27", "best_ask": "0.46"}], "timestamp": "1769384218091", "event_type": "price_change"}}
{"_local_timestamp": "2026-01-25T23:36:58.391839+00:00", "data": {"market": "0xe5a0256c8d27098050920679f481e66e37881894b53e6c05435be20970e11b56", "price_changes": [{"asset_id": "42954482129163122731065291230958424227339073063901131650237357812906642693208", "price": "0.02", "size": "898.83", "side": "BUY", "hash": "a00da6d234bcd77b8ccb20f970176d56479261d3", "best_bid": "0.27", "best_ask": "0.46"}, {"asset_id": "157594979500967495302741920453520952705436469927039004105566273714932188072", "price": "0.98", "size": "898.83", "side": "SELL", "hash": "0cedc163951aa1cd097979d002b693e51f1c7db6", "best_bid": "0.54", "best_ask": "0.73"}], "timestamp": "1769384218251", "event_type": "price_change"}}
{"_local_timestamp": "2026-01-25T23:36:58.392219+00:00", "data": {"market": "0xe5a0256c8d27098050920679f481e66e37881894b53e6c05435be20970e11b56", "price_changes": [{"asset_id": "42954482129163122731065291230958424227339073063901131650237357812906642693208", "price": "0.01", "size": "11332.14", "side": "BUY", "hash": "01cfbaf69f370ee1664bc27e346ad086f7b0f09e", "best_bid": "0.27", "best_ask": "0.46"}, {"asset_id": "157594979500967495302741920453520952705436469927039004105566273714932188072", "price": "0.99", "size": "11332.14", "side": "SELL", "hash": "7a0d69fdfae79713cfdf25ada91f1e17744e99de", "best_bid": "0.54", "best_ask": "0.73"}], "timestamp": "1769384218251", "event_type": "price_change"}}
{"_local_timestamp": "2026-01-25T23:38:01.909189+00:00", "data": {"market": "0xe5a0256c8d27098050920679f481e66e37881894b53e6c05435be20970e11b56", "price_changes": [{"asset_id": "42954482129163122731065291230958424227339073063901131650237357812906642693208", "price": "0.05", "size": "315.38", "side": "BUY", "hash": "cdf23ed502bbffa9e22ee8cb89381ca254539ec7", "best_bid": "0.27", "best_ask": "0.46"}, {"asset_id": "157594979500967495302741920453520952705436469927039004105566273714932188072", "price": "0.95", "size": "315.38", "side": "SELL", "hash": "3cb529945897cda48ade0de2a4a494523bcc36cd", "best_bid": "0.54", "best_ask": "0.73"}], "timestamp": "1769384281832", "event_type": "price_change"}}
{"_local_timestamp": "2026-01-25T23:38:01.909938+00:00", "data": {"market": "0xe5a0256c8d27098050920679f481e66e37881894b53e6c05435be20970e11b56", "price_changes": [{"asset_id": "157594979500967495302741920453520952705436469927039004105566273714932188072", "price": "0.03", "size": "4788.91", "side": "BUY", "hash": "4633e527b2d267e902cdb797da62814cf6269d5e", "best_bid": "0.54", "best_ask": "0.73"}, {"asset_id": "42954482129163122731065291230958424227339073063901131650237357812906642693208", "price": "0.97", "size": "4788.91", "side": "SELL", "hash": "80ce8868958c6df35495cbd1f8e86b0bbe2d45fc", "best_bid": "0.27", "best_ask": "0.46"}], "timestamp": "1769384281834", "event_type": "price_change"}}
{"_local_timestamp": "2026-01-25T23:38:01.942972+00:00", "data": {"market": "0xe5a0256c8d27098050920679f481e66e37881894b53e6c05435be20970e11b56", "price_changes": [{"asset_id": "157594979500967495302741920453520952705436469927039004105566273714932188072", "price": "0.3", "size": "0", "side": "BUY", "hash": "3060c306b8f7ba4843181ce27b898831e7be8eef", "best_bid": "0.54", "best_ask": "0.73"}, {"asset_id": "42954482129163122731065291230958424227339073063901131650237357812906642693208", "price": "0.7", "size": "0", "side": "SELL", "hash": "29f42ea037a34ca33376adf5e8db2c04ed60d4eb", "best_bid": "0.27", "best_ask": "0.46"}], "timestamp": "1769384281871", "event_type": "price_change"}}
{"_local_timestamp": "2026-01-25T23:38:01.943566+00:00", "data": {"market": "0xe5a0256c8d27098050920679f481e66e37881894b53e6c05435be20970e11b56", "price_changes": [{"asset_id": "157594979500967495302741920453520952705436469927039004105566273714932188072", "price": "0.29", "size": "0", "side": "BUY", "hash": "3060c306b8f7ba4843181ce27b898831e7be8eef", "best_bid": "0.54", "best_ask": "0.73"}, {"asset_id": "42954482129163122731065291230958424227339073063901131650237357812906642693208", "price": "0.71", "size": "0", "side": "SELL", "hash": "29f42ea037a34ca33376adf5e8db2c04ed60d4eb", "best_bid": "0.27", "best_ask": "0.46"}], "timestamp": "1769384281871", "event_type": "price_change"}}
{"_local_timestamp": "2026-01-25T23:38:01.944652+00:00", "data": {"market": "0xe5a0256c8d27098050920679f481e66e37881894b53e6c05435be20970e11b56", "price_changes": [{"asset_id": "42954482129163122731065291230958424227339073063901131650237357812906642693208", "price": "0.04", "size": "0", "side": "BUY", "hash": "4745c6de9574cc3d8836253e03878c382f7354ae", "best_bid": "0.27", "best_ask": "0.46"}, {"asset_id": "157594979500967495302741920453520952705436469927039004105566273714932188072", "price": "0.96", "size": "0", "side": "SELL", "hash": "bc4782a3226d49634126cb5a4264f18bd17a0725", "best_bid": "0.54", "best_ask": "0.73"}], "timestamp": "1769384281872", "event_type": "price_change"}}
{"_local_timestamp": "2026-01-25T23:38:01.945403+00:00", "data": {"market": "0xe5a0256c8d27098050920679f481e66e37881894b53e6c05435be20970e11b56", "price_changes": [{"asset_id": "42954482129163122731065291230958424227339073063901131650237357812906642693208", "price": "0.03", "size": "0", "side": "BUY", "hash": "4745c6de9574cc3d8836253e03878c382f7354ae", "best_bid": "0.27", "best_ask": "0.46"}, {"asset_id": "157594979500967495302741920453520952705436469927039004105566273714932188072", "price": "0.97", "size": "0", "side": "SELL", "hash": "bc4782a3226d49634126cb5a4264f18bd17a0725", "best_bid": "0.54", "best_ask": "0.73"}], "timestamp": "1769384281872", "event_type": "price_change"}}
{"_local_timestamp": "2026-01-25T23:38:01.950763+00:00", "data": {"market": "0xe5a0256c8d27098050920679f481e66e37881894b53e6c05435be20970e11b56", "price_changes": [{"asset_id": "157594979500967495302741920453520952705436469927039004105566273714932188072", "price": "0.04", "size": "1270.1", "side": "BUY", "hash": "0de4e823cc22fc1431b20a3810e3b18c9787527b", "best_bid": "0.54", "best_ask": "0.73"}, {"asset_id": "42954482129163122731065291230958424227339073063901131650237357812906642693208", "price": "0.96", "size": "1270.1", "side": "SELL", "hash": "10dc5fa90859c95f49eb8f351d7a196b548ee29b", "best_bid": "0.27", "best_ask": "0.46"}], "timestamp": "1769384281883", "event_type": "price_change"}}
{"_local_timestamp": "2026-01-25T23:38:01.954533+00:00", "data": {"market": "0xe5a0256c8d27098050920679f481e66e37881894b53e6c05435be20970e11b56", "price_changes": [{"asset_id": "157594979500967495302741920453520952705436469927039004105566273714932188072", "price": "0.04", "size": "2160.21", "side": "BUY", "hash": "5397e0ed7bb0a10fd8b91aa62797b23a78141e60", "best_bid": "0.54", "best_ask": "0.73"}, {"asset_id": "42954482129163122731065291230958424227339073063901131650237357812906642693208", "price": "0.96", "size": "2160.21", "side": "SELL", "hash": "7ed334b0b527a1e3d7de799178724aa329eb6e53", "best_bid": "0.27", "best_ask": "0.46"}], "timestamp": "1769384281884", "event_type": "price_change"}}
{"_local_timestamp": "2026-01-25T23:38:02.041008+00:00", "data": {"market": "0xe5a0256c8d27098050920679f481e66e37881894b53e6c05435be20970e11b56", "price_changes": [{"asset_id": "42954482129163122731065291230958424227339073063901131650237357812906642693208", "price": "0.06", "size": "890.11", "side": "BUY", "hash": "ffe9b258a7e8e8d6ff9ad7612fb7368caaa2b946", "best_bid": "0.27", "best_ask": "0.46"}, {"asset_id": "157594979500967495302741920453520952705436469927039004105566273714932188072", "price": "0.94", "size": "890.11", "side": "SELL", "hash": "cf63cd09603e45c62b9ebc52fc773c73b7c4697c", "best_bid": "0.54", "best_ask": "0.73"}], "timestamp": "1769384281884", "event_type": "price_change"}}
{"_local_timestamp": "2026-01-25T23:38:02.041596+00:00", "data": {"market": "0xe5a0256c8d27098050920679f481e66e37881894b53e6c05435be20970e11b56", "price_changes": [{"asset_id": "157594979500967495302741920453520952705436469927039004105566273714932188072", "price": "0.04", "size": "4157.32", "side": "BUY", "hash": "66ffed819fa5db5bddff9b7bf5b1546c8421b34e", "best_bid": "0.54", "best_ask": "0.73"}, {"asset_id": "42954482129163122731065291230958424227339073063901131650237357812906642693208", "price": "0.96", "size": "4157.32", "side": "SELL", "hash": "00d646c3af86260e8578936861094b35e39236e6", "best_bid": "0.27", "best_ask": "0.46"}], "timestamp": "1769384281885", "event_type": "price_change"}}
{"_local_timestamp": "2026-01-25T23:38:02.070886+00:00", "data": {"market": "0xe5a0256c8d27098050920679f481e66e37881894b53e6c05435be20970e11b56", "price_changes": [{"asset_id": "157594979500967495302741920453520952705436469927039004105566273714932188072", "price": "0.04", "size": "5047.43", "side": "BUY", "hash": "21958bebcc4c9372a3730784cb052964eee628fd", "best_bid": "0.54", "best_ask": "0.73"}, {"asset_id": "42954482129163122731065291230958424227339073063901131650237357812906642693208", "price": "0.96", "size": "5047.43", "side": "SELL", "hash": "b95c4316e1098a85c579a7899c7823e674c21aa2", "best_bid": "0.27", "best_ask": "0.46"}], "timestamp": "1769384281886", "event_type": "price_change"}}
{"_local_timestamp": "2026-01-25T23:38:02.071462+00:00", "data": {"market": "0xe5a0256c8d27098050920679f481e66e37881894b53e6c05435be20970e11b56", "price_changes": [{"asset_id": "157594979500967495302741920453520952705436469927039004105566273714932188072", "price": "0.03", "size": "5679.02", "side": "BUY", "hash": "331da288a888828dae67b6a8ebaedd316a4d33f5", "best_bid": "0.54", "best_ask": "0.73"}, {"asset_id": "42954482129163122731065291230958424227339073063901131650237357812906642693208", "price": "0.97", "size": "5679.02", "side": "SELL", "hash": "5739bd799c030eb4e2e9d69938a2163cb2303f13", "best_bid": "0.27", "best_ask": "0.46"}], "timestamp": "1769384281887", "event_type": "price_change"}}
{"_local_timestamp": "2026-01-25T23:38:02.071843+00:00", "data": {"market": "0xe5a0256c8d27098050920679f481e66e37881894b53e6c05435be20970e11b56", "price_changes": [{"asset_id": "42954482129163122731065291230958424227339073063901131650237357812906642693208", "price": "0.05", "size": "1205.49", "side": "BUY", "hash": "22a43f0fc8e1fdac2211e06804429f68270ab882", "best_bid": "0.27", "best_ask": "0.46"}, {"asset_id": "157594979500967495302741920453520952705436469927039004105566273714932188072", "price": "0.95", "size": "1205.49", "side": "SELL", "hash": "ebf4639913f5e5f8561c70a49e6f03192979823c", "best_bid": "0.54", "best_ask": "0.73"}], "timestamp": "1769384281887", "event_type": "price_change"}}
{"_local_timestamp": "2026-01-25T23:38:02.213339+00:00", "data": {"market": "0xe5a0256c8d27098050920679f481e66e37881894b53e6c05435be20970e11b56", "price_changes": [{"asset_id": "157594979500967495302741920453520952705436469927039004105566273714932188072", "price": "0.05", "size": "5999.11", "side": "BUY", "hash": "e1f800e19ae052db137e19b1d132f18980ebce9f", "best_bid": "0.54", "best_ask": "0.73"}, {"asset_id": "42954482129163122731065291230958424227339073063901131650237357812906642693208", "price": "0.95", "size": "5999.11", "side": "SELL", "hash": "e5d6bd4383d36da34a25f5203dc6741510cd3d46", "best_bid": "0.27", "best_ask": "0.46"}], "timestamp": "1769384282125", "event_type": "price_change"}}
{"_local_timestamp": "2026-01-25T23:38:19.757137+00:00", "data": {"market": "0xe5a0256c8d27098050920679f481e66e37881894b53e6c05435be20970e11b56", "price_changes": [{"asset_id": "157594979500967495302741920453520952705436469927039004105566273714932188072", "price": "0.01", "size": "6684.32", "side": "BUY", "hash": "6140c49cdf70aab617581222dbde83a3b4828a98", "best_bid": "0.54", "best_ask": "0.73"}, {"asset_id": "42954482129163122731065291230958424227339073063901131650237357812906642693208", "price": "0.99", "size": "6684.32", "side": "SELL", "hash": "774b15ca6dc9cbcba4ea41b47e5554f1b7f3e1e2", "best_bid": "0.27", "best_ask": "0.46"}], "timestamp": "1769384299689", "event_type": "price_change"}}
{"_local_timestamp": "2026-01-25T23:38:19.757732+00:00", "data": {"market": "0xe5a0256c8d27098050920679f481e66e37881894b53e6c05435be20970e11b56", "price_changes": [{"asset_id": "157594979500967495302741920453520952705436469927039004105566273714932188072", "price": "0.03", "size": "5379.02", "side": "BUY", "hash": "6140c49cdf70aab617581222dbde83a3b4828a98", "best_bid": "0.54", "best_ask": "0.73"}, {"asset_id": "42954482129163122731065291230958424227339073063901131650237357812906642693208", "price": "0.97", "size": "5379.02", "side": "SELL", "hash": "774b15ca6dc9cbcba4ea41b47e5554f1b7f3e1e2", "best_bid": "0.27", "best_ask": "0.46"}], "timestamp": "1769384299689", "event_type": "price_change"}}
{"_local_timestamp": "2026-01-25T23:38:19.820379+00:00", "data": {"market": "0xe5a0256c8d27098050920679f481e66e37881894b53e6c05435be20970e11b56", "price_changes": [{"asset_id": "42954482129163122731065291230958424227339073063901131650237357812906642693208", "price": "0.02", "size": "8.72", "side": "BUY", "hash": "c8a6ae084c75042bb473aa846fe1b9c68a1b1675", "best_bid": "0.27", "best_ask": "0.46"}, {"asset_id": "157594979500967495302741920453520952705436469927039004105566273714932188072", "price": "0.98", "size": "8.72", "side": "SELL", "hash": "18747394a4093141a2773ef79f8949011555ad24", "best_bid": "0.54", "best_ask": "0.73"}], "timestamp": "1769384299752", "event_type": "price_change"}}
{"_local_timestamp": "2026-01-25T23:38:19.824942+00:00", "data": {"market": "0xe5a0256c8d27098050920679f481e66e37881894b53e6c05435be20970e11b56", "price_changes": [{"asset_id": "42954482129163122731065291230958424227339073063901131650237357812906642693208", "price": "0.01", "size": "10442.03", "side": "BUY", "hash": "c8a6ae084c75042bb473aa846fe1b9c68a1b1675", "best_bid": "0.27", "best_ask": "0.46"}, {"asset_id": "157594979500967495302741920453520952705436469927039004105566273714932188072", "price": "0.99", "size": "10442.03", "side": "SELL", "hash": "18747394a4093141a2773ef79f8949011555ad24", "best_bid": "0.54", "best_ask": "0.73"}], "timestamp": "1769384299752", "event_type": "price_change"}}
{"_local_timestamp": "2026-01-25T23:38:19.825341+00:00", "data": {"market": "0xe5a0256c8d27098050920679f481e66e37881894b53e6c05435be20970e11b56", "price_changes": [{"asset_id": "157594979500967495302741920453520952705436469927039004105566273714932188072", "price": "0.05", "size": "0", "side": "BUY", "hash": "47596d8b0a54b62f5f893dc529ee9167e371806f", "best_bid": "0.54", "best_ask": "0.73"}, {"asset_id": "42954482129163122731065291230958424227339073063901131650237357812906642693208", "price": "0.95", "size": "0", "side": "SELL", "hash": "7694109afaa41d80187421dbd397821fe5276f0c", "best_bid": "0.27", "best_ask": "0.46"}], "timestamp": "1769384299752", "event_type": "price_change"}}
{"_local_timestamp": "2026-01-25T23:38:20.043938+00:00", "data": {"market": "0xe5a0256c8d27098050920679f481e66e37881894b53e6c05435be20970e11b56", "price_changes": [{"asset_id": "157594979500967495302741920453520952705436469927039004105566273714932188072", "price": "0.06", "size": "890.11", "side": "BUY", "hash": "2a808e1e27cc778566843efe8efb6e6665dbf811", "best_bid": "0.54", "best_ask": "0.73"}, {"asset_id": "42954482129163122731065291230958424227339073063901131650237357812906642693208", "price": "0.94", "size": "890.11", "side": "SELL", "hash": "82688c1ecf4a3862b43e832e84f3176f460df0dc", "best_bid": "0.27", "best_ask": "0.46"}], "timestamp": "1769384299972", "event_type": "price_change"}}
{"_local_timestamp": "2026-01-25T23:38:20.044844+00:00", "data": {"market": "0xe5a0256c8d27098050920679f481e66e37881894b53e6c05435be20970e11b56", "price_changes": [{"asset_id": "157594979500967495302741920453520952705436469927039004105566273714932188072", "price": "0.06", "size": "2160.21", "side": "BUY", "hash": "942c9e9168be8a2f40af544f590134feda452ea9", "best_bid": "0.54", "best_ask": "0.73"}, {"asset_id": "42954482129163122731065291230958424227339073063901131650237357812906642693208", "price": "0.94", "size": "2160.21", "side": "SELL", "hash": "b662e6d7c9223641bc29ff5dc7845a745d1cd5fe", "best_bid": "0.27", "best_ask": "0.46"}], "timestamp": "1769384299976", "event_type": "price_change"}}
{"_local_timestamp": "2026-01-25T23:38:20.045213+00:00", "data": {"market": "0xe5a0256c8d27098050920679f481e66e37881894b53e6c05435be20970e11b56", "price_changes": [{"asset_id": "157594979500967495302741920453520952705436469927039004105566273714932188072", "price": "0.06", "size": "4157.32", "side": "BUY", "hash": "9882a21094825af12dd01168b0c66ebbada21277", "best_bid": "0.54", "best_ask": "0.73"}, {"asset_id": "42954482129163122731065291230958424227339073063901131650237357812906642693208", "price": "0.94", "size": "4157.32", "side": "SELL", "hash": "2d449ab5fac6339998f54de309b8acdc986cf774", "best_bid": "0.27", "best_ask": "0.46"}], "timestamp": "1769384299978", "event_type": "price_change"}}
{"_local_timestamp": "2026-01-25T23:38:20.047364+00:00", "data": {"market": "0xe5a0256c8d27098050920679f481e66e37881894b53e6c05435be20970e11b56", "price_changes": [{"asset_id": "157594979500967495302741920453520952705436469927039004105566273714932188072", "price": "0.05", "size": "890.11", "side": "BUY", "hash": "bd06a7d51f6394a29af93e1f9e1c10205a02e58c", "best_bid": "0.54", "best_ask": "0.73"}, {"asset_id": "42954482129163122731065291230958424227339073063901131650237357812906642693208", "price": "0.95", "size": "890.11", "side": "SELL", "hash": "10de8b123cb45aa76abbe6e9c78a95ba479fef4f", "best_bid": "0.27", "best_ask": "0.46"}], "timestamp": "1769384299980", "event_type": "price_change"}}
{"_local_timestamp": "2026-01-25T23:38:20.047761+00:00", "data": {"market": "0xe5a0256c8d27098050920679f481e66e37881894b53e6c05435be20970e11b56", "price_changes": [{"asset_id": "157594979500967495302741920453520952705436469927039004105566273714932188072", "price": "0.06", "size": "5047.43", "side": "BUY", "hash": "16214a7b62554bae2288a5837876ea3abc0b484b", "best_bid": "0.54", "best_ask": "0.73"}, {"asset_id": "42954482129163122731065291230958424227339073063901131650237357812906642693208", "price": "0.94", "size": "5047.43", "side": "SELL", "hash": "55b4b6bf83d703229f82c10e024f9e5f446fe5f6", "best_bid": "0.27", "best_ask": "0.46"}], "timestamp": "1769384299982", "event_type": "price_change"}}
{"_local_timestamp": "2026-01-25T23:38:40.809524+00:00", "data": {"market": "0xe5a0256c8d27098050920679f481e66e37881894b53e6c05435be20970e11b56", "price_changes": [{"asset_id": "157594979500967495302741920453520952705436469927039004105566273714932188072", "price": "0.01", "size": "6284.32", "side": "BUY", "hash": "01e4b39883490b7ec9faa9f92b847d4ad502a9c4", "best_bid": "0.54", "best_ask": "0.73"}, {"asset_id": "42954482129163122731065291230958424227339073063901131650237357812906642693208", "price": "0.99", "size": "6284.32", "side": "SELL", "hash": "43a53d0ed5a4e818dd439127bedb1c5555d3842b", "best_bid": "0.27", "best_ask": "0.46"}], "timestamp": "1769384320738", "event_type": "price_change"}}
{"_local_timestamp": "2026-01-25T23:38:40.869111+00:00", "data": {"market": "0xe5a0256c8d27098050920679f481e66e37881894b53e6c05435be20970e11b56", "price_changes": [{"asset_id": "157594979500967495302741920453520952705436469927039004105566273714932188072", "price": "0.04", "size": "890.11", "side": "BUY", "hash": "a9144540e37df8820f4854a7847cd6bbbe459cd5", "best_bid": "0.54", "best_ask": "0.73"}, {"asset_id": "42954482129163122731065291230958424227339073063901131650237357812906642693208", "price": "0.96", "size": "890.11", "side": "SELL", "hash": "0fd2f594b6642ca737629ea1af554d3811703da8", "best_bid": "0.27", "best_ask": "0.46"}], "timestamp": "1769384320799", "event_type": "price_change"}}
{"_local_timestamp": "2026-01-25T23:38:40.869616+00:00", "data": {"market": "0xe5a0256c8d27098050920679f481e66e37881894b53e6c05435be20970e11b56", "price_changes": [{"asset_id": "157594979500967495302741920453520952705436469927039004105566273714932188072", "price": "0.06", "size": "0", "side": "BUY", "hash": "a9144540e37df8820f4854a7847cd6bbbe459cd5", "best_bid": "0.54", "best_ask": "0.73"}, {"asset_id": "42954482129163122731065291230958424227339073063901131650237357812906642693208", "price": "0.94", "size": "0", "side": "SELL", "hash": "0fd2f594b6642ca737629ea1af554d3811703da8", "best_bid": "0.27", "best_ask": "0.46"}], "timestamp": "1769384320799", "event_type": "price_change"}}
{"_local_timestamp": "2026-01-25T23:38:40.869990+00:00", "data": {"market": "0xe5a0256c8d27098050920679f481e66e37881894b53e6c05435be20970e11b56", "price_changes": [{"asset_id": "157594979500967495302741920453520952705436469927039004105566273714932188072", "price": "0.05", "size": "0", "side": "BUY", "hash": "a9144540e37df8820f4854a7847cd6bbbe459cd5", "best_bid": "0.54", "best_ask": "0.73"}, {"asset_id": "42954482129163122731065291230958424227339073063901131650237357812906642693208", "price": "0.95", "size": "0", "side": "SELL", "hash": "0fd2f594b6642ca737629ea1af554d3811703da8", "best_bid": "0.27", "best_ask": "0.46"}], "timestamp": "1769384320799", "event_type": "price_change"}}
