{"_local_timestamp": "2026-01-25T23:33:20.359515+00:00", "data": [{"market": "0x3bb59c17b8ec156f8ef55d6de522c53c8bcc8fc708bfba00e1c7820c208ee28b", "asset_id": "79597156840177168343562124064866301094619106642263695929345529947536386203124", "timestamp": "1769383963560", "hash": "51b3e9d6e5953eb92781137f1b5ae2d6edbfdd61", "bids": [{"price": "0.01", "size": "315813.08"}, {"price": "0.02", "size": "1000"}, {"price": "0.03", "size": "91200"}, {"price": "0.04", "size": "305.97"}, {"price": "0.05", "size": "30"}, {"price": "0.06", "size": "33"}, {"price": "0.09", "size": "900"}, {"price": "0.1", "size": "6.3"}, {"price": "0.14", "size": "242.85"}, {"price": "0.15", "size": "600"}, {"price": "0.18", "size": "177.77"}, {"price": "0.2", "size": "400"}, {"price": "0.23", "size": "815.73"}, {"price": "0.24", "size": "200"}, {"price": "0.25", "size": "1780"}, {"price": "0.28", "size": "142.85"}, {"price": "0.29", "size": "50"}, {"price": "0.32", "size": "75"}, {"price": "0.37", "size": "54.05"}, {"price": "0.4", "size": "750"}, {"price": "0.41", "size": "1522"}, {"price": "0.84", "size": "160"}, {"price": "0.89", "size": "2016"}, {"price": "0.9", "size": "441.05"}], "asks": [{"price": "0.99", "size": "13043.46"}, {"price": "0.98", "size": "265.53"}, {"price": "0.97", "size": "34.42"}, {"price": "0.96", "size": "16.68"}, {"price": "0.94", "size": "100"}, {"price": "0.93", "size": "360.99"}, {"price": "0.92", "size": "1358.83"}], "event_type": "book", "last_trade_price": ""}, {"market": "0x1bf5eb603d6bd74a11ba051d2cd8d7fff85100d0af19d6e9d91b29cef01f2c91", "asset_id": "109090022960169506693280284802447236443468818742086703354686360167548384699439", "timestamp": "1769383999459", "hash": "6aa7a26b4439c4c28d0d128a648b18b5afcb84b5", "bids": [{"price": "0.01", "size": "525808.17"}, {"price": "0.02", "size": "32207.7"}, {"price": "0.03", "size": "20000"}, {"price": "0.04", "size": "255.22"}, {"price": "0.05", "size": "30"}, {"price": "0.06", "size": "33"}, {"price": "0.07", "size": "7.72"}, {"price": "0.09", "size": "900"}, {"price": "0.14", "size": "242.85"}, {"price": "0.15", "size": "550"}, {"price": "0.16", "size": "6.34"}, {"price": "0.18", "size": "177.77"}, {"price": "0.2", "size": "1250"}, {"price": "0.23", "size": "121.73"}, {"price": "0.24", "size": "200"}, {"price": "0.25", "size": "1780"}, {"price": "0.28", "size": "142.85"}, {"price": "0.29", "size": "50"}, {"price": "0.32", "size": "75"}, {"price": "0.34", "size": "50"}, {"price": "0.37", "size": "54.05"}, {"price": "0.42", "size": "1428"}, {"price": "0.43", "size": "3856"}, {"price": "0.44", "size": "5"}, {"price": "0.83", "size": "150"}, {"price": "0.84", "size": "20"}, {"price": "0.88", "size": "200"}, {"price": "0.89", "size": "1655"}, {"price": "0.9", "size": "322"}, {"price": "0.91", "size": "348"}], "asks": [{"price": "0.99", "size": "61.83"}, {"price": "0.98", "size": "29.08"}, {"price": "0.93", "size": "1636.2"}, {"price": "0.92", "size": "200"}], "event_type": "book", "last_trade_price": ""}, {"market": "0x1bf5eb603d6bd74a11ba051d2cd8d7fff85100d0af19d6e9d91b29cef01f2c91", "asset_id": "80536528552003281640741026890878925456783654983296822683495274364289350034456", "timestamp": "1769383999459", "hash": "7721e5c2c1472af89eb54fe9e340c13b1f4af7f1", "bids": [{"price": "0.01", "size": "61.83"}, {"price": "0.02", "size": "29.08"}, {"price": "0.07", "size": "1636.2"}, {"price": "0.08", "size": "200"}], "asks": [{"price": "0.99", "size": "525808.17"}, {"price": "0.98", "size": "32207.7"}, {"price": "0.97", "size": "20000"}, {"price": "0.96", "size": "255.22"}, {"price": "0.95", "size": "30"}, {"price": "0.94", "size": "33"}, {"price": "0.93", "size": "7.72"}, {"price": "0.91", "size": "900"}, {"price": "0.86", "size": "242.85"}, {"price": "0.85", "size": "550"}, {"price": "0.84", "size": "6.34"}, {"price": "0.82", "size": "177.77"}, {"price": "0.8", "size": "1250"}, {"price": "0.77", "size": "121.73"}, {"price": "0.76", "size": "200"}, {"price": "0.75", "size": "1780"}, {"price": "0.72", "size": "142.85"}, {"price": "0.71", "size": "50"}, {"price": "0.68", "size": "75"}, {"price": "0.66", "size": "50"}, {"price": "0.63", "size": "54.05"}, {"price": "0.58", "size": "1428"}, {"price": "0.57", "size": "3856"}, {"price": "0.56", "size": "5"}, {"price": "0.17", "size": "150"}, {"price": "0.16", "size": "20"}, {"price": "0.12", "size": "200"}, {"price": "0.11", "size": "1655"}, {"price": "0.1", "size": "322"}, {"price": "0.09", "size": "348"}], "event_type": "book", "last_trade_price": ""}, {"market": "0x3bb59c17b8ec156f8ef55d6de522c53c8bcc8fc708bfba00e1c7820c208ee28b", "asset_id": "40600137944982070120020561148201046074034528738262880058756488608210871246278", "timestamp": "1769383963560", "hash": "7a2c076b5e7314aff1995fd8df599e6bf5814a7b", "bids": [{"price": "0.01", "size": "13043.46"}, {"price": "0.02", "size": "265.53"}, {"price": "0.03", "size": "34.42"}, {"price": "0.04", "size": "16.68"}, {"price": "0.06", "size": "100"}, {"price": "0.07", "size": "360.99"}, {"price": "0.08", "size": "1358.83"}], "asks": [{"price": "0.99", "size": "315813.08"}, {"price": "0.98", "size": "1000"}, {"price": "0.97", "size": "91200"}, {"price": "0.96", "size": "305.97"}, {"price": "0.95", "size": "30"}, {"price": "0.94", "size": "33"}, {"price": "0.91", "size": "900"}, {"price": "0.9", "size": "6.3"}, {"price": "0.86", "size": "242.85"}, {"price": "0.85", "size": "600"}, {"price": "0.82", "size": "177.77"}, {"price": "0.8", "size": "400"}, {"price": "0.77", "size": "815.73"}, {"price": "0.76", "size": "200"}, {"price": "0.75", "size": "1780"}, {"price": "0.72", "size": "142.85"}, {"price": "0.71", "size": "50"}, {"price": "0.68", "size": "75"}, {"price": "0.63", "size": "54.05"}, {"price": "0.6", "size": "750"}, {"price": "0.59", "size": "1522"}, {"price": "0.16", "size": "160"}, {"price": "0.11", "size": "2016"}, {"price": "0.1", "size": "441.05"}], "event_type": "book", "last_trade_price": ""}]}
{"_local_timestamp": "2026-01-25T23:33:33.240488+00:00", "data": {"market": "0x3bb59c17b8ec156f8ef55d6de522c53c8bcc8fc708bfba00e1c7820c208ee28b", "price_changes": [{"asset_id": "79597156840177168343562124064866301094619106642263695929345529947536386203124", "price": "0.24", "size": "150", "side": "BUY", "hash": "99ec04593c288c750010b715892c394068108687", "best_bid": "0.9", "best_ask": "0.92"}, {"asset_id": "40600137944982070120020561148201046074034528738262880058756488608210871246278", "price": "0.76", "size": "150", "side": "SELL", "hash": "2360eee9f90877c55c67c396b37491b89393e886", "best_bid": "0.08", "best_ask": "0.1"}], "timestamp": "1769384013098", "event_type": "price_change"}}
{"_local_timestamp": "2026-01-25T23:33:33.243479+00:00", "data": {"market": "0x1bf5eb603d6bd74a11ba051d2cd8d7fff85100d0af19d6e9d91b29cef01f2c91", "price_changes": [{"asset_id": "109090022960169506693280284802447236443468818742086703354686360167548384699439", "price": "0.29", "size": "0", "side": "BUY", "hash": "0fff74a2e71c9a7f47fa013be58dc55b4def6361", "best_bid": "0.91", "best_ask": "0.92"}, {"asset_id": "80536528552003281640741026890878925456783654983296822683495274364289350034456", "price": "0.71", "size": "0", "side": "SELL", "hash": "2f9895d7f94d4c1b5da7003046638962467dea27", "best_bid": "0.08", "best_ask": "0.09"}], "timestamp": "1769384013098", "event_type": "price_change"}}
{"_local_timestamp": "2026-01-25T23:33:33.244323+00:00", "data": {"market": "0x1bf5eb603d6bd74a11ba051d2cd8d7fff85100d0af19d6e9d91b29cef01f2c91", "price_changes": [{"asset_id": "109090022960169506693280284802447236443468818742086703354686360167548384699439", "price": "0.24", "size": "150", "side": "BUY", "hash": "0fff74a2e71c9a7f47fa013be58dc55b4def6361", "best_bid": "0.91", "best_ask": "0.92"}, {"asset_id": "80536528552003281640741026890878925456783654983296822683495274364289350034456", "price": "0.76", "size": "150", "side": "SELL", "hash": "2f9895d7f94d4c1b5da7003046638962467dea27", "best_bid": "0.08", "best_ask": "0.09"}], "timestamp": "1769384013098", "event_type": "price_change"}}
{"_local_timestamp": "2026-01-25T23:33:33.640847+00:00", "data": {"market": "0x1bf5eb603d6bd74a11ba051d2cd8d7fff85100d0af19d6e9d91b29cef01f2c91", "price_changes": [{"asset_id": "109090022960169506693280284802447236443468818742086703354686360167548384699439", "price": "0.25", "size": "1830", "side": "BUY", "hash": "b28f969ffccedf2033760d551adea054a7ebcdf8", "best_bid": "0.91", "best_ask": "0.92"}, {"asset_id": "80536528552003281640741026890878925456783654983296822683495274364289350034456", "price": "0.75", "size": "1830", "side": "SELL", "hash": "541751cf12ee6e08a78b936b1cff8fb15f27ae9b", "best_bid": "0.08", "best_ask": "0.09"}], "timestamp": "1769384013522", "event_type": "price_change"}}
{"_local_timestamp": "2026-01-25T23:33:33.645507+00:00", "data": {"market": "0x3bb59c17b8ec156f8ef55d6de522c53c8bcc8fc708bfba00e1c7820c208ee28b", "price_changes": [{"asset_id": "79597156840177168343562124064866301094619106642263695929345529947536386203124", "price": "0.23", "size": "865.73", "side": "BUY", "hash": "b22ae516b64528ace07c325c65c0373a76d9a1f3", "best_bid": "0.9", "best_ask": "0.92"}, {"asset_id": "40600137944982070120020561148201046074034528738262880058756488608210871246278", "price": "0.77", "size": "865.73", "side": "SELL", "hash": "a6580cd720c9ae0a1dec5786c9b43787a6586158", "best_bid": "0.08", "best_ask": "0.1"}], "timestamp": "1769384013523", "event_type": "price_change"}}
{"_local_timestamp": "2026-01-25T23:33:33.720214+00:00", "data": {"market": "0x1bf5eb603d6bd74a11ba051d2cd8d7fff85100d0af19d6e9d91b29cef01f2c91", "price_changes": [{"asset_id": "109090022960169506693280284802447236443468818742086703354686360167548384699439", "price": "0.28", "size": "192.85", "side": "BUY", "hash": "a6eff1365ef0c7820324f14b07b83b75d5713332", "best_bid": "0.91", "best_ask": "0.92"}, {"asset_id": "80536528552003281640741026890878925456783654983296822683495274364289350034456", "price": "0.72", "size": "192.85", "side": "SELL", "hash": "9c3b07a6aea48725ed464da60a19ca92d6b2e3d8", "best_bid": "0.08", "best_ask": "0.09"}], "timestamp": "1769384013558", "event_type": "price_change"}}
{"_local_timestamp": "2026-01-25T23:33:34.468023+00:00", "data": {"market": "0x3bb59c17b8ec156f8ef55d6de522c53c8bcc8fc708bfba00e1c7820c208ee28b", "price_changes": [{"asset_id": "79597156840177168343562124064866301094619106642263695929345529947536386203124", "price": "0.89", "size": "2465.4", "side": "BUY", "hash": "57b42a6e4f2282be5df8df26481168efdd4bfaea", "best_bid": "0.9", "best_ask": "0.92"}, {"asset_id": "40600137944982070120020561148201046074034528738262880058756488608210871246278", "price": "0.11", "size": "2465.4", "side": "SELL", "hash": "8bc4637ec204df4ca61b7269795c3cbea10c1388", "best_bid": "0.08", "best_ask": "0.1"}], "timestamp": "1769384014404", "event_type": "price_change"}}
{"_local_timestamp": "2026-01-25T23:33:34.651725+00:00", "data": {"market": "0x3bb59c17b8ec156f8ef55d6de522c53c8bcc8fc708bfba00e1c7820c208ee28b", "price_changes": [{"asset_id": "79597156840177168343562124064866301094619106642263695929345529947536386203124", "price": "0.89", "size": "2016", "side": "BUY", "hash": "c8b4f704bd57af1ac9cba201e5aa9302e1e7669d", "best_bid": "0.9", "best_ask": "0.92"}, {"asset_id": "40600137944982070120020561148201046074034528738262880058756488608210871246278", "price": "0.11", "size": "2016", "side": "SELL", "hash": "2898bec16ceb06d2adfb607bb1fb633e55219f19", "best_bid": "0.08", "best_ask": "0.1"}], "timestamp": "1769384014584", "event_type": "price_change"}}
{"_local_timestamp": "2026-01-25T23:33:40.214000+00:00", "data": {"market": "0x3bb59c17b8ec156f8ef55d6de522c53c8bcc8fc708bfba00e1c7820c208ee28b", "price_changes": [{"asset_id": "79597156840177168343562124064866301094619106642263695929345529947536386203124", "price": "0.24", "size": "100", "side": "BUY", "hash": "3ecc3a1e5c04460196163e08a53cc40b944fbd28", "best_bid": "0.9", "best_ask": "0.92"}, {"asset_id": "40600137944982070120020561148201046074034528738262880058756488608210871246278", "price": "0.76", "size": "100", "side": "SELL", "hash": "86e1d5c320ce8aa8cbf14f29ed324f185f13242c", "best_bid": "0.08", "best_ask": "0.1"}], "timestamp": "1769384020089", "event_type": "price_change"}}
{"_local_timestamp": "2026-01-25T23:33:40.221779+00:00", "data": {"market": "0x1bf5eb603d6bd74a11ba051d2cd8d7fff85100d0af19d6e9d91b29cef01f2c91", "price_changes": [{"asset_id": "109090022960169506693280284802447236443468818742086703354686360167548384699439", "price": "0.24", "size": "100", "side": "BUY", "hash": "73d7152825e4b91fecec29a2e2059f8cd0417e5a", "best_bid": "0.91", "best_ask": "0.92"}, {"asset_id": "80536528552003281640741026890878925456783654983296822683495274364289350034456", "price": "0.76", "size": "100", "side": "SELL", "hash": "0959f4636816b0a4c75cd64bbd0a154e9a8749c8", "best_bid": "0.08", "best_ask": "0.09"}], "timestamp": "1769384020089", "event_type": "price_change"}}
{"_local_timestamp": "2026-01-25T23:33:40.640872+00:00", "data": {"market": "0x1bf5eb603d6bd74a11ba051d2cd8d7fff85100d0af19d6e9d91b29cef01f2c91", "price_changes": [{"asset_id": "109090022960169506693280284802447236443468818742086703354686360167548384699439", "price": "0.25", "size": "1880", "side": "BUY", "hash": "8dbeb57b8cf877008fc75ddc05f2aa4081cb2ea4", "best_bid": "0.91", "best_ask": "0.92"}, {"asset_id": "80536528552003281640741026890878925456783654983296822683495274364289350034456", "price": "0.75", "size": "1880", "side": "SELL", "hash": "9d2c234282d370a9346b204d6c5a56baca729aaf", "best_bid": "0.08", "best_ask": "0.09"}], "timestamp": "1769384020523", "event_type": "price_change"}}
{"_local_timestamp": "2026-01-25T23:33:40.822520+00:00", "data": {"market": "0x3bb59c17b8ec156f8ef55d6de522c53c8bcc8fc708bfba00e1c7820c208ee28b", "price_changes": [{"asset_id": "79597156840177168343562124064866301094619106642263695929345529947536386203124", "price": "0.25", "size": "1830", "side": "BUY", "hash": "bbafbfb016bcb51d5c21a17c636493081f6e675c", "best_bid": "0.9", "best_ask": "0.92"}, {"asset_id": "40600137944982070120020561148201046074034528738262880058756488608210871246278", "price": "0.75", "size": "1830", "side": "SELL", "hash": "37b5f5b00a6424787a008897033e557ec201e6ac", "best_bid": "0.08", "best_ask": "0.1"}], "timestamp": "1769384020524", "event_type": "price_change"}}
