{"_local_timestamp": "2026-01-25T23:33:20.359515+00:00", "data": [{"market": "0x3bb59c17b8ec156f8ef55d6de522c53c8bcc8fc708bfba00e1c7820c208ee28b", "asset_id": "79597156840177168343562124064866301094619106642263695929345529947536386203124", "timestamp": "1769383963560", "hash": "51b3e9d6e5953eb92781137f1b5ae2d6edbfdd61", "bids": [{"price": "0.01", "size": "315813.08"}, {"price": "0.02", "size": "1000"}, {"price": "0.03", "size": "91200"}, {"price": "0.04", "size": "305.97"}, {"price": "0.05", "size": "30"}, {"price": "0.06", "size": "33"}, {"price": "0.09", "size": "900"}, {"price": "0.1", "size": "6.3"}, {"price": "0.14", "size": "242.85"}, {"price": "0.15", "size": "600"}, {"price": "0.18", "size": "177.77"}, {"price": "0.2", "size": "400"}, {"price": "0.23", "size": "815.73"}, {"price": "0.24", "size": "200"}, {"price": "0.25", "size": "1780"}, {"price": "0.28", "size": "142.85"}, {"price": "0.29", "size": "50"}, {"price": "0.32", "size": "75"}, {"price": "0.37", "size": "54.05"}, {"price": "0.4", "size": "750"}, {"price": "0.41", "size": "1522"}, {"price": "0.84", "size": "160"}, {"price": "0.89", "size": "2016"}, {"price": "0.9", "size": "441.05"}], "asks": [{"price": "0.99", "size": "13043.46"}, {"price": "0.98", "size": "265.53"}, {"price": "0.97", "size": "34.42"}, {"price": "0.96", "size": "16.68"}, {"price": "0.94", "size": "100"}, {"price": "0.93", "size": "360.99"}, {"price": "0.92", "size": "1358.83"}], "event_type": "book", "last_trade_price": ""}, {"market": "0x1bf5eb603d6bd74a11ba051d2cd8d7fff85100d0af19d6e9d91b29cef01f2c91", "asset_id": "109090022960169506693280284802447236443468818742086703354686360167548384699439", "timestamp": "1769383999459", "hash": "6aa7a26b4439c4c28d0d128a648b18b5afcb84b5", "bids": [{"price": "0.01", "size": "525808.17"}, {"price": "0.02", "size": "32207.7"}, {"price": "0.03", "size": "20000"}, {"price": "0.04", "size": "255.22"}, {"price": "0.05", "size": "30"}, {"price": "0.06", "size": "33"}, {"price": "0.07", "size": "7.72"}, {"price": "0.09", "size": "900"}, {"price": "0.14", "size": "242.85"}, {"price": "0.15", "size": "550"}, {"price": "0.16", "size": "6.34"}, {"price": "0.18", "size": "177.77"}, {"price": "0.2", "size": "1250"}, {"price": "0.23", "size": "121.73"}, {"price": "0.24", "size": "200"}, {"price": "0.25", "size": "1780"}, {"price": "0.28", "size": "142.85"}, {"price": "0.29", "size": "50"}, {"price": "0.32", "size": "75"}, {"price": "0.34", "size": "50"}, {"price": "0.37", "size": "54.05"}, {"price": "0.42", "size": "1428"}, {"price": "0.43", "size": "3856"}, {"price": "0.44", "size": "5"}, {"price": "0.83", "size": "150"}, {"price": "0.84", "size": "20"}, {"price": "0.88", "size": "200"}, {"price": "0.89", "size": "1655"}, {"price": "0.9", "size": "322"}, {"price": "0.91", "size": "348"}], "asks": [{"price": "0.99", "size": "61.83"}, {"price": "0.98", "size": "29.08"}, {"price": "0.93", "size": "1636.2"}, {"price": "0.92", "size": "200"}], "event_type": "book", "last_trade_price": ""}, {"market": "0x1bf5eb603d6bd74a11ba051d2cd8d7fff85100d0af19d6e9d91b29cef01f2c91", "asset_id": "80536528552003281640741026890878925456783654983296822683495274364289350034456", "timestamp": "1769383999459", "hash": "7721e5c2c1472af89eb54fe9e340c13b1f4af7f1", "bids": [{"price": "0.01", "size": "61.83"}, {"price": "0.02", "size": "29.08"}, {"price": "0.07", "size": "1636.2"}, {"price": "0.08", "size": "200"}], "asks": [{"price": "0.99", "size": "525808.17"}, {"price": "0.98", "size": "32207.7"}, {"price": "0.97", "size": "20000"}, {"price": "0.96", "size": "255.22"}, {"price": "0.95", "size": "30"}, {"price": "0.94", "size": "33"}, {"price": "0.93", "size": "7.72"}, {"price": "0.91", "size": "900"}, {"price": "0.86", "size": "242.85"}, {"price": "0.85", "size": "550"}, {"price": "0.84", "size": "6.34"}, {"price": "0.82", "size": "177.77"}, {"price": "0.8", "size": "1250"}, {"price": "0.77", "size": "121.73"}, {"price": "0.76", "size": "200"}, {"price": "0.75", "size": "1780"}, {"price": "0.72", "size": "142.85"}, {"price": "0.71", "size": "50"}, {"price": "0.68", "size": "75"}, {"price": "0.66", "size": "50"}, {"price": "0.63", "size": "54.05"}, {"price": "0.58", "size": "1428"}, {"price": "0.57", "size": "3856"}, {"price": "0.56", "size": "5"}, {"price": "0.17", "size": "150"}, {"price": "0.16", "size": "20"}, {"price": "0.12", "size": "200"}, {"price": "0.11", "size": "1655"}, {"price": "0.1", "size": "322"}, {"price": "0.09", "size": "348"}], "event_type": "book", "last_trade_price": ""}, {"market": "0x3bb59c17b8ec156f8ef55d6de522c53c8bcc8fc708bfba00e1c7820c208ee28b", "asset_id": "40600137944982070120020561148201046074034528738262880058756488608210871246278", "timestamp": "1769383963560", "hash": "7a2c076b5e7314aff1995fd8df599e6bf5814a7b", "bids": [{"price": "0.01", "size": "13043.46"}, {"price": "0.02", "size": "265.53"}, {"price": "0.03", "size": "34.42"}, {"price": "0.04", "size": "16.68"}, {"price": "0.06", "size": "100"}, {"price": "0.07", "size": "360.99"}, {"price": "0.08", "size": "1358.83"}], "asks": [{"price": "0.99", "size": "315813.08"}, {"price": "0.98", "size": "1000"}, {"price": "0.97", "size": "91200"}, {"price": "0.96", "size": "305.97"}, {"price": "0.95", "size": "30"}, {"price": "0.94", "size": "33"}, {"price": "0.91", "size": "900"}, {"price": "0.9", "size": "6.3"}, {"price": "0.86", "size": "242.85"}, {"price": "0.85", "size": "600"}, {"price": "0.82", "size": "177.77"}, {"price": "0.8", "size": "400"}, {"price": "0.77", "size": "815.73"}, {"price": "0.76", "size": "200"}, {"price": "0.75", "size": "1780"}, {"price": "0.72", "size": "142.85"}, {"price": "0.71", "size": "50"}, {"price": "0.68", "size": "75"}, {"price": "0.63", "size": "54.05"}, {"price": "0.6", "size": "750"}, {"price": "0.59", "size": "1522"}, {"price": "0.16", "size": "160"}, {"price": "0.11", "size": "2016"}, {"price": "0.1", "size": "441.05"}], "event_type": "book", "last_trade_price": ""}]}
{"_local_timestamp": "2026-01-25T23:33:33.240488+00:00", "data": {"market": "0x3bb59c17b8ec156f8ef55d6de522c53c8bcc8fc708bfba00e1c7820c208ee28b", "price_changes": [{"asset_id": "79597156840177168343562124064866301094619106642263695929345529947536386203124", "price": "0.24", "size": "150", "side": "BUY", "hash": "99ec04593c288c750010b715892c394068108687", "best_bid": "0.9", "best_ask": "0.92"}, {"asset_id": "40600137944982070120020561148201046074034528738262880058756488608210871246278", "price": "0.76", "size": "150", "side": "SELL", "hash": "2360eee9f90877c55c67c396b37491b89393e886", "best_bid": "0.08", "best_ask": "0.1"}], "timestamp": "1769384013098", "event_type": "price_change"}}
{"_local_timestamp": "2026-01-25T23:33:33.243479+00:00", "data": {"market": "0x1bf5eb603d6bd74a11ba051d2cd8d7fff85100d0af19d6e9d91b29cef01f2c91", "price_changes": [{"asset_id": "109090022960169506693280284802447236443468818742086703354686360167548384699439", "price": "0.29", "size": "0", "side": "BUY", "hash": "0fff74a2e71c9a7f47fa013be58dc55b4def6361", "best_bid": "0.91", "best_ask": "0.92"}, {"asset_id": "80536528552003281640741026890878925456783654983296822683495274364289350034456", "price": "0.71", "size": "0", "side": "SELL", "hash": "2f9895d7f94d4c1b5da7003046638962467dea27", "best_bid": "0.08", "best_ask": "0.09"}], "timestamp": "1769384013098", "event_type": "price_change"}}
{"_local_timestamp": "2026-01-25T23:33:33.244323+00:00", "data": {"market": "0x1bf5eb603d6bd74a11ba051d2cd8d7fff85100d0af19d6e9d91b29cef01f2c91", "price_changes": [{"asset_id": "109090022960169506693280284802447236443468818742086703354686360167548384699439", "price": "0.24", "size": "150", "side": "BUY", "hash": "0fff74a2e71c9a7f47fa013be58dc55b4def6361", "best_bid": "0.91", "best_ask": "0.92"}, {"asset_id": "80536528552003281640741026890878925456783654983296822683495274364289350034456", "price": "0.76", "size": "150", "side": "SELL", "hash": "2f9895d7f94d4c1b5da7003046638962467dea27", "best_bid": "0.08", "best_ask": "0.09"}], "timestamp": "1769384013098", "event_type": "price_change"}}
{"_local_timestamp": "2026-01-25T23:33:33.640847+00:00", "data": {"market": "0x1bf5eb603d6bd74a11ba051d2cd8d7fff85100d0af19d6e9d91b29cef01f2c91", "price_changes": [{"asset_id": "109090022960169506693280284802447236443468818742086703354686360167548384699439", "price": "0.25", "size": "1830", "side": "BUY", "hash": "b28f969ffccedf2033760d551adea054a7ebcdf8", "best_bid": "0.91", "best_ask": "0.92"}, {"asset_id": "80536528552003281640741026890878925456783654983296822683495274364289350034456", "price": "0.75", "size": "1830", "side": "SELL", "hash": "541751cf12ee6e08a78b936b1cff8fb15f27ae9b", "best_bid": "0.08", "best_ask": "0.09"}], "timestamp": "1769384013522", "event_type": "price_change"}}
{"_local_timestamp": "2026-01-25T23:33:33.645507+00:00", "data": {"market": "0x3bb59c17b8ec156f8ef55d6de522c53c8bcc8fc708bfba00e1c7820c208ee28b", "price_changes": [{"asset_id": "79597156840177168343562124064866301094619106642263695929345529947536386203124", "price": "0.23", "size": "865.73", "side": "BUY", "hash": "b22ae516b64528ace07c325c65c0373a76d9a1f3", "best_bid": "0.9", "best_ask": "0.92"}, {"asset_id": "40600137944982070120020561148201046074034528738262880058756488608210871246278", "price": "0.77", "size": "865.73", "side": "SELL", "hash": "a6580cd720c9ae0a1dec5786c9b43787a6586158", "best_bid": "0.08", "best_ask": "0.1"}], "timestamp": "1769384013523", "event_type": "price_change"}}
{"_local_timestamp": "2026-01-25T23:33:33.720214+00:00", "data": {"market": "0x1bf5eb603d6bd74a11ba051d2cd8d7fff85100d0af19d6e9d91b29cef01f2c91", "price_changes": [{"asset_id": "109090022960169506693280284802447236443468818742086703354686360167548384699439", "price": "0.28", "size": "192.85", "side": "BUY", "hash": "a6eff1365ef0c7820324f14b07b83b75d5713332", "best_bid": "0.91", "best_ask": "0.92"}, {"asset_id": "80536528552003281640741026890878925456783654983296822683495274364289350034456", "price": "0.72", "size": "192.85", "side": "SELL", "hash": "9c3b07a6aea48725ed464da60a19ca92d6b2e3d8", "best_bid": "0.08", "best_ask": "0.09"}], "timestamp": "1769384013558", "event_type": "price_change"}}
{"_local_timestamp": "2026-01-25T23:33:34.468023+00:00", "data": {"market": "0x3bb59c17b8ec156f8ef55d6de522c53c8bcc8fc708bfba00e1c7820c208ee28b", "price_changes": [{"asset_id": "79597156840177168343562124064866301094619106642263695929345529947536386203124", "price": "0.89", "size": "2465.4", "side": "BUY", "hash": "57b42a6e4f2282be5df8df26481168efdd4bfaea", "best_bid": "0.9", "best_ask": "0.92"}, {"asset_id": "40600137944982070120020561148201046074034528738262880058756488608210871246278", "price": "0.11", "size": "2465.4", "side": "SELL", "hash": "8bc4637ec204df4ca61b7269795c3cbea10c1388", "best_bid": "0.08", "best_ask": "0.1"}], "timestamp": "1769384014404", "event_type": "price_change"}}
{"_local_timestamp": "2026-01-25T23:33:34.651725+00:00", "data": {"market": "0x3bb59c17b8ec156f8ef55d6de522c53c8bcc8fc708bfba00e1c7820c208ee28b", "price_changes": [{"asset_id": "79597156840177168343562124064866301094619106642263695929345529947536386203124", "price": "0.89", "size": "2016", "side": "BUY", "hash": "c8b4f704bd57af1ac9cba201e5aa9302e1e7669d", "best_bid": "0.9", "best_ask": "0.92"}, {"asset_id": "40600137944982070120020561148201046074034528738262880058756488608210871246278", "price": "0.11", "size": "2016", "side": "SELL", "hash": "2898bec16ceb06d2adfb607bb1fb633e55219f19", "best_bid": "0.08", "best_ask": "0.1"}], "timestamp": "1769384014584", "event_type": "price_change"}}
{"_local_timestamp": "2026-01-25T23:33:40.214000+00:00", "data": {"market": "0x3bb59c17b8ec156f8ef55d6de522c53c8bcc8fc708bfba00e1c7820c208ee28b", "price_changes": [{"asset_id": "79597156840177168343562124064866301094619106642263695929345529947536386203124", "price": "0.24", "size": "100", "side": "BUY", "hash": "3ecc3a1e5c04460196163e08a53cc40b944fbd28", "best_bid": "0.9", "best_ask": "0.92"}, {"asset_id": "40600137944982070120020561148201046074034528738262880058756488608210871246278", "price": "0.76", "size": "100", "side": "SELL", "hash": "86e1d5c320ce8aa8cbf14f29ed324f185f13242c", "best_bid": "0.08", "best_ask": "0.1"}], "timestamp": "1769384020089", "event_type": "price_change"}}
{"_local_timestamp": "2026-01-25T23:33:40.221779+00:00", "data": {"market": "0x1bf5eb603d6bd74a11ba051d2cd8d7fff85100d0af19d6e9d91b29cef01f2c91", "price_changes": [{"asset_id": "109090022960169506693280284802447236443468818742086703354686360167548384699439", "price": "0.24", "size": "100", "side": "BUY", "hash": "73d7152825e4b91fecec29a2e2059f8cd0417e5a", "best_bid": "0.91", "best_ask": "0.92"}, {"asset_id": "80536528552003281640741026890878925456783654983296822683495274364289350034456", "price": "0.76", "size": "100", "side": "SELL", "hash": "0959f4636816b0a4c75cd64bbd0a154e9a8749c8", "best_bid": "0.08", "best_ask": "0.09"}], "timestamp": "1769384020089", "event_type": "price_change"}}
{"_local_timestamp": "2026-01-25T23:33:40.640872+00:00", "data": {"market": "0x1bf5eb603d6bd74a11ba051d2cd8d7fff85100d0af19d6e9d91b29cef01f2c91", "price_changes": [{"asset_id": "109090022960169506693280284802447236443468818742086703354686360167548384699439", "price": "0.25", "size": "1880", "side": "BUY", "hash": "8dbeb57b8cf877008fc75ddc05f2aa4081cb2ea4", "best_bid": "0.91", "best_ask": "0.92"}, {"asset_id": "80536528552003281640741026890878925456783654983296822683495274364289350034456", "price": "0.75", "size": "1880", "side": "SELL", "hash": "9d2c234282d370a9346b204d6c5a56baca729aaf", "best_bid": "0.08", "best_ask": "0.09"}], "timestamp": "1769384020523", "event_type": "price_change"}}
{"_local_timestamp": "2026-01-25T23:33:40.822520+00:00", "data": {"market": "0x3bb59c17b8ec156f8ef55d6de522c53c8bcc8fc708bfba00e1c7820c208ee28b", "price_changes": [{"asset_id": "79597156840177168343562124064866301094619106642263695929345529947536386203124", "price": "0.25", "size": "1830", "side": "BUY", "hash": "bbafbfb016bcb51d5c21a17c636493081f6e675c", "best_bid": "0.9", "best_ask": "0.92"}, {"asset_id": "40600137944982070120020561148201046074034528738262880058756488608210871246278", "price": "0.75", "size": "1830", "side": "SELL", "hash": "37b5f5b00a6424787a008897033e557ec201e6ac", "best_bid": "0.08", "best_ask": "0.1"}], "timestamp": "1769384020524", "event_type": "price_change"}}
{"_local_timestamp": "2026-01-25T23:34:19.901929+00:00", "data": {"market": "0x1bf5eb603d6bd74a11ba051d2cd8d7fff85100d0af19d6e9d91b29cef01f2c91", "price_changes": [{"asset_id": "109090022960169506693280284802447236443468818742086703354686360167548384699439", "price": "0.25", "size": "200", "side": "BUY", "hash": "2c491f977683fd43e4d18dd5a59ae7d5970ac592", "best_bid": "0.91", "best_ask": "0.92"}, {"asset_id": "80536528552003281640741026890878925456783654983296822683495274364289350034456", "price": "0.75", "size": "200", "side": "SELL", "hash": "a3f1a1a5609b2464d7af81678d116804f4af4186", "best_bid": "0.08", "best_ask": "0.09"}], "timestamp": "1769384059756", "event_type": "price_change"}}
{"_local_timestamp": "2026-01-25T23:34:19.942802+00:00", "data": {"market": "0x3bb59c17b8ec156f8ef55d6de522c53c8bcc8fc708bfba00e1c7820c208ee28b", "price_changes": [{"asset_id": "79597156840177168343562124064866301094619106642263695929345529947536386203124", "price": "0.25", "size": "150", "side": "BUY", "hash": "6749d4afc8014ae12f5a09567377da2e3e0b63fe", "best_bid": "0.9", "best_ask": "0.92"}, {"asset_id": "40600137944982070120020561148201046074034528738262880058756488608210871246278", "price": "0.75", "size": "150", "side": "SELL", "hash": "1482f4fc7fb5d61f9d76eba05ad8c4753a8099b7", "best_bid": "0.08", "best_ask": "0.1"}], "timestamp": "1769384059754", "event_type": "price_change"}}
{"_local_timestamp": "2026-01-25T23:34:21.333291+00:00", "data": {"market": "0x1bf5eb603d6bd74a11ba051d2cd8d7fff85100d0af19d6e9d91b29cef01f2c91", "price_changes": [{"asset_id": "109090022960169506693280284802447236443468818742086703354686360167548384699439", "price": "0.9", "size": "766.4", "side": "BUY", "hash": "b63c178313fc65ea9f7df69481fd60b0fca84182", "best_bid": "0.91", "best_ask": "0.92"}, {"asset_id": "80536528552003281640741026890878925456783654983296822683495274364289350034456", "price": "0.1", "size": "766.4", "side": "SELL", "hash": "9b72602e80f8bb3c981fc95d5da0792a8df4894f", "best_bid": "0.08", "best_ask": "0.09"}], "timestamp": "1769384061265", "event_type": "price_change"}}
{"_local_timestamp": "2026-01-25T23:34:21.833373+00:00", "data": {"market": "0x1bf5eb603d6bd74a11ba051d2cd8d7fff85100d0af19d6e9d91b29cef01f2c91", "price_changes": [{"asset_id": "109090022960169506693280284802447236443468818742086703354686360167548384699439", "price": "0.9", "size": "322", "side": "BUY", "hash": "e20e4c488c08848a53d7a878d5328d1041ad973e", "best_bid": "0.91", "best_ask": "0.92"}, {"asset_id": "80536528552003281640741026890878925456783654983296822683495274364289350034456", "price": "0.1", "size": "322", "side": "SELL", "hash": "7d775902ed5ac309b05c9431c6bfe9100073345e", "best_bid": "0.08", "best_ask": "0.09"}], "timestamp": "1769384061763", "event_type": "price_change"}}
{"_local_timestamp": "2026-01-25T23:34:22.785872+00:00", "data": {"market": "0x3bb59c17b8ec156f8ef55d6de522c53c8bcc8fc708bfba00e1c7820c208ee28b", "price_changes": [{"asset_id": "40600137944982070120020561148201046074034528738262880058756488608210871246278", "price": "0.07", "size": "368.48", "side": "BUY", "hash": "e9eb67eaa9b38a1c7b7534da6dca0c06d15bdd35", "best_bid": "0.08", "best_ask": "0.1"}, {"asset_id": "79597156840177168343562124064866301094619106642263695929345529947536386203124", "price": "0.93", "size": "368.48", "side": "SELL", "hash": "b9e946847f32f42b349de74b9fa64030ac48efb3", "best_bid": "0.9", "best_ask": "0.92"}], "timestamp": "1769384062717", "event_type": "price_change"}}
{"_local_timestamp": "2026-01-25T23:34:27.879363+00:00", "data": {"market": "0x3bb59c17b8ec156f8ef55d6de522c53c8bcc8fc708bfba00e1c7820c208ee28b", "price_changes": [{"asset_id": "79597156840177168343562124064866301094619106642263695929345529947536386203124", "price": "0.24", "size": "0", "side": "BUY", "hash": "4e653a33cb6fbb88aef1c77a752610e972d33f9f", "best_bid": "0.9", "best_ask": "0.92"}, {"asset_id": "40600137944982070120020561148201046074034528738262880058756488608210871246278", "price": "0.76", "size": "0", "side": "SELL", "hash": "413cb27847d585405a93f883fdd7fa0a260ed700", "best_bid": "0.08", "best_ask": "0.1"}], "timestamp": "1769384067610", "event_type": "price_change"}}
{"_local_timestamp": "2026-01-25T23:34:27.890572+00:00", "data": {"market": "0x1bf5eb603d6bd74a11ba051d2cd8d7fff85100d0af19d6e9d91b29cef01f2c91", "price_changes": [{"asset_id": "109090022960169506693280284802447236443468818742086703354686360167548384699439", "price": "0.24", "size": "0", "side": "BUY", "hash": "7c4119d8d574bc69d3af75e6e7e5bc72273116d4", "best_bid": "0.91", "best_ask": "0.92"}, {"asset_id": "80536528552003281640741026890878925456783654983296822683495274364289350034456", "price": "0.76", "size": "0", "side": "SELL", "hash": "1dae76e9ca47ac98b83d58e35d33208ed8883f88", "best_bid": "0.08", "best_ask": "0.09"}], "timestamp": "1769384067607", "event_type": "price_change"}}
{"_local_timestamp": "2026-01-25T23:34:28.535441+00:00", "data": {"market": "0x3bb59c17b8ec156f8ef55d6de522c53c8bcc8fc708bfba00e1c7820c208ee28b", "price_changes": [{"asset_id": "79597156840177168343562124064866301094619106642263695929345529947536386203124", "price": "0.25", "size": "250", "side": "BUY", "hash": "b89e73ab989212be7288e94855d0d779e7aaee31", "best_bid": "0.9", "best_ask": "0.92"}, {"asset_id": "40600137944982070120020561148201046074034528738262880058756488608210871246278", "price": "0.75", "size": "250", "side": "SELL", "hash": "b590209e3294858764f5321fce1063e726b03f2f", "best_bid": "0.08", "best_ask": "0.1"}], "timestamp": "1769384068156", "event_type": "price_change"}}
{"_local_timestamp": "2026-01-25T23:34:28.539624+00:00", "data": {"market": "0x3bb59c17b8ec156f8ef55d6de522c53c8bcc8fc708bfba00e1c7820c208ee28b", "price_changes": [{"asset_id": "40600137944982070120020561148201046074034528738262880058756488608210871246278", "price": "0.07", "size": "360.99", "side": "BUY", "hash": "068e50d5196a5c8fcc6ea587fe64147308104869", "best_bid": "0.08", "best_ask": "0.1"}, {"asset_id": "79597156840177168343562124064866301094619106642263695929345529947536386203124", "price": "0.93", "size": "360.99", "side": "SELL", "hash": "b88b48d02b3b4c5448c89737a08fe3660b07f687", "best_bid": "0.9", "best_ask": "0.92"}], "timestamp": "1769384068227", "event_type": "price_change"}}
{"_local_timestamp": "2026-01-25T23:34:28.546654+00:00", "data": {"market": "0x1bf5eb603d6bd74a11ba051d2cd8d7fff85100d0af19d6e9d91b29cef01f2c91", "price_changes": [{"asset_id": "109090022960169506693280284802447236443468818742086703354686360167548384699439", "price": "0.25", "size": "300", "side": "BUY", "hash": "656b7d991ee06d85cf7023bc67397e7b7665b38f", "best_bid": "0.91", "best_ask": "0.92"}, {"asset_id": "80536528552003281640741026890878925456783654983296822683495274364289350034456", "price": "0.75", "size": "300", "side": "SELL", "hash": "91d427409d6803692448f169318890a3b2f0fd05", "best_bid": "0.08", "best_ask": "0.09"}], "timestamp": "1769384068158", "event_type": "price_change"}}
{"_local_timestamp": "2026-01-25T23:34:46.817543+00:00", "data": {"market": "0x1bf5eb603d6bd74a11ba051d2cd8d7fff85100d0af19d6e9d91b29cef01f2c91", "price_changes": [{"asset_id": "80536528552003281640741026890878925456783654983296822683495274364289350034456", "price": "0.01", "size": "0", "side": "BUY", "hash": "546e366232ee4279754c71eb57a9a7a0258086fa", "best_bid": "0.08", "best_ask": "0.09"}, {"asset_id": "109090022960169506693280284802447236443468818742086703354686360167548384699439", "price": "0.99", "size": "0", "side": "SELL", "hash": "3c067496f8e2ec7c64db15776fdf14df7613ae0e", "best_bid": "0.91", "best_ask": "0.92"}], "timestamp": "1769384086752", "event_type": "price_change"}}
{"_local_timestamp": "2026-01-25T23:34:46.821210+00:00", "data": {"market": "0x1bf5eb603d6bd74a11ba051d2cd8d7fff85100d0af19d6e9d91b29cef01f2c91", "price_changes": [{"asset_id": "80536528552003281640741026890878925456783654983296822683495274364289350034456", "price": "0.02", "size": "10", "side": "BUY", "hash": "546e366232ee4279754c71eb57a9a7a0258086fa", "best_bid": "0.08", "best_ask": "0.09"}, {"asset_id": "109090022960169506693280284802447236443468818742086703354686360167548384699439", "price": "0.98", "size": "10", "side": "SELL", "hash": "3c067496f8e2ec7c64db15776fdf14df7613ae0e", "best_bid": "0.91", "best_ask": "0.92"}], "timestamp": "1769384086752", "event_type": "price_change"}}
{"_local_timestamp": "2026-01-25T23:34:47.394870+00:00", "data": {"market": "0x1bf5eb603d6bd74a11ba051d2cd8d7fff85100d0af19d6e9d91b29cef01f2c91", "price_changes": [{"asset_id": "80536528552003281640741026890878925456783654983296822683495274364289350034456", "price": "0.03", "size": "19.37", "side": "BUY", "hash": "c85ba766f0a34d015b2343d6c30206641c9d4afc", "best_bid": "0.08", "best_ask": "0.09"}, {"asset_id": "109090022960169506693280284802447236443468818742086703354686360167548384699439", "price": "0.97", "size": "19.37", "side": "SELL", "hash": "1e46591104b445037273bb13039b666fc5dcf5fe", "best_bid": "0.91", "best_ask": "0.92"}], "timestamp": "1769384087327", "event_type": "price_change"}}
{"_local_timestamp": "2026-01-25T23:34:47.395843+00:00", "data": {"market": "0x1bf5eb603d6bd74a11ba051d2cd8d7fff85100d0af19d6e9d91b29cef01f2c91", "price_changes": [{"asset_id": "80536528552003281640741026890878925456783654983296822683495274364289350034456", "price": "0.01", "size": "41.86", "side": "BUY", "hash": "ce8a2f90260eb39cbaf5091b47f24fef4b1b239f", "best_bid": "0.08", "best_ask": "0.09"}, {"asset_id": "109090022960169506693280284802447236443468818742086703354686360167548384699439", "price": "0.99", "size": "41.86", "side": "SELL", "hash": "ba5ab8a6571ed8eb34c9cb349d6ea1cdc6698e9d", "best_bid": "0.91", "best_ask": "0.92"}], "timestamp": "1769384087328", "event_type": "price_change"}}
{"_local_timestamp": "2026-01-25T23:34:51.744825+00:00", "data": {"market": "0x1bf5eb603d6bd74a11ba051d2cd8d7fff85100d0af19d6e9d91b29cef01f2c91", "price_changes": [{"asset_id": "109090022960169506693280284802447236443468818742086703354686360167548384699439", "price": "0.29", "size": "1448", "side": "BUY", "hash": "ffcd4e404f50d45c482ff1bc28e0ef9694c62a50", "best_bid": "0.91", "best_ask": "0.92"}, {"asset_id": "80536528552003281640741026890878925456783654983296822683495274364289350034456", "price": "0.71", "size": "1448", "side": "SELL", "hash": "a226c3fb714a5ba788cf97f4760d70b8b6c80042", "best_bid": "0.08", "best_ask": "0.09"}], "timestamp": "1769384091682", "event_type": "price_change"}}
{"_local_timestamp": "2026-01-25T23:35:01.768209+00:00", "data": {"market": "0x3bb59c17b8ec156f8ef55d6de522c53c8bcc8fc708bfba00e1c7820c208ee28b", "price_changes": [{"asset_id": "79597156840177168343562124064866301094619106642263695929345529947536386203124", "price": "0.24", "size": "1748", "side": "BUY", "hash": "fd79a5430a25f19a1fe3b8a6e12c749e59b4dad3", "best_bid": "0.9", "best_ask": "0.92"}, {"asset_id": "40600137944982070120020561148201046074034528738262880058756488608210871246278", "price": "0.76", "size": "1748", "side": "SELL", "hash": "d8f6a42538ecc901fe1657afb3f2292619ecd9ea", "best_bid": "0.08", "best_ask": "0.1"}], "timestamp": "1769384101671", "event_type": "price_change"}}
{"_local_timestamp": "2026-01-25T23:35:23.744644+00:00", "data": {"market": "0x3bb59c17b8ec156f8ef55d6de522c53c8bcc8fc708bfba00e1c7820c208ee28b", "price_changes": [{"asset_id": "79597156840177168343562124064866301094619106642263695929345529947536386203124", "price": "0.25", "size": "150", "side": "BUY", "hash": "c092485c7f4beffe5ecc5df20b7de30ddd888e38", "best_bid": "0.9", "best_ask": "0.92"}, {"asset_id": "40600137944982070120020561148201046074034528738262880058756488608210871246278", "price": "0.75", "size": "150", "side": "SELL", "hash": "dbb0dcc2bcfe96efb9e20c7eb2bec927b18e8c13", "best_bid": "0.08", "best_ask": "0.1"}], "timestamp": "1769384123668", "event_type": "price_change"}}
{"_local_timestamp": "2026-01-25T23:35:24.251696+00:00", "data": {"market": "0x1bf5eb603d6bd74a11ba051d2cd8d7fff85100d0af19d6e9d91b29cef01f2c91", "price_changes": [{"asset_id": "80536528552003281640741026890878925456783654983296822683495274364289350034456", "price": "0.1", "size": "522", "side": "SELL", "hash": "a63aa6515b57599a1fbe7aec7325c7fd293fb816", "best_bid": "0.08", "best_ask": "0.09"}, {"asset_id": "109090022960169506693280284802447236443468818742086703354686360167548384699439", "price": "0.9", "size": "522", "side": "BUY", "hash": "b44891719848ca4d437b4ab1767211de2cbe04b2", "best_bid": "0.91", "best_ask": "0.92"}], "timestamp": "1769384124057", "event_type": "price_change"}}
{"_local_timestamp": "2026-01-25T23:35:24.252164+00:00", "data": {"market": "0x1bf5eb603d6bd74a11ba051d2cd8d7fff85100d0af19d6e9d91b29cef01f2c91", "price_changes": [{"asset_id": "80536528552003281640741026890878925456783654983296822683495274364289350034456", "price": "0.07", "size": "1836.2", "side": "BUY", "hash": "adc2871cb8f5978eea9c8b4b81ae944159169651", "best_bid": "0.08", "best_ask": "0.09"}, {"asset_id": "109090022960169506693280284802447236443468818742086703354686360167548384699439", "price": "0.93", "size": "1836.2", "side": "SELL", "hash": "eff4a228bd738ab800c1bcd516df10e0b0a70ad6", "best_bid": "0.91", "best_ask": "0.92"}], "timestamp": "1769384124058", "event_type": "price_change"}}
{"_local_timestamp": "2026-01-25T23:35:24.282754+00:00", "data": {"market": "0x3bb59c17b8ec156f8ef55d6de522c53c8bcc8fc708bfba00e1c7820c208ee28b", "price_changes": [{"asset_id": "79597156840177168343562124064866301094619106642263695929345529947536386203124", "price": "0.23", "size": "965.73", "side": "BUY", "hash": "fe179148162a2fde96bbd06b1dacbd282706b11e", "best_bid": "0.9", "best_ask": "0.92"}, {"asset_id": "40600137944982070120020561148201046074034528738262880058756488608210871246278", "price": "0.77", "size": "965.73", "side": "SELL", "hash": "065b3672bc36957304431599c00351f9f5273c72", "best_bid": "0.08", "best_ask": "0.1"}], "timestamp": "1769384123988", "event_type": "price_change"}}
{"_local_timestamp": "2026-01-25T23:35:24.494528+00:00", "data": {"market": "0x3bb59c17b8ec156f8ef55d6de522c53c8bcc8fc708bfba00e1c7820c208ee28b", "price_changes": [{"asset_id": "79597156840177168343562124064866301094619106642263695929345529947536386203124", "price": "0.89", "size": "2465.4", "side": "BUY", "hash": "9e25cb74d3f1da09d93f9f9de56af0648d85ce18", "best_bid": "0.9", "best_ask": "0.92"}, {"asset_id": "40600137944982070120020561148201046074034528738262880058756488608210871246278", "price": "0.11", "size": "2465.4", "side": "SELL", "hash": "35c9806af77260ead0992dd7ce16e59ac7f62956", "best_bid": "0.08", "best_ask": "0.1"}], "timestamp": "1769384124274", "event_type": "price_change"}}
{"_local_timestamp": "2026-01-25T23:35:24.669916+00:00", "data": {"market": "0x3bb59c17b8ec156f8ef55d6de522c53c8bcc8fc708bfba00e1c7820c208ee28b", "price_changes": [{"asset_id": "79597156840177168343562124064866301094619106642263695929345529947536386203124", "price": "0.89", "size": "2016", "side": "BUY", "hash": "575970472aaf54e1143efbddef5cebbc4ebce98b", "best_bid": "0.9", "best_ask": "0.92"}, {"asset_id": "40600137944982070120020561148201046074034528738262880058756488608210871246278", "price": "0.11", "size": "2016", "side": "SELL", "hash": "51234f58e008ce2e2cb9d6c076d8cecf56445a73", "best_bid": "0.08", "best_ask": "0.1"}], "timestamp": "1769384124490", "event_type": "price_change"}}
{"_local_timestamp": "2026-01-25T23:35:49.782948+00:00", "data": {"market": "0x1bf5eb603d6bd74a11ba051d2cd8d7fff85100d0af19d6e9d91b29cef01f2c91", "price_changes": [{"asset_id": "80536528552003281640741026890878925456783654983296822683495274364289350034456", "price": "0.02", "size": "0", "side": "BUY", "hash": "7c13790152448b4a99dd73d41f55f3de846997e3", "best_bid": "0.08", "best_ask": "0.09"}, {"asset_id": "109090022960169506693280284802447236443468818742086703354686360167548384699439", "price": "0.98", "size": "0", "side": "SELL", "hash": "86214a83f5eb5d2186e02ad8016e359b7d716df7", "best_bid": "0.91", "best_ask": "0.92"}], "timestamp": "1769384149712", "event_type": "price_change"}}
{"_local_timestamp": "2026-01-25T23:35:49.866647+00:00", "data": {"market": "0x1bf5eb603d6bd74a11ba051d2cd8d7fff85100d0af19d6e9d91b29cef01f2c91", "price_changes": [{"asset_id": "80536528552003281640741026890878925456783654983296822683495274364289350034456", "price": "0.03", "size": "29.37", "side": "BUY", "hash": "e2f568897d0273ac1396c7823529bfb8864ab0ec", "best_bid": "0.08", "best_ask": "0.09"}, {"asset_id": "109090022960169506693280284802447236443468818742086703354686360167548384699439", "price": "0.97", "size": "29.37", "side": "SELL", "hash": "4078e44ebba5f910127f7bc246f64ab9ef40ec49", "best_bid": "0.91", "best_ask": "0.92"}], "timestamp": "1769384149798", "event_type": "price_change"}}
{"_local_timestamp": "2026-01-25T23:35:50.003569+00:00", "data": {"market": "0x1bf5eb603d6bd74a11ba051d2cd8d7fff85100d0af19d6e9d91b29cef01f2c91", "price_changes": [{"asset_id": "109090022960169506693280284802447236443468818742086703354686360167548384699439", "price": "0.88", "size": "0", "side": "BUY", "hash": "537cc3c0725d0a871be81ac6d57df8d27be71a14", "best_bid": "0.91", "best_ask": "0.92"}, {"asset_id": "80536528552003281640741026890878925456783654983296822683495274364289350034456", "price": "0.12", "size": "0", "side": "SELL", "hash": "2315f8e1ae68d7debf3c057aa66415f3a64df471", "best_bid": "0.08", "best_ask": "0.09"}], "timestamp": "1769384149936", "event_type": "price_change"}}
{"_local_timestamp": "2026-01-25T23:35:56.403370+00:00", "data": {"market": "0x3bb59c17b8ec156f8ef55d6de522c53c8bcc8fc708bfba00e1c7820c208ee28b", "price_changes": [{"asset_id": "79597156840177168343562124064866301094619106642263695929345529947536386203124", "price": "0.29", "size": "0", "side": "BUY", "hash": "4001fdc5e73150dd7467aa166b0d0aa69cd77d31", "best_bid": "0.9", "best_ask": "0.92"}, {"asset_id": "40600137944982070120020561148201046074034528738262880058756488608210871246278", "price": "0.71", "size": "0", "side": "SELL", "hash": "0b9c4f1ada91a90158f4464ca2b83f4950e12395", "best_bid": "0.08", "best_ask": "0.1"}], "timestamp": "1769384156286", "event_type": "price_change"}}
{"_local_timestamp": "2026-01-25T23:35:56.404226+00:00", "data": {"market": "0x3bb59c17b8ec156f8ef55d6de522c53c8bcc8fc708bfba00e1c7820c208ee28b", "price_changes": [{"asset_id": "79597156840177168343562124064866301094619106642263695929345529947536386203124", "price": "0.23", "size": "915.73", "side": "BUY", "hash": "4001fdc5e73150dd7467aa166b0d0aa69cd77d31", "best_bid": "0.9", "best_ask": "0.92"}, {"asset_id": "40600137944982070120020561148201046074034528738262880058756488608210871246278", "price": "0.77", "size": "915.73", "side": "SELL", "hash": "0b9c4f1ada91a90158f4464ca2b83f4950e12395", "best_bid": "0.08", "best_ask": "0.1"}], "timestamp": "1769384156286", "event_type": "price_change"}}
{"_local_timestamp": "2026-01-25T23:35:56.860504+00:00", "data": {"market": "0x3bb59c17b8ec156f8ef55d6de522c53c8bcc8fc708bfba00e1c7820c208ee28b", "price_changes": [{"asset_id": "79597156840177168343562124064866301094619106642263695929345529947536386203124", "price": "0.25", "size": "200", "side": "BUY", "hash": "30271583bf0c10e91c63a76ee5479536a22ae089", "best_bid": "0.9", "best_ask": "0.92"}, {"asset_id": "40600137944982070120020561148201046074034528738262880058756488608210871246278", "price": "0.75", "size": "200", "side": "SELL", "hash": "297b1884a5b9616c8faeef15bc05db99e812e62f", "best_bid": "0.08", "best_ask": "0.1"}], "timestamp": "1769384156736", "event_type": "price_change"}}
{"_local_timestamp": "2026-01-25T23:35:56.896892+00:00", "data": {"market": "0x3bb59c17b8ec156f8ef55d6de522c53c8bcc8fc708bfba00e1c7820c208ee28b", "price_changes": [{"asset_id": "79597156840177168343562124064866301094619106642263695929345529947536386203124", "price": "0.28", "size": "192.85", "side": "BUY", "hash": "b83d99251ceb45bf206756954b0d7116d048943d", "best_bid": "0.9", "best_ask": "0.92"}, {"asset_id": "40600137944982070120020561148201046074034528738262880058756488608210871246278", "price": "0.72", "size": "192.85", "side": "SELL", "hash": "5cc2b136231ad0bb43c3b1ae9df7aa5856e68fe5", "best_bid": "0.08", "best_ask": "0.1"}], "timestamp": "1769384156764", "event_type": "price_change"}}
{"_local_timestamp": "2026-01-25T23:35:58.135568+00:00", "data": {"market": "0x3bb59c17b8ec156f8ef55d6de522c53c8bcc8fc708bfba00e1c7820c208ee28b", "price_changes": [{"asset_id": "79597156840177168343562124064866301094619106642263695929345529947536386203124", "price": "0.24", "size": "0", "side": "BUY", "hash": "dd396ebb7cf535e2181bda65314b19dcb5e55f20", "best_bid": "0.9", "best_ask": "0.92"}, {"asset_id": "40600137944982070120020561148201046074034528738262880058756488608210871246278", "price": "0.76", "size": "0", "side": "SELL", "hash": "43a2dc79c6c7a165bb2ab6dea06347ad295f7833", "best_bid": "0.08", "best_ask": "0.1"}], "timestamp": "1769384158066", "event_type": "price_change"}}
{"_local_timestamp": "2026-01-25T23:36:02.346636+00:00", "data": {"market": "0x1bf5eb603d6bd74a11ba051d2cd8d7fff85100d0af19d6e9d91b29cef01f2c91", "price_changes": [{"asset_id": "109090022960169506693280284802447236443468818742086703354686360167548384699439", "price": "0.28", "size": "142.85", "side": "BUY", "hash": "4091b1015175fbb70810e7c24b9958c89ee59383", "best_bid": "0.91", "best_ask": "0.92"}, {"asset_id": "80536528552003281640741026890878925456783654983296822683495274364289350034456", "price": "0.72", "size": "142.85", "side": "SELL", "hash": "da64b6b79258eae821ee39fb93672abae647aa11", "best_bid": "0.08", "best_ask": "0.09"}], "timestamp": "1769384162263", "event_type": "price_change"}}
{"_local_timestamp": "2026-01-25T23:36:02.434929+00:00", "data": {"market": "0x3bb59c17b8ec156f8ef55d6de522c53c8bcc8fc708bfba00e1c7820c208ee28b", "price_changes": [{"asset_id": "79597156840177168343562124064866301094619106642263695929345529947536386203124", "price": "0.23", "size": "815.73", "side": "BUY", "hash": "0c38369f3b75f06e7186840acb05c935859401b3", "best_bid": "0.9", "best_ask": "0.92"}, {"asset_id": "40600137944982070120020561148201046074034528738262880058756488608210871246278", "price": "0.77", "size": "815.73", "side": "SELL", "hash": "c5bf738b27734dc4907e92ec17cc55fd7ace180e", "best_bid": "0.08", "best_ask": "0.1"}], "timestamp": "1769384162320", "event_type": "price_change"}}
{"_local_timestamp": "2026-01-25T23:36:02.677955+00:00", "data": {"market": "0x1bf5eb603d6bd74a11ba051d2cd8d7fff85100d0af19d6e9d91b29cef01f2c91", "price_changes": [{"asset_id": "109090022960169506693280284802447236443468818742086703354686360167548384699439", "price": "0.29", "size": "1498", "side": "BUY", "hash": "94bad7ac688f84013222417af086cc3977ccf157", "best_bid": "0.91", "best_ask": "0.92"}, {"asset_id": "80536528552003281640741026890878925456783654983296822683495274364289350034456", "price": "0.71", "size": "1498", "side": "SELL", "hash": "28bbcf26d574c4d1f0b13ef2a8ec7016a1feedf4", "best_bid": "0.08", "best_ask": "0.09"}], "timestamp": "1769384162559", "event_type": "price_change"}}
{"_local_timestamp": "2026-01-25T23:36:02.678952+00:00", "data": {"market": "0x3bb59c17b8ec156f8ef55d6de522c53c8bcc8fc708bfba00e1c7820c208ee28b", "price_changes": [{"asset_id": "79597156840177168343562124064866301094619106642263695929345529947536386203124", "price": "0.24", "size": "100", "side": "BUY", "hash": "2b485f2e6eb259317f755b491f11515ad2273d48", "best_bid": "0.9", "best_ask": "0.92"}, {"asset_id": "40600137944982070120020561148201046074034528738262880058756488608210871246278", "price": "0.76", "size": "100", "side": "SELL", "hash": "aa77328d80159538b14e20e43c81ec3cf08f267a", "best_bid": "0.08", "best_ask": "0.1"}], "timestamp": "1769384162559", "event_type": "price_change"}}
{"_local_timestamp": "2026-01-25T23:36:03.001173+00:00", "data": {"market": "0x1bf5eb603d6bd74a11ba051d2cd8d7fff85100d0af19d6e9d91b29cef01f2c91", "price_changes": [{"asset_id": "109090022960169506693280284802447236443468818742086703354686360167548384699439", "price": "0.9", "size": "966.4", "side": "BUY", "hash": "9d8ed03fcf4ba2f410d019ffedc46d81e9631592", "best_bid": "0.91", "best_ask": "0.92"}, {"asset_id": "80536528552003281640741026890878925456783654983296822683495274364289350034456", "price": "0.1", "size": "966.4", "side": "SELL", "hash": "58773b86c7be321319b17954790301f077be3261", "best_bid": "0.08", "best_ask": "0.09"}], "timestamp": "1769384162931", "event_type": "price_change"}}
{"_local_timestamp": "2026-01-25T23:36:03.229564+00:00", "data": {"market": "0x1bf5eb603d6bd74a11ba051d2cd8d7fff85100d0af19d6e9d91b29cef01f2c91", "price_changes": [{"asset_id": "109090022960169506693280284802447236443468818742086703354686360167548384699439", "price": "0.9", "size": "522", "side": "BUY", "hash": "ee95b200de7300f7e015617aa735b3ad5065f9e3", "best_bid": "0.91", "best_ask": "0.92"}, {"asset_id": "80536528552003281640741026890878925456783654983296822683495274364289350034456", "price": "0.1", "size": "522", "side": "SELL", "hash": "abfb606e3fe8e11727df8e0b5fe3e54f51612bda", "best_bid": "0.08", "best_ask": "0.09"}], "timestamp": "1769384163119", "event_type": "price_change"}}
