{"_local_timestamp": "2026-01-25T23:40:55.482038+00:00", "data": [{"market": "0x0d7d3a1917a74eaec04452c1e05ddf70045f1a134e8084b84c7294e5e013a34a", "asset_id": "14027704625188530322556172306913035245529939482598196846020375327481621746013", "timestamp": "1769384138120", "hash": "0377af98510bf78764174be154b45371ca3758ca", "bids": [{"price": "0.001", "size": "973.99"}, {"price": "0.002", "size": "200"}, {"price": "0.003", "size": "100"}, {"price": "0.01", "size": "60.5"}], "asks": [{"price": "0.999", "size": "1973.99"}, {"price": "0.998", "size": "450"}, {"price": "0.99", "size": "110"}, {"price": "0.95", "size": "30"}, {"price": "0.949", "size": "39"}, {"price": "0.851", "size": "31"}, {"price": "0.799", "size": "9"}, {"price": "0.791", "size": "10"}, {"price": "0.79", "size": "20"}, {"price": "0.029", "size": "88.2"}, {"price": "0.028", "size": "59.99"}], "event_type": "book", "last_trade_price": ""}, {"market": "0x3186b52b6bb847182f2ab46ed1c2ad2ba0f8bfb90c884f4d0a134e57506b5f12", "asset_id": "44501969982648815685485697062954903038530507216024478749227935533574190350333", "timestamp": "1769384345666", "hash": "528e1c3a6710540f7095b4fd9103f7f41ce96f2c", "bids": [{"price": "0.001", "size": "1973.99"}, {"price": "0.002", "size": "450"}, {"price": "0.01", "size": "110"}, {"price": "0.05", "size": "30"}, {"price": "0.051", "size": "39"}, {"price": "0.081", "size": "25"}, {"price": "0.198", "size": "10"}, {"price": "0.199", "size": "10"}, {"price": "0.2", "size": "20"}, {"price": "0.972", "size": "88.2"}, {"price": "0.973", "size": "54.92"}], "asks": [{"price": "0.999", "size": "973.99"}, {"price": "0.998", "size": "200"}, {"price": "0.997", "size": "110"}, {"price": "0.99", "size": "40"}], "event_type": "book", "last_trade_price": ""}, {"market": "0x98bf2978bb564657f5785d877885ab96413517ffd92de66b3d310dbd9a3bf0fd", "asset_id": "22460393636583672288066307086792566780008898845677753642194017041811125461444", "timestamp": "1769384138120", "hash": "2d2d41dec373a46fa6e67f17641f28b82aa94dba", "bids": [{"price": "0.001", "size": "1973.99"}, {"price": "0.002", "size": "450"}, {"price": "0.01", "size": "110"}, {"price": "0.05", "size": "30"}, {"price": "0.051", "size": "39"}, {"price": "0.081", "size": "25"}, {"price": "0.163", "size": "12"}, {"price": "0.165", "size": "10"}, {"price": "0.166", "size": "20"}, {"price": "0.972", "size": "88.2"}, {"price": "0.973", "size": "59.99"}], "asks": [{"price": "0.999", "size": "973.99"}, {"price": "0.998", "size": "200"}, {"price": "0.997", "size": "100"}, {"price": "0.99", "size": "125"}], "event_type": "book", "last_trade_price": ""}, {"market": "0x3ede085bc1f0a30c5cb8f3f7c1fa439e26e81cf18d354494b583c9ef39a31f95", "asset_id": "4364476987584742024721453893284115909369486186425340163084875715495600728669", "timestamp": "1769384138120", "hash": "902c2d2cf7b50e4a101602ab33731ff60364b8fb", "bids": [{"price": "0.001", "size": "1973.99"}, {"price": "0.002", "size": "450"}, {"price": "0.01", "size": "110"}, {"price": "0.05", "size": "30"}, {"price": "0.051", "size": "39"}, {"price": "0.099", "size": "18"}, {"price": "0.184", "size": "10"}, {"price": "0.192", "size": "10"}, {"price": "0.193", "size": "20"}, {"price": "0.972", "size": "88.2"}, {"price": "0.973", "size": "59.99"}], "asks": [{"price": "0.999", "size": "973.99"}, {"price": "0.998", "size": "200"}, {"price": "0.997", "size": "100"}, {"price": "0.99", "size": "58"}], "event_type": "book", "last_trade_price": ""}, {"market": "0x72692b731c2bfca2c67c0f60d7f9ef416394b314f39958bd0178ac3a050d5d77", "asset_id": "13585731663604435586153850564481009985430657631379038670563519178410671687989", "timestamp": "1769381974855", "hash": "f785c9d5b67c97ec8cd43c8623d235f16a8724d9", "bids": [{"price": "0.01", "size": "67.08"}, {"price": "0.02", "size": "59.99"}], "asks": [{"price": "0.99", "size": "110"}, {"price": "0.98", "size": "50"}, {"price": "0.95", "size": "30"}, {"price": "0.94", "size": "33"}, {"price": "0.93", "size": "28"}, {"price": "0.9", "size": "5"}, {"price": "0.42", "size": "36"}, {"price": "0.4", "size": "68.18"}, {"price": "0.39", "size": "20"}, {"price": "0.18", "size": "10"}, {"price": "0.11", "size": "88.2"}], "event_type": "book", "last_trade_price": ""}, {"market": "0xb1e78bf277d11d3b642e151271f84cdbe0583f3c19bfe5621e3ad70cd2395a81", "asset_id": "28618798091413443334605740937219587555280558022087723714650046904666860552042", "timestamp": "1769384138080", "hash": "3933219c1c150a76e04e763c283e4b9d6d4fe117", "bids": [{"price": "0.001", "size": "973.99"}, {"price": "0.002", "size": "200"}, {"price": "0.003", "size": "100"}, {"price": "0.01", "size": "112.7"}], "asks": [{"price": "0.999", "size": "1973.99"}, {"price": "0.998", "size": "450"}, {"price": "0.99", "size": "110"}, {"price": "0.95", "size": "30"}, {"price": "0.949", "size": "39"}, {"price": "0.85", "size": "62"}, {"price": "0.745", "size": "7"}, {"price": "0.744", "size": "10"}, {"price": "0.743", "size": "20"}, {"price": "0.029", "size": "88.2"}, {"price": "0.028", "size": "59.99"}], "event_type": "book", "last_trade_price": ""}, {"market": "0x63c95642d12fa64df87028af75fcb6b4a4ba8ff97e924bfc69d4599d330d948a", "asset_id": "36368381444003965629563223215961121763141200782090569029835407794973362333417", "timestamp": "1769384229555", "hash": "be478f0f80ab965efc4a0009720f64e93063b3ad", "bids": [{"price": "0.001", "size": "1973.99"}, {"price": "0.002", "size": "450"}, {"price": "0.01", "size": "110"}, {"price": "0.05", "size": "30"}, {"price": "0.051", "size": "39"}, {"price": "0.055", "size": "18"}, {"price": "0.168", "size": "10"}, {"price": "0.17", "size": "11"}, {"price": "0.171", "size": "20"}, {"price": "0.971", "size": "88.2"}, {"price": "0.972", "size": "49.99"}], "asks": [{"price": "0.999", "size": "973.99"}, {"price": "0.998", "size": "200"}, {"price": "0.997", "size": "100"}, {"price": "0.99", "size": "125"}], "event_type": "book", "last_trade_price": ""}, {"market": "0x251f05e211d63fdfcff3880e986cc74c5367b4607f4ebe95cebab67af3c9e7d3", "asset_id": "115085990357950478878345216383910396347787710458464014413986046405897165645630", "timestamp": "1769384138079", "hash": "7d20dd36b895a4cbc083779f6f7895ab4a3ff8ee", "bids": [{"price": "0.001", "size": "1973.99"}, {"price": "0.002", "size": "450"}, {"price": "0.01", "size": "110"}, {"price": "0.05", "size": "30"}, {"price": "0.051", "size": "39"}, {"price": "0.106", "size": "5"}, {"price": "0.214", "size": "9"}, {"price": "0.222", "size": "10"}, {"price": "0.223", "size": "20"}, {"price": "0.971", "size": "88.2"}, {"price": "0.972", "size": "59.99"}], "asks": [{"price": "0.999", "size": "973.99"}, {"price": "0.998", "size": "200"}, {"price": "0.997", "size": "100"}, {"price": "0.99", "size": "59.37"}], "event_type": "book", "last_trade_price": ""}, {"market": "0x1d7bdee527d419a48abf7a315fca23d1878c05795b7867e2384734fcb1929c2d", "asset_id": "40616614098385363289886901358786019977951925062666142973490760588636339826770", "timestamp": "1769382627805", "hash": "e8d0adfd414ad731a22a4075fc3e12c6571eb325", "bids": [{"price": "0.01", "size": "110"}, {"price": "0.02", "size": "55"}, {"price": "0.05", "size": "10"}, {"price": "0.35", "size": "30"}, {"price": "0.37", "size": "30"}, {"price": "0.5", "size": "28"}], "asks": [{"price": "0.99", "size": "110"}, {"price": "0.95", "size": "125"}, {"price": "0.8", "size": "10"}, {"price": "0.7", "size": "10"}, {"price": "0.69", "size": "31.83"}, {"price": "0.68", "size": "20"}, {"price": "0.67", "size": "29.83"}, {"price": "0.66", "size": "10"}, {"price": "0.6", "size": "10"}], "event_type": "book", "last_trade_price": ""}, {"market": "0xe7157204ca6b43e9e4cc4eb728cacdd5865393d12ad7120253ea162e1dcdf17d", "asset_id": "3961162352223040830741290756474563172634607448695046731037009621094672413843", "timestamp": "1769384138120", "hash": "c2234af2323b5a561335670ec571c4093dd05d3c", "bids": [{"price": "0.001", "size": "1973.99"}, {"price": "0.002", "size": "450"}, {"price": "0.01", "size": "110"}, {"price": "0.05", "size": "30"}, {"price": "0.051", "size": "39"}, {"price": "0.081", "size": "25"}, {"price": "0.184", "size": "10"}, {"price": "0.19", "size": "10"}, {"price": "0.191", "size": "20"}, {"price": "0.972", "size": "88.2"}, {"price": "0.973", "size": "59.99"}], "asks": [{"price": "0.999", "size": "973.99"}, {"price": "0.998", "size": "200"}, {"price": "0.997", "size": "266"}, {"price": "0.99", "size": "45.08"}], "event_type": "book", "last_trade_price": "0.010"}, {"market": "0x2aad24be283af5a8a0b555e7d57cc76dadedff6dc4bdec4a9b24e731e9dfe0ff", "asset_id": "80555279169666379466566647980264932097404519501954796141403112936767343108394", "timestamp": "1769383748714", "hash": "c0989e81a918b686747de133dbb47993502b46df", "bids": [{"price": "0.01", "size": "66.87"}, {"price": "0.02", "size": "59.99"}], "asks": [{"price": "0.99", "size": "3310"}, {"price": "0.98", "size": "1800"}, {"price": "0.95", "size": "30"}, {"price": "0.94", "size": "33"}, {"price": "0.93", "size": "1500"}, {"price": "0.9", "size": "700"}, {"price": "0.86", "size": "200"}, {"price": "0.85", "size": "50"}, {"price": "0.65", "size": "5"}, {"price": "0.64", "size": "10"}, {"price": "0.63", "size": "20"}, {"price": "0.15", "size": "100"}, {"price": "0.14", "size": "36"}], "event_type": "book", "last_trade_price": ""}, {"market": "0x8a4c1563b2ea6d94eb56820da3ff99746a8469914dbb2f6b7347baed5ab42fc3", "asset_id": "60642942970396488738067204467822339296653953654698587520530459840456779760188", "timestamp": "1769384138079", "hash": "7bf34a9593bb17d63ae8903b5e0e07cc7a5a136c", "bids": [{"price": "0.01", "size": "610"}, {"price": "0.02", "size": "200"}, {"price": "0.03", "size": "100"}, {"price": "0.15", "size": "10"}, {"price": "0.16", "size": "52.2"}], "asks": [{"price": "0.99", "size": "3310"}, {"price": "0.98", "size": "1800"}, {"price": "0.95", "size": "10"}, {"price": "0.94", "size": "1500"}, {"price": "0.92", "size": "400"}, {"price": "0.85", "size": "500"}, {"price": "0.83", "size": "6"}, {"price": "0.8", "size": "10"}, {"price": "0.74", "size": "10"}, {"price": "0.73", "size": "20"}, {"price": "0.3", "size": "15"}, {"price": "0.27", "size": "90"}, {"price": "0.25", "size": "131.26"}, {"price": "0.24", "size": "5.88"}], "event_type": "book", "last_trade_price": ""}, {"market": "0x7c33267829d92c3b9c539ae9a836c5bed3349f32455f76e1f0f076957a57903a", "asset_id": "88594046051938723919710801384831467851073451093526834548107426764502044498953", "timestamp": "1769384369350", "hash": "59baedacdb5e3c7d2686cf3ff68730cdcbfb7c45", "bids": [{"price": "0.01", "size": "60"}, {"price": "0.05", "size": "300"}, {"price": "0.06", "size": "150"}, {"price": "0.1", "size": "10"}], "asks": [{"price": "0.99", "size": "230"}, {"price": "0.95", "size": "30"}, {"price": "0.94", "size": "33"}, {"price": "0.92", "size": "14"}, {"price": "0.91", "size": "22"}, {"price": "0.79", "size": "10"}, {"price": "0.77", "size": "67.85"}, {"price": "0.76", "size": "20"}, {"price": "0.24", "size": "33.13"}], "event_type": "book", "last_trade_price": ""}, {"market": "0x72692b731c2bfca2c67c0f60d7f9ef416394b314f39958bd0178ac3a050d5d77", "asset_id": "25656412180611161859453666840381928784767051788640607963567524446112558688042", "timestamp": "1769381974855", "hash": "f0cc0ff0ebed2ab0efeef9b6f4c128a242557f1f", "bids": [{"price": "0.01", "size": "110"}, {"price": "0.02", "size": "50"}, {"price": "0.05", "size": "30"}, {"price": "0.06", "size": "33"}, {"price": "0.07", "size": "28"}, {"price": "0.1", "size": "5"}, {"price": "0.58", "size": "36"}, {"price": "0.6", "size": "68.18"}, {"price": "0.61", "size": "20"}, {"price": "0.82", "size": "10"}, {"price": "0.89", "size": "88.2"}], "asks": [{"price": "0.99", "size": "67.08"}, {"price": "0.98", "size": "59.99"}], "event_type": "book", "last_trade_price": ""}, {"market": "0x0d7d3a1917a74eaec04452c1e05ddf70045f1a134e8084b84c7294e5e013a34a", "asset_id": "7616317646902092034237658828024196833239830524786133021276128278328522249265", "timestamp": "1769384138120", "hash": "cf3d645b5c9e19541016d297e236e7ac1837b7d5", "bids": [{"price": "0.001", "size": "1973.99"}, {"price": "0.002", "size": "450"}, {"price": "0.01", "size": "110"}, {"price": "0.05", "size": "30"}, {"price": "0.051", "size": "39"}, {"price": "0.149", "size": "31"}, {"price": "0.201", "size": "9"}, {"price": "0.209", "size": "10"}, {"price": "0.21", "size": "20"}, {"price": "0.971", "size": "88.2"}, {"price": "0.972", "size": "59.99"}], "asks": [{"price": "0.999", "size": "973.99"}, {"price": "0.998", "size": "200"}, {"price": "0.997", "size": "100"}, {"price": "0.99", "size": "60.5"}], "event_type": "book", "last_trade_price": ""}, {"market": "0x8a4c1563b2ea6d94eb56820da3ff99746a8469914dbb2f6b7347baed5ab42fc3", "asset_id": "51159933603495194405761940548503429170311849773467833833470717672684727633664", "timestamp": "1769384138079", "hash": "d307381be4e0ca9728998aaade78d38cb4dec1f8", "bids": [{"price": "0.01", "size": "3310"}, {"price": "0.02", "size": "1800"}, {"price": "0.05", "size": "10"}, {"price": "0.06", "size": "1500"}, {"price": "0.08", "size": "400"}, {"price": "0.15", "size": "500"}, {"price": "0.17", "size": "6"}, {"price": "0.2", "size": "10"}, {"price": "0.26", "size": "10"}, {"price": "0.27", "size": "20"}, {"price": "0.7", "size": "15"}, {"price": "0.73", "size": "90"}, {"price": "0.75", "size": "131.26"}, {"price": "0.76", "size": "5.88"}], "asks": [{"price": "0.99", "size": "610"}, {"price": "0.98", "size": "200"}, {"price": "0.97", "size": "100"}, {"price": "0.85", "size": "10"}, {"price": "0.84", "size": "52.2"}], "event_type": "book", "last_trade_price": ""}, {"market": "0x98bf2978bb564657f5785d877885ab96413517ffd92de66b3d310dbd9a3bf0fd", "asset_id": "32378979172687539987582324044966035667291671625233900452591311277224040710983", "timestamp": "1769384138120", "hash": "fb895ffe5ca5f7c6b3a9437e31a7162a98521664", "bids": [{"price": "0.001", "size": "973.99"}, {"price": "0.002", "size": "200"}, {"price": "0.003", "size": "100"}, {"price": "0.01", "size": "125"}], "asks": [{"price": "0.999", "size": "1973.99"}, {"price": "0.998", "size": "450"}, {"price": "0.99", "size": "110"}, {"price": "0.95", "size": "30"}, {"price": "0.949", "size": "39"}, {"price": "0.919", "size": "25"}, {"price": "0.837", "size": "12"}, {"price": "0.835", "size": "10"}, {"price": "0.834", "size": "20"}, {"price": "0.028", "size": "88.2"}, {"price": "0.027", "size": "59.99"}], "event_type": "book", "last_trade_price": ""}, {"market": "0x7c33267829d92c3b9c539ae9a836c5bed3349f32455f76e1f0f076957a57903a", "asset_id": "59007961612217277886537144787344467812706536651320764909919008945182802588419", "timestamp": "1769384369350", "hash": "509f51407de65e152b5ce17fa93b25a481f96d0b", "bids": [{"price": "0.01", "size": "230"}, {"price": "0.05", "size": "30"}, {"price": "0.06", "size": "33"}, {"price": "0.08", "size": "14"}, {"price": "0.09", "size": "22"}, {"price": "0.21", "size": "10"}, {"price": "0.23", "size": "67.85"}, {"price": "0.24", "size": "20"}, {"price": "0.76", "size": "33.13"}], "asks": [{"price": "0.99", "size": "60"}, {"price": "0.95", "size": "300"}, {"price": "0.94", "size": "150"}, {"price": "0.9", "size": "10"}], "event_type": "book", "last_trade_price": ""}, {"market": "0x1d7bdee527d419a48abf7a315fca23d1878c05795b7867e2384734fcb1929c2d", "asset_id": "74171408846261079665020606782181058387802033822680306133362764174429649916572", "timestamp": "1769382627805", "hash": "3ac13287c7803161da3cc0bafe56ea423a15436f", "bids": [{"price": "0.01", "size": "110"}, {"price": "0.05", "size": "125"}, {"price": "0.2", "size": "10"}, {"price": "0.3", "size": "10"}, {"price": "0.31", "size": "31.83"}, {"price": "0.32", "size": "20"}, {"price": "0.33", "size": "29.83"}, {"price": "0.34", "size": "10"}, {"price": "0.4", "size": "10"}], "asks": [{"price": "0.99", "size": "110"}, {"price": "0.98", "size": "55"}, {"price": "0.95", "size": "10"}, {"price": "0.65", "size": "30"}, {"price": "0.63", "size": "30"}, {"price": "0.5", "size": "28"}], "event_type": "book", "last_trade_price": ""}, {"market": "0x38f09a0997209464e9623c7e7945ab97f02773b70b07a6320fec0a7a28e5d832", "asset_id": "57243170150993640650404594531430585153695147985945083307678646051985840359780", "timestamp": "1769384138079", "hash": "0bce079c2a0d3a4b021c007670d0d1b9820afd0f", "bids": [{"price": "0.001", "size": "1953.99"}, {"price": "0.002", "size": "250"}, {"price": "0.01", "size": "110"}, {"price": "0.05", "size": "30"}, {"price": "0.051", "size": "39"}, {"price": "0.097", "size": "5"}, {"price": "0.211", "size": "9"}, {"price": "0.214", "size": "10"}, {"price": "0.215", "size": "20"}, {"price": "0.9", "size": "88.2"}, {"price": "0.901", "size": "59.97"}], "asks": [{"price": "0.999", "size": "953.99"}, {"price": "0.998", "size": "250"}, {"price": "0.99", "size": "40"}], "event_type": "book", "last_trade_price": ""}, {"market": "0xe7157204ca6b43e9e4cc4eb728cacdd5865393d12ad7120253ea162e1dcdf17d", "asset_id": "3577752369260311714225494399194067924039734415618615655418404328903860847780", "timestamp": "1769384138120", "hash": "92e111c0d25cc18b2ca80557bf9b926a47a7e86d", "bids": [{"price": "0.001", "size": "973.99"}, {"price": "0.002", "size": "200"}, {"price": "0.003", "size": "266"}, {"price": "0.01", "size": "45.08"}], "asks": [{"price": "0.999", "size": "1973.99"}, {"price": "0.998", "size": "450"}, {"price": "0.99", "size": "110"}, {"price": "0.95", "size": "30"}, {"price": "0.949", "size": "39"}, {"price": "0.919", "size": "25"}, {"price": "0.816", "size": "10"}, {"price": "0.81", "size": "10"}, {"price": "0.809", "size": "20"}, {"price": "0.028", "size": "88.2"}, {"price": "0.027", "size": "59.99"}], "event_type": "book", "last_trade_price": "0.010"}, {"market": "0x2aad24be283af5a8a0b555e7d57cc76dadedff6dc4bdec4a9b24e731e9dfe0ff", "asset_id": "85861098934431372774779357441449603728671533265377993826102225382595341291656", "timestamp": "1769383748714", "hash": "57122cae63b9218f4b6a24450a436eb0973c12a1", "bids": [{"price": "0.01", "size": "3310"}, {"price": "0.02", "size": "1800"}, {"price": "0.05", "size": "30"}, {"price": "0.06", "size": "33"}, {"price": "0.07", "size": "1500"}, {"price": "0.1", "size": "700"}, {"price": "0.14", "size": "200"}, {"price": "0.15", "size": "50"}, {"price": "0.35", "size": "5"}, {"price": "0.36", "size": "10"}, {"price": "0.37", "size": "20"}, {"price": "0.85", "size": "100"}, {"price": "0.86", "size": "36"}], "asks": [{"price": "0.99", "size": "66.87"}, {"price": "0.98", "size": "59.99"}], "event_type": "book", "last_trade_price": ""}, {"market": "0x3ede085bc1f0a30c5cb8f3f7c1fa439e26e81cf18d354494b583c9ef39a31f95", "asset_id": "103985077749903159691389092660239775157931541972378369237672277133347801564204", "timestamp": "1769384138120", "hash": "53adfab4e22c5bc1ec5facf0f3e664ca9d8c2276", "bids": [{"price": "0.001", "size": "973.99"}, {"price": "0.002", "size": "200"}, {"price": "0.003", "size": "100"}, {"price": "0.01", "size": "58"}], "asks": [{"price": "0.999", "size": "1973.99"}, {"price": "0.998", "size": "450"}, {"price": "0.99", "size": "110"}, {"price": "0.95", "size": "30"}, {"price": "0.949", "size": "39"}, {"price": "0.901", "size": "18"}, {"price": "0.816", "size": "10"}, {"price": "0.808", "size": "10"}, {"price": "0.807", "size": "20"}, {"price": "0.028", "size": "88.2"}, {"price": "0.027", "size": "59.99"}], "event_type": "book", "last_trade_price": ""}, {"market": "0xb1e78bf277d11d3b642e151271f84cdbe0583f3c19bfe5621e3ad70cd2395a81", "asset_id": "57473964703431911495316982896123735334177872360735711589494769319190824388564", "timestamp": "1769384138080", "hash": "e41f9b951b65f31f53fc81bc2e903f5653152c7b", "bids": [{"price": "0.001", "size": "1973.99"}, {"price": "0.002", "size": "450"}, {"price": "0.01", "size": "110"}, {"price": "0.05", "size": "30"}, {"price": "0.051", "size": "39"}, {"price": "0.15", "size": "62"}, {"price": "0.255", "size": "7"}, {"price": "0.256", "size": "10"}, {"price": "0.257", "size": "20"}, {"price": "0.971", "size": "88.2"}, {"price": "0.972", "size": "59.99"}], "asks": [{"price": "0.999", "size": "973.99"}, {"price": "0.998", "size": "200"}, {"price": "0.997", "size": "100"}, {"price": "0.99", "size": "112.7"}], "event_type": "book", "last_trade_price": ""}, {"market": "0x251f05e211d63fdfcff3880e986cc74c5367b4607f4ebe95cebab67af3c9e7d3", "asset_id": "26321971047754049536788342459993920821943111709806369928137055117719154524993", "timestamp": "1769384138079", "hash": "c370d9f740eb0c1a613a19c6f91fea854d87a789", "bids": [{"price": "0.001", "size": "973.99"}, {"price": "0.002", "size": "200"}, {"price": "0.003", "size": "100"}, {"price": "0.01", "size": "59.37"}], "asks": [{"price": "0.999", "size": "1973.99"}, {"price": "0.998", "size": "450"}, {"price": "0.99", "size": "110"}, {"price": "0.95", "size": "30"}, {"price": "0.949", "size": "39"}, {"price": "0.894", "size": "5"}, {"price": "0.786", "size": "9"}, {"price": "0.778", "size": "10"}, {"price": "0.777", "size": "20"}, {"price": "0.029", "size": "88.2"}, {"price": "0.028", "size": "59.99"}], "event_type": "book", "last_trade_price": ""}, {"market": "0x38f09a0997209464e9623c7e7945ab97f02773b70b07a6320fec0a7a28e5d832", "asset_id": "5483273838002690400844292195940018437170625443160611546975676200885516736885", "timestamp": "1769384138079", "hash": "53dc0d9974da476e5751eccb2de312561b6a1d49", "bids": [{"price": "0.001", "size": "953.99"}, {"price": "0.002", "size": "250"}, {"price": "0.01", "size": "40"}], "asks": [{"price": "0.999", "size": "1953.99"}, {"price": "0.998", "size": "250"}, {"price": "0.99", "size": "110"}, {"price": "0.95", "size": "30"}, {"price": "0.949", "size": "39"}, {"price": "0.903", "size": "5"}, {"price": "0.789", "size": "9"}, {"price": "0.786", "size": "10"}, {"price": "0.785", "size": "20"}, {"price": "0.1", "size": "88.2"}, {"price": "0.099", "size": "59.97"}], "event_type": "book", "last_trade_price": ""}, {"market": "0x3186b52b6bb847182f2ab46ed1c2ad2ba0f8bfb90c884f4d0a134e57506b5f12", "asset_id": "42718115576294733236171814739904874991629180120014944078266760609172224694081", "timestamp": "1769384345666", "hash": "3d6184e1da0b0422c4e8d3938c76f709a1db75f7", "bids": [{"price": "0.001", "size": "973.99"}, {"price": "0.002", "size": "200"}, {"price": "0.003", "size": "110"}, {"price": "0.01", "size": "40"}], "asks": [{"price": "0.999", "size": "1973.99"}, {"price": "0.998", "size": "450"}, {"price": "0.99", "size": "110"}, {"price": "0.95", "size": "30"}, {"price": "0.949", "size": "39"}, {"price": "0.919", "size": "25"}, {"price": "0.802", "size": "10"}, {"price": "0.801", "size": "10"}, {"price": "0.8", "size": "20"}, {"price": "0.028", "size": "88.2"}, {"price": "0.027", "size": "54.92"}], "event_type": "book", "last_trade_price": ""}, {"market": "0x63c95642d12fa64df87028af75fcb6b4a4ba8ff97e924bfc69d4599d330d948a", "asset_id": "10648396842303953253170051279858307037768170886573063376514778843517982677554", "timestamp": "1769384229555", "hash": "cb5a43e46e40ba9d4357fb70c5d429e161b779a5", "bids": [{"price": "0.001", "size": "973.99"}, {"price": "0.002", "size": "200"}, {"price": "0.003", "size": "100"}, {"price": "0.01", "size": "125"}], "asks": [{"price": "0.999", "size": "1973.99"}, {"price": "0.998", "size": "450"}, {"price": "0.99", "size": "110"}, {"price": "0.95", "size": "30"}, {"price": "0.949", "size": "39"}, {"price": "0.945", "size": "18"}, {"price": "0.832", "size": "10"}, {"price": "0.83", "size": "11"}, {"price": "0.829", "size": "20"}, {"price": "0.029", "size": "88.2"}, {"price": "0.028", "size": "49.99"}], "event_type": "book", "last_trade_price": ""}]}
{"_local_timestamp": "2026-01-25T23:42:23.541280+00:00", "data": {"market": "0x7c33267829d92c3b9c539ae9a836c5bed3349f32455f76e1f0f076957a57903a", "price_changes": [{"asset_id": "59007961612217277886537144787344467812706536651320764909919008945182802588419", "price": "0.78", "size": "20", "side": "BUY", "hash": "b1672ff4f85e12bb6af3033251222ddba88b5a41", "best_bid": "0.78", "best_ask": "0.9"}, {"asset_id": "88594046051938723919710801384831467851073451093526834548107426764502044498953", "price": "0.22", "size": "20", "side": "SELL", "hash": "f31c3d414bc278fd4482f91d3389e827017fe90d", "best_bid": "0.1", "best_ask": "0.22"}], "timestamp": "1769384543382", "event_type": "price_change"}}
{"_local_timestamp": "2026-01-25T23:42:23.716898+00:00", "data": {"market": "0x7c33267829d92c3b9c539ae9a836c5bed3349f32455f76e1f0f076957a57903a", "price_changes": [{"asset_id": "59007961612217277886537144787344467812706536651320764909919008945182802588419", "price": "0.21", "size": "0", "side": "BUY", "hash": "63aa0a3e1f8fb94a2781f7c03473759127cd251d", "best_bid": "0.78", "best_ask": "0.9"}, {"asset_id": "88594046051938723919710801384831467851073451093526834548107426764502044498953", "price": "0.79", "size": "0", "side": "SELL", "hash": "24538c41358449e55c5782dc36fcd6b5b4c6dac6", "best_bid": "0.1", "best_ask": "0.22"}], "timestamp": "1769384543555", "event_type": "price_change"}}
{"_local_timestamp": "2026-01-25T23:42:23.717349+00:00", "data": {"market": "0x98bf2978bb564657f5785d877885ab96413517ffd92de66b3d310dbd9a3bf0fd", "price_changes": [{"asset_id": "22460393636583672288066307086792566780008898845677753642194017041811125461444", "price": "0.165", "size": "0", "side": "BUY", "hash": "8e2501268c4b8c0c24a62d5fdc9e9982ad330169", "best_bid": "0.973", "best_ask": "0.99"}, {"asset_id": "32378979172687539987582324044966035667291671625233900452591311277224040710983", "price": "0.835", "size": "0", "side": "SELL", "hash": "654cc9f50a1b8ed006acad44b2f7e77ffe536cec", "best_bid": "0.01", "best_ask": "0.027"}], "timestamp": "1769384543555", "event_type": "price_change"}}
{"_local_timestamp": "2026-01-25T23:42:23.717639+00:00", "data": {"market": "0x63c95642d12fa64df87028af75fcb6b4a4ba8ff97e924bfc69d4599d330d948a", "price_changes": [{"asset_id": "36368381444003965629563223215961121763141200782090569029835407794973362333417", "price": "0.168", "size": "0", "side": "BUY", "hash": "435786a877daabb40efbc3e3e40f10f4f0cee27e", "best_bid": "0.972", "best_ask": "0.99"}, {"asset_id": "10648396842303953253170051279858307037768170886573063376514778843517982677554", "price": "0.832", "size": "0", "side": "SELL", "hash": "b3c00f76e4e183cd5de9126f9a4bc2324dbe9138", "best_bid": "0.01", "best_ask": "0.028"}], "timestamp": "1769384543555", "event_type": "price_change"}}
{"_local_timestamp": "2026-01-25T23:42:23.717901+00:00", "data": {"market": "0x8a4c1563b2ea6d94eb56820da3ff99746a8469914dbb2f6b7347baed5ab42fc3", "price_changes": [{"asset_id": "51159933603495194405761940548503429170311849773467833833470717672684727633664", "price": "0.26", "size": "0", "side": "BUY", "hash": "f8fb7661a5a2deec7f1e5dfa60f1e4fb8dbeb673", "best_bid": "0.76", "best_ask": "0.84"}, {"asset_id": "60642942970396488738067204467822339296653953654698587520530459840456779760188", "price": "0.74", "size": "0", "side": "SELL", "hash": "d6c27d131ba497186aab15da92e81d2801b1b4ae", "best_bid": "0.16", "best_ask": "0.24"}], "timestamp": "1769384543555", "event_type": "price_change"}}
{"_local_timestamp": "2026-01-25T23:42:23.718226+00:00", "data": {"market": "0xe7157204ca6b43e9e4cc4eb728cacdd5865393d12ad7120253ea162e1dcdf17d", "price_changes": [{"asset_id": "3961162352223040830741290756474563172634607448695046731037009621094672413843", "price": "0.19", "size": "0", "side": "BUY", "hash": "c35dee2700c753cd50bc4513f56d0d29b7b57272", "best_bid": "0.973", "best_ask": "0.99"}, {"asset_id": "3577752369260311714225494399194067924039734415618615655418404328903860847780", "price": "0.81", "size": "0", "side": "SELL", "hash": "d8d2c2800d7a7507e5f014f5de326e25d56ad105", "best_bid": "0.01", "best_ask": "0.027"}], "timestamp": "1769384543555", "event_type": "price_change"}}
{"_local_timestamp": "2026-01-25T23:42:23.718498+00:00", "data": {"market": "0x251f05e211d63fdfcff3880e986cc74c5367b4607f4ebe95cebab67af3c9e7d3", "price_changes": [{"asset_id": "115085990357950478878345216383910396347787710458464014413986046405897165645630", "price": "0.222", "size": "0", "side": "BUY", "hash": "daebeef2fe5eecd6ed4ed2e9e1b0391463ef2f63", "best_bid": "0.972", "best_ask": "0.99"}, {"asset_id": "26321971047754049536788342459993920821943111709806369928137055117719154524993", "price": "0.778", "size": "0", "side": "SELL", "hash": "6633bd7d4cb4684e113667ff464808449666da8d", "best_bid": "0.01", "best_ask": "0.028"}], "timestamp": "1769384543555", "event_type": "price_change"}}
{"_local_timestamp": "2026-01-25T23:42:23.718844+00:00", "data": {"market": "0xb1e78bf277d11d3b642e151271f84cdbe0583f3c19bfe5621e3ad70cd2395a81", "price_changes": [{"asset_id": "57473964703431911495316982896123735334177872360735711589494769319190824388564", "price": "0.256", "size": "0", "side": "BUY", "hash": "2b84f44168b63e81804ceb08d6b59947155ab8e7", "best_bid": "0.972", "best_ask": "0.99"}, {"asset_id": "28618798091413443334605740937219587555280558022087723714650046904666860552042", "price": "0.744", "size": "0", "side": "SELL", "hash": "5321b0d15018402ccc4739f4077ad96341a64fcc", "best_bid": "0.01", "best_ask": "0.028"}], "timestamp": "1769384543555", "event_type": "price_change"}}
{"_local_timestamp": "2026-01-25T23:42:23.843773+00:00", "data": {"market": "0xe7157204ca6b43e9e4cc4eb728cacdd5865393d12ad7120253ea162e1dcdf17d", "price_changes": [{"asset_id": "3961162352223040830741290756474563172634607448695046731037009621094672413843", "price": "0.192", "size": "10", "side": "BUY", "hash": "499428c8bd6fe6bb4ef29174f70b1516ef2c09c6", "best_bid": "0.973", "best_ask": "0.99"}, {"asset_id": "3577752369260311714225494399194067924039734415618615655418404328903860847780", "price": "0.808", "size": "10", "side": "SELL", "hash": "af626ad175eb3b52ebafc4079a49b228af3401df", "best_bid": "0.01", "best_ask": "0.027"}], "timestamp": "1769384543677", "event_type": "price_change"}}
{"_local_timestamp": "2026-01-25T23:42:23.844217+00:00", "data": {"market": "0x251f05e211d63fdfcff3880e986cc74c5367b4607f4ebe95cebab67af3c9e7d3", "price_changes": [{"asset_id": "115085990357950478878345216383910396347787710458464014413986046405897165645630", "price": "0.224", "size": "10", "side": "BUY", "hash": "f05756aee72cf4098d2217852aa4db39559d19ab", "best_bid": "0.972", "best_ask": "0.99"}, {"asset_id": "26321971047754049536788342459993920821943111709806369928137055117719154524993", "price": "0.776", "size": "10", "side": "SELL", "hash": "dbb33ca6805a4484f2f1ac6a6cf8b03b409ea9d0", "best_bid": "0.01", "best_ask": "0.028"}], "timestamp": "1769384543677", "event_type": "price_change"}}
{"_local_timestamp": "2026-01-25T23:42:23.844619+00:00", "data": {"market": "0xb1e78bf277d11d3b642e151271f84cdbe0583f3c19bfe5621e3ad70cd2395a81", "price_changes": [{"asset_id": "57473964703431911495316982896123735334177872360735711589494769319190824388564", "price": "0.011", "size": "161", "side": "BUY", "hash": "b959b8849cf62eff68b14587f543c3a6106a5a6c", "best_bid": "0.972", "best_ask": "0.99"}, {"asset_id": "28618798091413443334605740937219587555280558022087723714650046904666860552042", "price": "0.989", "size": "161", "side": "SELL", "hash": "6c1fb5df58899c7b9a31ed94fbae24e529204f88", "best_bid": "0.01", "best_ask": "0.028"}], "timestamp": "1769384543677", "event_type": "price_change"}}
{"_local_timestamp": "2026-01-25T23:42:23.845017+00:00", "data": {"market": "0x98bf2978bb564657f5785d877885ab96413517ffd92de66b3d310dbd9a3bf0fd", "price_changes": [{"asset_id": "22460393636583672288066307086792566780008898845677753642194017041811125461444", "price": "0.167", "size": "10", "side": "BUY", "hash": "dd735c0ac2c9309ee255d24a582e8f7751952625", "best_bid": "0.973", "best_ask": "0.99"}, {"asset_id": "32378979172687539987582324044966035667291671625233900452591311277224040710983", "price": "0.833", "size": "10", "side": "SELL", "hash": "69d41cb25c6a0e4301e321e28c9580e375382072", "best_bid": "0.01", "best_ask": "0.027"}], "timestamp": "1769384543677", "event_type": "price_change"}}
{"_local_timestamp": "2026-01-25T23:42:23.940493+00:00", "data": {"market": "0x8a4c1563b2ea6d94eb56820da3ff99746a8469914dbb2f6b7347baed5ab42fc3", "price_changes": [{"asset_id": "51159933603495194405761940548503429170311849773467833833470717672684727633664", "price": "0.28", "size": "10", "side": "BUY", "hash": "325bc8262040cc3f3800f206f0b292e4c0766b29", "best_bid": "0.76", "best_ask": "0.84"}, {"asset_id": "60642942970396488738067204467822339296653953654698587520530459840456779760188", "price": "0.72", "size": "10", "side": "SELL", "hash": "29d3c856ff5e60b5dbf8a4591b22c787b8494045", "best_bid": "0.16", "best_ask": "0.24"}], "timestamp": "1769384543677", "event_type": "price_change"}}
{"_local_timestamp": "2026-01-25T23:42:23.940879+00:00", "data": {"market": "0x7c33267829d92c3b9c539ae9a836c5bed3349f32455f76e1f0f076957a57903a", "price_changes": [{"asset_id": "59007961612217277886537144787344467812706536651320764909919008945182802588419", "price": "0.25", "size": "10", "side": "BUY", "hash": "6b5ed90bea24d680c64aa3132f5c1bd58f2f1d90", "best_bid": "0.78", "best_ask": "0.9"}, {"asset_id": "88594046051938723919710801384831467851073451093526834548107426764502044498953", "price": "0.75", "size": "10", "side": "SELL", "hash": "8d612b9f31f6c39a6cafe8ff6177a9c81310fa02", "best_bid": "0.1", "best_ask": "0.22"}], "timestamp": "1769384543677", "event_type": "price_change"}}
{"_local_timestamp": "2026-01-25T23:42:23.941223+00:00", "data": {"market": "0x63c95642d12fa64df87028af75fcb6b4a4ba8ff97e924bfc69d4599d330d948a", "price_changes": [{"asset_id": "36368381444003965629563223215961121763141200782090569029835407794973362333417", "price": "0.172", "size": "10", "side": "BUY", "hash": "d85cb9de4d358a8c3cf5306a77bebd2d2b730aa6", "best_bid": "0.972", "best_ask": "0.99"}, {"asset_id": "10648396842303953253170051279858307037768170886573063376514778843517982677554", "price": "0.828", "size": "10", "side": "SELL", "hash": "f35609c47f44a68343ceed55e472e5c272e62f55", "best_bid": "0.01", "best_ask": "0.028"}], "timestamp": "1769384543677", "event_type": "price_change"}}
{"_local_timestamp": "2026-01-25T23:42:23.941514+00:00", "data": {"market": "0xe7157204ca6b43e9e4cc4eb728cacdd5865393d12ad7120253ea162e1dcdf17d", "price_changes": [{"asset_id": "3961162352223040830741290756474563172634607448695046731037009621094672413843", "price": "0.192", "size": "28", "side": "BUY", "hash": "0042409e2696ef4eb9106dd8c1cb054f35c14bbf", "best_bid": "0.973", "best_ask": "0.99"}, {"asset_id": "3577752369260311714225494399194067924039734415618615655418404328903860847780", "price": "0.808", "size": "28", "side": "SELL", "hash": "4f977598210a271532b1ff8614c5626e72705766", "best_bid": "0.01", "best_ask": "0.027"}], "timestamp": "1769384543678", "event_type": "price_change"}}
{"_local_timestamp": "2026-01-25T23:42:23.941874+00:00", "data": {"market": "0x251f05e211d63fdfcff3880e986cc74c5367b4607f4ebe95cebab67af3c9e7d3", "price_changes": [{"asset_id": "115085990357950478878345216383910396347787710458464014413986046405897165645630", "price": "0.224", "size": "28", "side": "BUY", "hash": "faee60203bcc3b2f73ad7f05da273e4926f6b292", "best_bid": "0.972", "best_ask": "0.99"}, {"asset_id": "26321971047754049536788342459993920821943111709806369928137055117719154524993", "price": "0.776", "size": "28", "side": "SELL", "hash": "65c8dc4e2482230daab4e5d53165bfbd6deffde8", "best_bid": "0.01", "best_ask": "0.028"}], "timestamp": "1769384543678", "event_type": "price_change"}}
{"_local_timestamp": "2026-01-25T23:42:23.942145+00:00", "data": {"market": "0x98bf2978bb564657f5785d877885ab96413517ffd92de66b3d310dbd9a3bf0fd", "price_changes": [{"asset_id": "22460393636583672288066307086792566780008898845677753642194017041811125461444", "price": "0.167", "size": "27", "side": "BUY", "hash": "f265ada480d07709ba764b61733992c168920734", "best_bid": "0.973", "best_ask": "0.99"}, {"asset_id": "32378979172687539987582324044966035667291671625233900452591311277224040710983", "price": "0.833", "size": "27", "side": "SELL", "hash": "3bf788ae2c27bed33e450c85689656ea2db330be", "best_bid": "0.01", "best_ask": "0.027"}], "timestamp": "1769384543678", "event_type": "price_change"}}
{"_local_timestamp": "2026-01-25T23:42:23.942413+00:00", "data": {"market": "0xb1e78bf277d11d3b642e151271f84cdbe0583f3c19bfe5621e3ad70cd2395a81", "price_changes": [{"asset_id": "57473964703431911495316982896123735334177872360735711589494769319190824388564", "price": "0.258", "size": "10", "side": "BUY", "hash": "d577427125188693bac6e206f90aa4f22040ac47", "best_bid": "0.972", "best_ask": "0.99"}, {"asset_id": "28618798091413443334605740937219587555280558022087723714650046904666860552042", "price": "0.742", "size": "10", "side": "SELL", "hash": "758ca2755b7c8e581fb37560560b6463aab7b35a", "best_bid": "0.01", "best_ask": "0.028"}], "timestamp": "1769384543678", "event_type": "price_change"}}
{"_local_timestamp": "2026-01-25T23:42:23.942677+00:00", "data": {"market": "0x63c95642d12fa64df87028af75fcb6b4a4ba8ff97e924bfc69d4599d330d948a", "price_changes": [{"asset_id": "36368381444003965629563223215961121763141200782090569029835407794973362333417", "price": "0.172", "size": "28", "side": "BUY", "hash": "e9923fcbbea238fc56c1e75ae1b1adfda4d6fbd4", "best_bid": "0.972", "best_ask": "0.99"}, {"asset_id": "10648396842303953253170051279858307037768170886573063376514778843517982677554", "price": "0.828", "size": "28", "side": "SELL", "hash": "f265a0d29a5c6b3f51faf40d68aa892762fa064e", "best_bid": "0.01", "best_ask": "0.028"}], "timestamp": "1769384543678", "event_type": "price_change"}}
{"_local_timestamp": "2026-01-25T23:42:23.943051+00:00", "data": {"market": "0x3186b52b6bb847182f2ab46ed1c2ad2ba0f8bfb90c884f4d0a134e57506b5f12", "price_changes": [{"asset_id": "44501969982648815685485697062954903038530507216024478749227935533574190350333", "price": "0.198", "size": "0", "side": "BUY", "hash": "2895fa4ef585605cad88e841ac035568be767584", "best_bid": "0.973", "best_ask": "0.99"}, {"asset_id": "42718115576294733236171814739904874991629180120014944078266760609172224694081", "price": "0.802", "size": "0", "side": "SELL", "hash": "b52bb6a0c2dbd046c90c5874cc5e309ebe1aa563", "best_bid": "0.01", "best_ask": "0.027"}], "timestamp": "1769384543723", "event_type": "price_change"}}
{"_local_timestamp": "2026-01-25T23:42:23.943404+00:00", "data": {"market": "0x38f09a0997209464e9623c7e7945ab97f02773b70b07a6320fec0a7a28e5d832", "price_changes": [{"asset_id": "57243170150993640650404594531430585153695147985945083307678646051985840359780", "price": "0.214", "size": "0", "side": "BUY", "hash": "406626f4078fcb727af169e8f77fa5285873bb98", "best_bid": "0.901", "best_ask": "0.99"}, {"asset_id": "5483273838002690400844292195940018437170625443160611546975676200885516736885", "price": "0.786", "size": "0", "side": "SELL", "hash": "a1bb3fda7077b65bb9fe94d2be917c861bfec469", "best_bid": "0.01", "best_ask": "0.099"}], "timestamp": "1769384543723", "event_type": "price_change"}}
{"_local_timestamp": "2026-01-25T23:42:23.943733+00:00", "data": {"market": "0x3ede085bc1f0a30c5cb8f3f7c1fa439e26e81cf18d354494b583c9ef39a31f95", "price_changes": [{"asset_id": "4364476987584742024721453893284115909369486186425340163084875715495600728669", "price": "0.192", "size": "0", "side": "BUY", "hash": "ea955416a6d798d6077d8366e92a71647a690e37", "best_bid": "0.973", "best_ask": "0.99"}, {"asset_id": "103985077749903159691389092660239775157931541972378369237672277133347801564204", "price": "0.808", "size": "0", "side": "SELL", "hash": "d7cf45e48568f7ef7aa169c22f8a9faa5820ce75", "best_bid": "0.01", "best_ask": "0.027"}], "timestamp": "1769384543723", "event_type": "price_change"}}
{"_local_timestamp": "2026-01-25T23:42:23.944054+00:00", "data": {"market": "0x0d7d3a1917a74eaec04452c1e05ddf70045f1a134e8084b84c7294e5e013a34a", "price_changes": [{"asset_id": "7616317646902092034237658828024196833239830524786133021276128278328522249265", "price": "0.209", "size": "0", "side": "BUY", "hash": "7287680c51ef6586e1c05e424003b602f67efbc4", "best_bid": "0.972", "best_ask": "0.99"}, {"asset_id": "14027704625188530322556172306913035245529939482598196846020375327481621746013", "price": "0.791", "size": "0", "side": "SELL", "hash": "5b97d66926c1a23374d8d33241129024ad12dbfb", "best_bid": "0.01", "best_ask": "0.028"}], "timestamp": "1769384543723", "event_type": "price_change"}}
{"_local_timestamp": "2026-01-25T23:42:23.962792+00:00", "data": {"market": "0x0d7d3a1917a74eaec04452c1e05ddf70045f1a134e8084b84c7294e5e013a34a", "price_changes": [{"asset_id": "7616317646902092034237658828024196833239830524786133021276128278328522249265", "price": "0.211", "size": "10", "side": "BUY", "hash": "ea474a06e560c715ceb8122e24ab266709eb3065", "best_bid": "0.972", "best_ask": "0.99"}, {"asset_id": "14027704625188530322556172306913035245529939482598196846020375327481621746013", "price": "0.789", "size": "10", "side": "SELL", "hash": "b99a27dda95fbe8891f80a6d96cc5d04df28093f", "best_bid": "0.01", "best_ask": "0.028"}], "timestamp": "1769384543805", "event_type": "price_change"}}
{"_local_timestamp": "2026-01-25T23:42:23.963420+00:00", "data": {"market": "0x3ede085bc1f0a30c5cb8f3f7c1fa439e26e81cf18d354494b583c9ef39a31f95", "price_changes": [{"asset_id": "4364476987584742024721453893284115909369486186425340163084875715495600728669", "price": "0.194", "size": "10", "side": "BUY", "hash": "7ffeebce4ee89ad687978daf65bbaf76cd4a20c0", "best_bid": "0.973", "best_ask": "0.99"}, {"asset_id": "103985077749903159691389092660239775157931541972378369237672277133347801564204", "price": "0.806", "size": "10", "side": "SELL", "hash": "b0fa7846dd1a63923d901a78d0c35e54e1fc2305", "best_bid": "0.01", "best_ask": "0.027"}], "timestamp": "1769384543805", "event_type": "price_change"}}
{"_local_timestamp": "2026-01-25T23:42:23.971595+00:00", "data": {"market": "0x38f09a0997209464e9623c7e7945ab97f02773b70b07a6320fec0a7a28e5d832", "price_changes": [{"asset_id": "57243170150993640650404594531430585153695147985945083307678646051985840359780", "price": "0.216", "size": "10", "side": "BUY", "hash": "9dfeaafca8424c0d715865a837e6c66177844b14", "best_bid": "0.901", "best_ask": "0.99"}, {"asset_id": "5483273838002690400844292195940018437170625443160611546975676200885516736885", "price": "0.784", "size": "10", "side": "SELL", "hash": "3c1ff20bfe99d3781c34569e3780b91e5422d38c", "best_bid": "0.01", "best_ask": "0.099"}], "timestamp": "1769384543806", "event_type": "price_change"}}
{"_local_timestamp": "2026-01-25T23:42:23.972842+00:00", "data": {"market": "0x3186b52b6bb847182f2ab46ed1c2ad2ba0f8bfb90c884f4d0a134e57506b5f12", "price_changes": [{"asset_id": "44501969982648815685485697062954903038530507216024478749227935533574190350333", "price": "0.201", "size": "10", "side": "BUY", "hash": "93fe03be4db0de42f185018b8682b0849a5952ca", "best_bid": "0.973", "best_ask": "0.99"}, {"asset_id": "42718115576294733236171814739904874991629180120014944078266760609172224694081", "price": "0.799", "size": "10", "side": "SELL", "hash": "b685f588ba405313f752f4496855f32f9257ac75", "best_bid": "0.01", "best_ask": "0.027"}], "timestamp": "1769384543806", "event_type": "price_change"}}
{"_local_timestamp": "2026-01-25T23:42:23.973234+00:00", "data": {"market": "0x3ede085bc1f0a30c5cb8f3f7c1fa439e26e81cf18d354494b583c9ef39a31f95", "price_changes": [{"asset_id": "4364476987584742024721453893284115909369486186425340163084875715495600728669", "price": "0.194", "size": "28", "side": "BUY", "hash": "1416c9e7aa4e59258cd92b07db4350a7d7e934c5", "best_bid": "0.973", "best_ask": "0.99"}, {"asset_id": "103985077749903159691389092660239775157931541972378369237672277133347801564204", "price": "0.806", "size": "28", "side": "SELL", "hash": "57d978262ad735b61b395dae68d0451aa69c785e", "best_bid": "0.01", "best_ask": "0.027"}], "timestamp": "1769384543806", "event_type": "price_change"}}
{"_local_timestamp": "2026-01-25T23:42:23.973590+00:00", "data": {"market": "0x0d7d3a1917a74eaec04452c1e05ddf70045f1a134e8084b84c7294e5e013a34a", "price_changes": [{"asset_id": "7616317646902092034237658828024196833239830524786133021276128278328522249265", "price": "0.211", "size": "29", "side": "BUY", "hash": "37be6b8356c3991c457b1e44a85422b14feb4ed6", "best_bid": "0.972", "best_ask": "0.99"}, {"asset_id": "14027704625188530322556172306913035245529939482598196846020375327481621746013", "price": "0.789", "size": "29", "side": "SELL", "hash": "300258766bd74debdd5e0231fb369ddfed7d74a2", "best_bid": "0.01", "best_ask": "0.028"}], "timestamp": "1769384543806", "event_type": "price_change"}}
{"_local_timestamp": "2026-01-25T23:42:23.975568+00:00", "data": {"market": "0x3186b52b6bb847182f2ab46ed1c2ad2ba0f8bfb90c884f4d0a134e57506b5f12", "price_changes": [{"asset_id": "44501969982648815685485697062954903038530507216024478749227935533574190350333", "price": "0.201", "size": "28", "side": "BUY", "hash": "808cff8379dae3aa341c8b97efeecc36273e1729", "best_bid": "0.973", "best_ask": "0.99"}, {"asset_id": "42718115576294733236171814739904874991629180120014944078266760609172224694081", "price": "0.799", "size": "28", "side": "SELL", "hash": "70ec72572818cefe935c69463bdfd347faabf216", "best_bid": "0.01", "best_ask": "0.027"}], "timestamp": "1769384543806", "event_type": "price_change"}}
{"_local_timestamp": "2026-01-25T23:42:24.225865+00:00", "data": {"market": "0x38f09a0997209464e9623c7e7945ab97f02773b70b07a6320fec0a7a28e5d832", "price_changes": [{"asset_id": "57243170150993640650404594531430585153695147985945083307678646051985840359780", "price": "0.215", "size": "0", "side": "BUY", "hash": "a198a82738e509565a1182b96fa874963ed44bf1", "best_bid": "0.901", "best_ask": "0.99"}, {"asset_id": "5483273838002690400844292195940018437170625443160611546975676200885516736885", "price": "0.785", "size": "0", "side": "SELL", "hash": "195b56d29ad09075ace3194e709c070016611b43", "best_bid": "0.01", "best_ask": "0.099"}], "timestamp": "1769384544010", "event_type": "price_change"}}
{"_local_timestamp": "2026-01-25T23:42:24.226276+00:00", "data": {"market": "0x7c33267829d92c3b9c539ae9a836c5bed3349f32455f76e1f0f076957a57903a", "price_changes": [{"asset_id": "59007961612217277886537144787344467812706536651320764909919008945182802588419", "price": "0.24", "size": "0", "side": "BUY", "hash": "4f8fb0108e14ca0df379ac6844862550a10c2888", "best_bid": "0.78", "best_ask": "0.9"}, {"asset_id": "88594046051938723919710801384831467851073451093526834548107426764502044498953", "price": "0.76", "size": "0", "side": "SELL", "hash": "66cc831e81f2a927cd3c003785a2881676538ca1", "best_bid": "0.1", "best_ask": "0.22"}], "timestamp": "1769384544010", "event_type": "price_change"}}
{"_local_timestamp": "2026-01-25T23:42:24.226636+00:00", "data": {"market": "0x0d7d3a1917a74eaec04452c1e05ddf70045f1a134e8084b84c7294e5e013a34a", "price_changes": [{"asset_id": "7616317646902092034237658828024196833239830524786133021276128278328522249265", "price": "0.21", "size": "0", "side": "BUY", "hash": "c6f6d924b01ead6baaa3ac157949516f703bf0c7", "best_bid": "0.972", "best_ask": "0.99"}, {"asset_id": "14027704625188530322556172306913035245529939482598196846020375327481621746013", "price": "0.79", "size": "0", "side": "SELL", "hash": "ad2eddf6f91fc43d064a1af243472dea96814d9d", "best_bid": "0.01", "best_ask": "0.028"}], "timestamp": "1769384544010", "event_type": "price_change"}}
{"_local_timestamp": "2026-01-25T23:42:24.226974+00:00", "data": {"market": "0x98bf2978bb564657f5785d877885ab96413517ffd92de66b3d310dbd9a3bf0fd", "price_changes": [{"asset_id": "22460393636583672288066307086792566780008898845677753642194017041811125461444", "price": "0.166", "size": "0", "side": "BUY", "hash": "e8d82bc72e885bb5838bb9d465e21b15c7ea0ec5", "best_bid": "0.973", "best_ask": "0.99"}, {"asset_id": "32378979172687539987582324044966035667291671625233900452591311277224040710983", "price": "0.834", "size": "0", "side": "SELL", "hash": "0ccccf82b957d7a735bbcbeead306a2820e25c32", "best_bid": "0.01", "best_ask": "0.027"}], "timestamp": "1769384544010", "event_type": "price_change"}}
{"_local_timestamp": "2026-01-25T23:42:24.227283+00:00", "data": {"market": "0x8a4c1563b2ea6d94eb56820da3ff99746a8469914dbb2f6b7347baed5ab42fc3", "price_changes": [{"asset_id": "51159933603495194405761940548503429170311849773467833833470717672684727633664", "price": "0.27", "size": "0", "side": "BUY", "hash": "50d1e21f80ee95170768e2393741a9faaa3ab1ac", "best_bid": "0.76", "best_ask": "0.84"}, {"asset_id": "60642942970396488738067204467822339296653953654698587520530459840456779760188", "price": "0.73", "size": "0", "side": "SELL", "hash": "74b2ec319c53da9455bbdbc40f0b09505652cfe9", "best_bid": "0.16", "best_ask": "0.24"}], "timestamp": "1769384544010", "event_type": "price_change"}}
{"_local_timestamp": "2026-01-25T23:42:24.227612+00:00", "data": {"market": "0x3ede085bc1f0a30c5cb8f3f7c1fa439e26e81cf18d354494b583c9ef39a31f95", "price_changes": [{"asset_id": "4364476987584742024721453893284115909369486186425340163084875715495600728669", "price": "0.193", "size": "0", "side": "BUY", "hash": "ba1fd71d23ecc10d4d20d39d54ab817273665e2e", "best_bid": "0.973", "best_ask": "0.99"}, {"asset_id": "103985077749903159691389092660239775157931541972378369237672277133347801564204", "price": "0.807", "size": "0", "side": "SELL", "hash": "f797866fe653b419cb0eea3ef1f36b652e6251bd", "best_bid": "0.01", "best_ask": "0.027"}], "timestamp": "1769384544010", "event_type": "price_change"}}
{"_local_timestamp": "2026-01-25T23:42:24.227945+00:00", "data": {"market": "0xe7157204ca6b43e9e4cc4eb728cacdd5865393d12ad7120253ea162e1dcdf17d", "price_changes": [{"asset_id": "3961162352223040830741290756474563172634607448695046731037009621094672413843", "price": "0.191", "size": "0", "side": "BUY", "hash": "990b00c7df1054bd67c63e3f41b9361f77369c40", "best_bid": "0.973", "best_ask": "0.99"}, {"asset_id": "3577752369260311714225494399194067924039734415618615655418404328903860847780", "price": "0.809", "size": "0", "side": "SELL", "hash": "42ce1ac4b8d6804ca843d5a8855a06986adae12c", "best_bid": "0.01", "best_ask": "0.027"}], "timestamp": "1769384544010", "event_type": "price_change"}}
{"_local_timestamp": "2026-01-25T23:42:24.228255+00:00", "data": {"market": "0x3186b52b6bb847182f2ab46ed1c2ad2ba0f8bfb90c884f4d0a134e57506b5f12", "price_changes": [{"asset_id": "44501969982648815685485697062954903038530507216024478749227935533574190350333", "price": "0.2", "size": "0", "side": "BUY", "hash": "e12031f7694f95caeaa9431a06e6f2b3b1892622", "best_bid": "0.973", "best_ask": "0.99"}, {"asset_id": "42718115576294733236171814739904874991629180120014944078266760609172224694081", "price": "0.8", "size": "0", "side": "SELL", "hash": "d66837fc15cca68f9b7db17f1a7444ba93ef1e4c", "best_bid": "0.01", "best_ask": "0.027"}], "timestamp": "1769384544010", "event_type": "price_change"}}
{"_local_timestamp": "2026-01-25T23:42:24.228563+00:00", "data": {"market": "0x63c95642d12fa64df87028af75fcb6b4a4ba8ff97e924bfc69d4599d330d948a", "price_changes": [{"asset_id": "36368381444003965629563223215961121763141200782090569029835407794973362333417", "price": "0.171", "size": "0", "side": "BUY", "hash": "1d2bb55ee628249fe063fb61a0c5b4c5ade1ea15", "best_bid": "0.972", "best_ask": "0.99"}, {"asset_id": "10648396842303953253170051279858307037768170886573063376514778843517982677554", "price": "0.829", "size": "0", "side": "SELL", "hash": "8b082c6aaa0827cfb140b18c19c8cd069154a880", "best_bid": "0.01", "best_ask": "0.028"}], "timestamp": "1769384544010", "event_type": "price_change"}}
{"_local_timestamp": "2026-01-25T23:42:24.228870+00:00", "data": {"market": "0x251f05e211d63fdfcff3880e986cc74c5367b4607f4ebe95cebab67af3c9e7d3", "price_changes": [{"asset_id": "115085990357950478878345216383910396347787710458464014413986046405897165645630", "price": "0.223", "size": "0", "side": "BUY", "hash": "aba7d481959ded9a46ee4952e45779ab91bfdb47", "best_bid": "0.972", "best_ask": "0.99"}, {"asset_id": "26321971047754049536788342459993920821943111709806369928137055117719154524993", "price": "0.777", "size": "0", "side": "SELL", "hash": "a33d78ea784687de01020aa8cbb63bb3fe567ac2", "best_bid": "0.01", "best_ask": "0.028"}], "timestamp": "1769384544010", "event_type": "price_change"}}
{"_local_timestamp": "2026-01-25T23:42:24.229191+00:00", "data": {"market": "0xb1e78bf277d11d3b642e151271f84cdbe0583f3c19bfe5621e3ad70cd2395a81", "price_changes": [{"asset_id": "57473964703431911495316982896123735334177872360735711589494769319190824388564", "price": "0.257", "size": "0", "side": "BUY", "hash": "c3419d13579e29ba8326a20c2ff7976f7f4fc3b9", "best_bid": "0.972", "best_ask": "0.99"}, {"asset_id": "28618798091413443334605740937219587555280558022087723714650046904666860552042", "price": "0.743", "size": "0", "side": "SELL", "hash": "5b2ac194e9bc6462bc8a93ab1fbcfe7be7a7ab7b", "best_bid": "0.01", "best_ask": "0.028"}], "timestamp": "1769384544010", "event_type": "price_change"}}
{"_local_timestamp": "2026-01-25T23:42:24.231436+00:00", "data": {"market": "0x7c33267829d92c3b9c539ae9a836c5bed3349f32455f76e1f0f076957a57903a", "price_changes": [{"asset_id": "59007961612217277886537144787344467812706536651320764909919008945182802588419", "price": "0.26", "size": "20", "side": "BUY", "hash": "a786e7bbd3d685bd37e6274eff100d883772a3c9", "best_bid": "0.78", "best_ask": "0.9"}, {"asset_id": "88594046051938723919710801384831467851073451093526834548107426764502044498953", "price": "0.74", "size": "20", "side": "SELL", "hash": "bd590b954633bc6831166f24aea2fb52e8365253", "best_bid": "0.1", "best_ask": "0.22"}], "timestamp": "1769384544049", "event_type": "price_change"}}
{"_local_timestamp": "2026-01-25T23:42:24.231927+00:00", "data": {"market": "0x251f05e211d63fdfcff3880e986cc74c5367b4607f4ebe95cebab67af3c9e7d3", "price_changes": [{"asset_id": "115085990357950478878345216383910396347787710458464014413986046405897165645630", "price": "0.225", "size": "20", "side": "BUY", "hash": "d462985a1910081717b45efefada3574a7f706a5", "best_bid": "0.972", "best_ask": "0.99"}, {"asset_id": "26321971047754049536788342459993920821943111709806369928137055117719154524993", "price": "0.775", "size": "20", "side": "SELL", "hash": "615d7005dd5d4ff7609165d195a3dc82303649e0", "best_bid": "0.01", "best_ask": "0.028"}], "timestamp": "1769384544049", "event_type": "price_change"}}
{"_local_timestamp": "2026-01-25T23:42:24.232284+00:00", "data": {"market": "0x3ede085bc1f0a30c5cb8f3f7c1fa439e26e81cf18d354494b583c9ef39a31f95", "price_changes": [{"asset_id": "4364476987584742024721453893284115909369486186425340163084875715495600728669", "price": "0.195", "size": "20", "side": "BUY", "hash": "1c2db992fca61a3496c5ef8cc56508b25f69c871", "best_bid": "0.973", "best_ask": "0.99"}, {"asset_id": "103985077749903159691389092660239775157931541972378369237672277133347801564204", "price": "0.805", "size": "20", "side": "SELL", "hash": "57bab98cae4102ea968d8cc78c0941abfd35e4a5", "best_bid": "0.01", "best_ask": "0.027"}], "timestamp": "1769384544049", "event_type": "price_change"}}
{"_local_timestamp": "2026-01-25T23:42:24.236465+00:00", "data": {"market": "0x3186b52b6bb847182f2ab46ed1c2ad2ba0f8bfb90c884f4d0a134e57506b5f12", "price_changes": [{"asset_id": "44501969982648815685485697062954903038530507216024478749227935533574190350333", "price": "0.202", "size": "20", "side": "BUY", "hash": "538d43b4903fb1f82b001b1a95f8a6c412b09b2b", "best_bid": "0.973", "best_ask": "0.99"}, {"asset_id": "42718115576294733236171814739904874991629180120014944078266760609172224694081", "price": "0.798", "size": "20", "side": "SELL", "hash": "0729d33746c086a1f24e3e2528ebf843718eba2d", "best_bid": "0.01", "best_ask": "0.027"}], "timestamp": "1769384544049", "event_type": "price_change"}}
{"_local_timestamp": "2026-01-25T23:42:24.236923+00:00", "data": {"market": "0x8a4c1563b2ea6d94eb56820da3ff99746a8469914dbb2f6b7347baed5ab42fc3", "price_changes": [{"asset_id": "51159933603495194405761940548503429170311849773467833833470717672684727633664", "price": "0.29", "size": "20", "side": "BUY", "hash": "ced2bdc2637baaa28e6448e2d03eb52b236a3927", "best_bid": "0.76", "best_ask": "0.84"}, {"asset_id": "60642942970396488738067204467822339296653953654698587520530459840456779760188", "price": "0.71", "size": "20", "side": "SELL", "hash": "79cc6e7f3d5b7d70d771a48b6687dfb03fb3a229", "best_bid": "0.16", "best_ask": "0.24"}], "timestamp": "1769384544049", "event_type": "price_change"}}
{"_local_timestamp": "2026-01-25T23:42:24.237282+00:00", "data": {"market": "0xe7157204ca6b43e9e4cc4eb728cacdd5865393d12ad7120253ea162e1dcdf17d", "price_changes": [{"asset_id": "3961162352223040830741290756474563172634607448695046731037009621094672413843", "price": "0.193", "size": "20", "side": "BUY", "hash": "ebc969d233ca83a2295c7800089fc9981308cd71", "best_bid": "0.973", "best_ask": "0.99"}, {"asset_id": "3577752369260311714225494399194067924039734415618615655418404328903860847780", "price": "0.807", "size": "20", "side": "SELL", "hash": "f8cc98118b07f89f16e79842bcba57d6a8c08abb", "best_bid": "0.01", "best_ask": "0.027"}], "timestamp": "1769384544049", "event_type": "price_change"}}
{"_local_timestamp": "2026-01-25T23:42:24.237623+00:00", "data": {"market": "0xb1e78bf277d11d3b642e151271f84cdbe0583f3c19bfe5621e3ad70cd2395a81", "price_changes": [{"asset_id": "57473964703431911495316982896123735334177872360735711589494769319190824388564", "price": "0.259", "size": "20", "side": "BUY", "hash": "febf232002b406ae056452ce4ceed1633b260db9", "best_bid": "0.972", "best_ask": "0.99"}, {"asset_id": "28618798091413443334605740937219587555280558022087723714650046904666860552042", "price": "0.741", "size": "20", "side": "SELL", "hash": "60b57e9773612abb6179b2e23ea89240f9f0ad9b", "best_bid": "0.01", "best_ask": "0.028"}], "timestamp": "1769384544049", "event_type": "price_change"}}
{"_local_timestamp": "2026-01-25T23:42:24.237966+00:00", "data": {"market": "0x98bf2978bb564657f5785d877885ab96413517ffd92de66b3d310dbd9a3bf0fd", "price_changes": [{"asset_id": "22460393636583672288066307086792566780008898845677753642194017041811125461444", "price": "0.168", "size": "20", "side": "BUY", "hash": "216f1f8969cc9a65e770b02705a4fc460f82a3d0", "best_bid": "0.973", "best_ask": "0.99"}, {"asset_id": "32378979172687539987582324044966035667291671625233900452591311277224040710983", "price": "0.832", "size": "20", "side": "SELL", "hash": "2bcfe60e7d435606ba83cafdec23144bebe7c47c", "best_bid": "0.01", "best_ask": "0.027"}], "timestamp": "1769384544049", "event_type": "price_change"}}
{"_local_timestamp": "2026-01-25T23:42:24.238313+00:00", "data": {"market": "0x38f09a0997209464e9623c7e7945ab97f02773b70b07a6320fec0a7a28e5d832", "price_changes": [{"asset_id": "57243170150993640650404594531430585153695147985945083307678646051985840359780", "price": "0.217", "size": "20", "side": "BUY", "hash": "b774f11423bd1a167f24952eaaa1f709c427044b", "best_bid": "0.901", "best_ask": "0.99"}, {"asset_id": "5483273838002690400844292195940018437170625443160611546975676200885516736885", "price": "0.783", "size": "20", "side": "SELL", "hash": "92a0c2c8791b12d7dad6bba628c6bd774d031e87", "best_bid": "0.01", "best_ask": "0.099"}], "timestamp": "1769384544049", "event_type": "price_change"}}
{"_local_timestamp": "2026-01-25T23:42:24.238651+00:00", "data": {"market": "0x0d7d3a1917a74eaec04452c1e05ddf70045f1a134e8084b84c7294e5e013a34a", "price_changes": [{"asset_id": "7616317646902092034237658828024196833239830524786133021276128278328522249265", "price": "0.212", "size": "20", "side": "BUY", "hash": "95dedfbd415b9295c2e5b06f8d89e6bf1c4ef4e5", "best_bid": "0.972", "best_ask": "0.99"}, {"asset_id": "14027704625188530322556172306913035245529939482598196846020375327481621746013", "price": "0.788", "size": "20", "side": "SELL", "hash": "6550243aec28b47c8114fa0fdd060bf7c8ca49c1", "best_bid": "0.01", "best_ask": "0.028"}], "timestamp": "1769384544049", "event_type": "price_change"}}
{"_local_timestamp": "2026-01-25T23:42:24.239031+00:00", "data": {"market": "0x63c95642d12fa64df87028af75fcb6b4a4ba8ff97e924bfc69d4599d330d948a", "price_changes": [{"asset_id": "36368381444003965629563223215961121763141200782090569029835407794973362333417", "price": "0.173", "size": "20", "side": "BUY", "hash": "5f4adc7bec795185d87ea8d07ba83069d2225606", "best_bid": "0.972", "best_ask": "0.99"}, {"asset_id": "10648396842303953253170051279858307037768170886573063376514778843517982677554", "price": "0.827", "size": "20", "side": "SELL", "hash": "42ff84b9d19d61b3ea74366102e06a5d613a9803", "best_bid": "0.01", "best_ask": "0.028"}], "timestamp": "1769384544049", "event_type": "price_change"}}
{"_local_timestamp": "2026-01-25T23:42:24.394600+00:00", "data": {"market": "0x0d7d3a1917a74eaec04452c1e05ddf70045f1a134e8084b84c7294e5e013a34a", "price_changes": [{"asset_id": "7616317646902092034237658828024196833239830524786133021276128278328522249265", "price": "0.211", "size": "10", "side": "BUY", "hash": "24f0f6136343a7e59308ec2552b9bb9b3143f053", "best_bid": "0.972", "best_ask": "0.99"}, {"asset_id": "14027704625188530322556172306913035245529939482598196846020375327481621746013", "price": "0.789", "size": "10", "side": "SELL", "hash": "3bd87f6e8d7eb3c3dbbdd7b6e32c3d5247c3f4dc", "best_bid": "0.01", "best_ask": "0.028"}], "timestamp": "1769384544234", "event_type": "price_change"}}
{"_local_timestamp": "2026-01-25T23:42:24.404544+00:00", "data": {"market": "0x3ede085bc1f0a30c5cb8f3f7c1fa439e26e81cf18d354494b583c9ef39a31f95", "price_changes": [{"asset_id": "4364476987584742024721453893284115909369486186425340163084875715495600728669", "price": "0.194", "size": "10", "side": "BUY", "hash": "46a57058fc4eafc9b87d225ad6b09481b4c95877", "best_bid": "0.973", "best_ask": "0.99"}, {"asset_id": "103985077749903159691389092660239775157931541972378369237672277133347801564204", "price": "0.806", "size": "10", "side": "SELL", "hash": "f0bf6d4b63fb3b3801caa209ce310a3157349d15", "best_bid": "0.01", "best_ask": "0.027"}], "timestamp": "1769384544234", "event_type": "price_change"}}
{"_local_timestamp": "2026-01-25T23:42:24.405028+00:00", "data": {"market": "0xb1e78bf277d11d3b642e151271f84cdbe0583f3c19bfe5621e3ad70cd2395a81", "price_changes": [{"asset_id": "57473964703431911495316982896123735334177872360735711589494769319190824388564", "price": "0.011", "size": "0", "side": "BUY", "hash": "d5ee124a1505e086bec4bf17d59cd6f7b35ab5d1", "best_bid": "0.972", "best_ask": "0.99"}, {"asset_id": "28618798091413443334605740937219587555280558022087723714650046904666860552042", "price": "0.989", "size": "0", "side": "SELL", "hash": "69085d00582183b92453c6e4be01a6b841b6f037", "best_bid": "0.01", "best_ask": "0.028"}], "timestamp": "1769384544234", "event_type": "price_change"}}
{"_local_timestamp": "2026-01-25T23:42:24.405416+00:00", "data": {"market": "0x98bf2978bb564657f5785d877885ab96413517ffd92de66b3d310dbd9a3bf0fd", "price_changes": [{"asset_id": "22460393636583672288066307086792566780008898845677753642194017041811125461444", "price": "0.167", "size": "10", "side": "BUY", "hash": "f06268662b6612b9eb625a0a1b01cd1baf28431e", "best_bid": "0.973", "best_ask": "0.99"}, {"asset_id": "32378979172687539987582324044966035667291671625233900452591311277224040710983", "price": "0.833", "size": "10", "side": "SELL", "hash": "0de5fa0556bdeebeff550c9958eabae8c771520e", "best_bid": "0.01", "best_ask": "0.027"}], "timestamp": "1769384544234", "event_type": "price_change"}}
{"_local_timestamp": "2026-01-25T23:42:24.405799+00:00", "data": {"market": "0x63c95642d12fa64df87028af75fcb6b4a4ba8ff97e924bfc69d4599d330d948a", "price_changes": [{"asset_id": "36368381444003965629563223215961121763141200782090569029835407794973362333417", "price": "0.172", "size": "10", "side": "BUY", "hash": "046f0c4c2d7fe8292ed2b0cdf361da7b64187bfd", "best_bid": "0.972", "best_ask": "0.99"}, {"asset_id": "10648396842303953253170051279858307037768170886573063376514778843517982677554", "price": "0.828", "size": "10", "side": "SELL", "hash": "af60d6bdca639d3ca04a31eb836dfe4cd1b10529", "best_bid": "0.01", "best_ask": "0.028"}], "timestamp": "1769384544234", "event_type": "price_change"}}
{"_local_timestamp": "2026-01-25T23:42:24.406180+00:00", "data": {"market": "0xe7157204ca6b43e9e4cc4eb728cacdd5865393d12ad7120253ea162e1dcdf17d", "price_changes": [{"asset_id": "3961162352223040830741290756474563172634607448695046731037009621094672413843", "price": "0.192", "size": "10", "side": "BUY", "hash": "fbc15a4dcf61c76f9317ff3fbdf41b7c22891163", "best_bid": "0.973", "best_ask": "0.99"}, {"asset_id": "3577752369260311714225494399194067924039734415618615655418404328903860847780", "price": "0.808", "size": "10", "side": "SELL", "hash": "b93f47f7a4df35842c2438534e40db9b9cf136c3", "best_bid": "0.01", "best_ask": "0.027"}], "timestamp": "1769384544234", "event_type": "price_change"}}
{"_local_timestamp": "2026-01-25T23:42:24.406549+00:00", "data": {"market": "0x251f05e211d63fdfcff3880e986cc74c5367b4607f4ebe95cebab67af3c9e7d3", "price_changes": [{"asset_id": "115085990357950478878345216383910396347787710458464014413986046405897165645630", "price": "0.224", "size": "10", "side": "BUY", "hash": "e019457207e5c4b0431be58949653bf39fec4465", "best_bid": "0.972", "best_ask": "0.99"}, {"asset_id": "26321971047754049536788342459993920821943111709806369928137055117719154524993", "price": "0.776", "size": "10", "side": "SELL", "hash": "c6f088631c0e409380ddf2ec4fa908035519a0b8", "best_bid": "0.01", "best_ask": "0.028"}], "timestamp": "1769384544234", "event_type": "price_change"}}
{"_local_timestamp": "2026-01-25T23:42:24.406970+00:00", "data": {"market": "0x3186b52b6bb847182f2ab46ed1c2ad2ba0f8bfb90c884f4d0a134e57506b5f12", "price_changes": [{"asset_id": "44501969982648815685485697062954903038530507216024478749227935533574190350333", "price": "0.201", "size": "10", "side": "BUY", "hash": "0fc3e47f3d7aa922b1642b10d3f6fc67c0c69737", "best_bid": "0.973", "best_ask": "0.99"}, {"asset_id": "42718115576294733236171814739904874991629180120014944078266760609172224694081", "price": "0.799", "size": "10", "side": "SELL", "hash": "98ef06c02cd24838b93eae03829efba8cd74ed40", "best_bid": "0.01", "best_ask": "0.027"}], "timestamp": "1769384544234", "event_type": "price_change"}}
