{"_local_timestamp": "2026-01-25T23:40:55.482038+00:00", "data": [{"market": "0x0d7d3a1917a74eaec04452c1e05ddf70045f1a134e8084b84c7294e5e013a34a", "asset_id": "14027704625188530322556172306913035245529939482598196846020375327481621746013", "timestamp": "1769384138120", "hash": "0377af98510bf78764174be154b45371ca3758ca", "bids": [{"price": "0.001", "size": "973.99"}, {"price": "0.002", "size": "200"}, {"price": "0.003", "size": "100"}, {"price": "0.01", "size": "60.5"}], "asks": [{"price": "0.999", "size": "1973.99"}, {"price": "0.998", "size": "450"}, {"price": "0.99", "size": "110"}, {"price": "0.95", "size": "30"}, {"price": "0.949", "size": "39"}, {"price": "0.851", "size": "31"}, {"price": "0.799", "size": "9"}, {"price": "0.791", "size": "10"}, {"price": "0.79", "size": "20"}, {"price": "0.029", "size": "88.2"}, {"price": "0.028", "size": "59.99"}], "event_type": "book", "last_trade_price": ""}, {"market": "0x3186b52b6bb847182f2ab46ed1c2ad2ba0f8bfb90c884f4d0a134e57506b5f12", "asset_id": "44501969982648815685485697062954903038530507216024478749227935533574190350333", "timestamp": "1769384345666", "hash": "528e1c3a6710540f7095b4fd9103f7f41ce96f2c", "bids": [{"price": "0.001", "size": "1973.99"}, {"price": "0.002", "size": "450"}, {"price": "0.01", "size": "110"}, {"price": "0.05", "size": "30"}, {"price": "0.051", "size": "39"}, {"price": "0.081", "size": "25"}, {"price": "0.198", "size": "10"}, {"price": "0.199", "size": "10"}, {"price": "0.2", "size": "20"}, {"price": "0.972", "size": "88.2"}, {"price": "0.973", "size": "54.92"}], "asks": [{"price": "0.999", "size": "973.99"}, {"price": "0.998", "size": "200"}, {"price": "0.997", "size": "110"}, {"price": "0.99", "size": "40"}], "event_type": "book", "last_trade_price": ""}, {"market": "0x98bf2978bb564657f5785d877885ab96413517ffd92de66b3d310dbd9a3bf0fd", "asset_id": "22460393636583672288066307086792566780008898845677753642194017041811125461444", "timestamp": "1769384138120", "hash": "2d2d41dec373a46fa6e67f17641f28b82aa94dba", "bids": [{"price": "0.001", "size": "1973.99"}, {"price": "0.002", "size": "450"}, {"price": "0.01", "size": "110"}, {"price": "0.05", "size": "30"}, {"price": "0.051", "size": "39"}, {"price": "0.081", "size": "25"}, {"price": "0.163", "size": "12"}, {"price": "0.165", "size": "10"}, {"price": "0.166", "size": "20"}, {"price": "0.972", "size": "88.2"}, {"price": "0.973", "size": "59.99"}], "asks": [{"price": "0.999", "size": "973.99"}, {"price": "0.998", "size": "200"}, {"price": "0.997", "size": "100"}, {"price": "0.99", "size": "125"}], "event_type": "book", "last_trade_price": ""}, {"market": "0x3ede085bc1f0a30c5cb8f3f7c1fa439e26e81cf18d354494b583c9ef39a31f95", "asset_id": "4364476987584742024721453893284115909369486186425340163084875715495600728669", "timestamp": "1769384138120", "hash": "902c2d2cf7b50e4a101602ab33731ff60364b8fb", "bids": [{"price": "0.001", "size": "1973.99"}, {"price": "0.002", "size": "450"}, {"price": "0.01", "size": "110"}, {"price": "0.05", "size": "30"}, {"price": "0.051", "size": "39"}, {"price": "0.099", "size": "18"}, {"price": "0.184", "size": "10"}, {"price": "0.192", "size": "10"}, {"price": "0.193", "size": "20"}, {"price": "0.972", "size": "88.2"}, {"price": "0.973", "size": "59.99"}], "asks": [{"price": "0.999", "size": "973.99"}, {"price": "0.998", "size": "200"}, {"price": "0.997", "size": "100"}, {"price": "0.99", "size": "58"}], "event_type": "book", "last_trade_price": ""}, {"market": "0x72692b731c2bfca2c67c0f60d7f9ef416394b314f39958bd0178ac3a050d5d77", "asset_id": "13585731663604435586153850564481009985430657631379038670563519178410671687989", "timestamp": "1769381974855", "hash": "f785c9d5b67c97ec8cd43c8623d235f16a8724d9", "bids": [{"price": "0.01", "size": "67.08"}, {"price": "0.02", "size": "59.99"}], "asks": [{"price": "0.99", "size": "110"}, {"price": "0.98", "size": "50"}, {"price": "0.95", "size": "30"}, {"price": "0.94", "size": "33"}, {"price": "0.93", "size": "28"}, {"price": "0.9", "size": "5"}, {"price": "0.42", "size": "36"}, {"price": "0.4", "size": "68.18"}, {"price": "0.39", "size": "20"}, {"price": "0.18", "size": "10"}, {"price": "0.11", "size": "88.2"}], "event_type": "book", "last_trade_price": ""}, {"market": "0xb1e78bf277d11d3b642e151271f84cdbe0583f3c19bfe5621e3ad70cd2395a81", "asset_id": "28618798091413443334605740937219587555280558022087723714650046904666860552042", "timestamp": "1769384138080", "hash": "3933219c1c150a76e04e763c283e4b9d6d4fe117", "bids": [{"price": "0.001", "size": "973.99"}, {"price": "0.002", "size": "200"}, {"price": "0.003", "size": "100"}, {"price": "0.01", "size": "112.7"}], "asks": [{"price": "0.999", "size": "1973.99"}, {"price": "0.998", "size": "450"}, {"price": "0.99", "size": "110"}, {"price": "0.95", "size": "30"}, {"price": "0.949", "size": "39"}, {"price": "0.85", "size": "62"}, {"price": "0.745", "size": "7"}, {"price": "0.744", "size": "10"}, {"price": "0.743", "size": "20"}, {"price": "0.029", "size": "88.2"}, {"price": "0.028", "size": "59.99"}], "event_type": "book", "last_trade_price": ""}, {"market": "0x63c95642d12fa64df87028af75fcb6b4a4ba8ff97e924bfc69d4599d330d948a", "asset_id": "36368381444003965629563223215961121763141200782090569029835407794973362333417", "timestamp": "1769384229555", "hash": "be478f0f80ab965efc4a0009720f64e93063b3ad", "bids": [{"price": "0.001", "size": "1973.99"}, {"price": "0.002", "size": "450"}, {"price": "0.01", "size": "110"}, {"price": "0.05", "size": "30"}, {"price": "0.051", "size": "39"}, {"price": "0.055", "size": "18"}, {"price": "0.168", "size": "10"}, {"price": "0.17", "size": "11"}, {"price": "0.171", "size": "20"}, {"price": "0.971", "size": "88.2"}, {"price": "0.972", "size": "49.99"}], "asks": [{"price": "0.999", "size": "973.99"}, {"price": "0.998", "size": "200"}, {"price": "0.997", "size": "100"}, {"price": "0.99", "size": "125"}], "event_type": "book", "last_trade_price": ""}, {"market": "0x251f05e211d63fdfcff3880e986cc74c5367b4607f4ebe95cebab67af3c9e7d3", "asset_id": "115085990357950478878345216383910396347787710458464014413986046405897165645630", "timestamp": "1769384138079", "hash": "7d20dd36b895a4cbc083779f6f7895ab4a3ff8ee", "bids": [{"price": "0.001", "size": "1973.99"}, {"price": "0.002", "size": "450"}, {"price": "0.01", "size": "110"}, {"price": "0.05", "size": "30"}, {"price": "0.051", "size": "39"}, {"price": "0.106", "size": "5"}, {"price": "0.214", "size": "9"}, {"price": "0.222", "size": "10"}, {"price": "0.223", "size": "20"}, {"price": "0.971", "size": "88.2"}, {"price": "0.972", "size": "59.99"}], "asks": [{"price": "0.999", "size": "973.99"}, {"price": "0.998", "size": "200"}, {"price": "0.997", "size": "100"}, {"price": "0.99", "size": "59.37"}], "event_type": "book", "last_trade_price": ""}, {"market": "0x1d7bdee527d419a48abf7a315fca23d1878c05795b7867e2384734fcb1929c2d", "asset_id": "40616614098385363289886901358786019977951925062666142973490760588636339826770", "timestamp": "1769382627805", "hash": "e8d0adfd414ad731a22a4075fc3e12c6571eb325", "bids": [{"price": "0.01", "size": "110"}, {"price": "0.02", "size": "55"}, {"price": "0.05", "size": "10"}, {"price": "0.35", "size": "30"}, {"price": "0.37", "size": "30"}, {"price": "0.5", "size": "28"}], "asks": [{"price": "0.99", "size": "110"}, {"price": "0.95", "size": "125"}, {"price": "0.8", "size": "10"}, {"price": "0.7", "size": "10"}, {"price": "0.69", "size": "31.83"}, {"price": "0.68", "size": "20"}, {"price": "0.67", "size": "29.83"}, {"price": "0.66", "size": "10"}, {"price": "0.6", "size": "10"}], "event_type": "book", "last_trade_price": ""}, {"market": "0xe7157204ca6b43e9e4cc4eb728cacdd5865393d12ad7120253ea162e1dcdf17d", "asset_id": "3961162352223040830741290756474563172634607448695046731037009621094672413843", "timestamp": "1769384138120", "hash": "c2234af2323b5a561335670ec571c4093dd05d3c", "bids": [{"price": "0.001", "size": "1973.99"}, {"price": "0.002", "size": "450"}, {"price": "0.01", "size": "110"}, {"price": "0.05", "size": "30"}, {"price": "0.051", "size": "39"}, {"price": "0.081", "size": "25"}, {"price": "0.184", "size": "10"}, {"price": "0.19", "size": "10"}, {"price": "0.191", "size": "20"}, {"price": "0.972", "size": "88.2"}, {"price": "0.973", "size": "59.99"}], "asks": [{"price": "0.999", "size": "973.99"}, {"price": "0.998", "size": "200"}, {"price": "0.997", "size": "266"}, {"price": "0.99", "size": "45.08"}], "event_type": "book", "last_trade_price": "0.010"}, {"market": "0x2aad24be283af5a8a0b555e7d57cc76dadedff6dc4bdec4a9b24e731e9dfe0ff", "asset_id": "80555279169666379466566647980264932097404519501954796141403112936767343108394", "timestamp": "1769383748714", "hash": "c0989e81a918b686747de133dbb47993502b46df", "bids": [{"price": "0.01", "size": "66.87"}, {"price": "0.02", "size": "59.99"}], "asks": [{"price": "0.99", "size": "3310"}, {"price": "0.98", "size": "1800"}, {"price": "0.95", "size": "30"}, {"price": "0.94", "size": "33"}, {"price": "0.93", "size": "1500"}, {"price": "0.9", "size": "700"}, {"price": "0.86", "size": "200"}, {"price": "0.85", "size": "50"}, {"price": "0.65", "size": "5"}, {"price": "0.64", "size": "10"}, {"price": "0.63", "size": "20"}, {"price": "0.15", "size": "100"}, {"price": "0.14", "size": "36"}], "event_type": "book", "last_trade_price": ""}, {"market": "0x8a4c1563b2ea6d94eb56820da3ff99746a8469914dbb2f6b7347baed5ab42fc3", "asset_id": "60642942970396488738067204467822339296653953654698587520530459840456779760188", "timestamp": "1769384138079", "hash": "7bf34a9593bb17d63ae8903b5e0e07cc7a5a136c", "bids": [{"price": "0.01", "size": "610"}, {"price": "0.02", "size": "200"}, {"price": "0.03", "size": "100"}, {"price": "0.15", "size": "10"}, {"price": "0.16", "size": "52.2"}], "asks": [{"price": "0.99", "size": "3310"}, {"price": "0.98", "size": "1800"}, {"price": "0.95", "size": "10"}, {"price": "0.94", "size": "1500"}, {"price": "0.92", "size": "400"}, {"price": "0.85", "size": "500"}, {"price": "0.83", "size": "6"}, {"price": "0.8", "size": "10"}, {"price": "0.74", "size": "10"}, {"price": "0.73", "size": "20"}, {"price": "0.3", "size": "15"}, {"price": "0.27", "size": "90"}, {"price": "0.25", "size": "131.26"}, {"price": "0.24", "size": "5.88"}], "event_type": "book", "last_trade_price": ""}, {"market": "0x7c33267829d92c3b9c539ae9a836c5bed3349f32455f76e1f0f076957a57903a", "asset_id": "88594046051938723919710801384831467851073451093526834548107426764502044498953", "timestamp": "1769384369350", "hash": "59baedacdb5e3c7d2686cf3ff68730cdcbfb7c45", "bids": [{"price": "0.01", "size": "60"}, {"price": "0.05", "size": "300"}, {"price": "0.06", "size": "150"}, {"price": "0.1", "size": "10"}], "asks": [{"price": "0.99", "size": "230"}, {"price": "0.95", "size": "30"}, {"price": "0.94", "size": "33"}, {"price": "0.92", "size": "14"}, {"price": "0.91", "size": "22"}, {"price": "0.79", "size": "10"}, {"price": "0.77", "size": "67.85"}, {"price": "0.76", "size": "20"}, {"price": "0.24", "size": "33.13"}], "event_type": "book", "last_trade_price": ""}, {"market": "0x72692b731c2bfca2c67c0f60d7f9ef416394b314f39958bd0178ac3a050d5d77", "asset_id": "25656412180611161859453666840381928784767051788640607963567524446112558688042", "timestamp": "1769381974855", "hash": "f0cc0ff0ebed2ab0efeef9b6f4c128a242557f1f", "bids": [{"price": "0.01", "size": "110"}, {"price": "0.02", "size": "50"}, {"price": "0.05", "size": "30"}, {"price": "0.06", "size": "33"}, {"price": "0.07", "size": "28"}, {"price": "0.1", "size": "5"}, {"price": "0.58", "size": "36"}, {"price": "0.6", "size": "68.18"}, {"price": "0.61", "size": "20"}, {"price": "0.82", "size": "10"}, {"price": "0.89", "size": "88.2"}], "asks": [{"price": "0.99", "size": "67.08"}, {"price": "0.98", "size": "59.99"}], "event_type": "book", "last_trade_price": ""}, {"market": "0x0d7d3a1917a74eaec04452c1e05ddf70045f1a134e8084b84c7294e5e013a34a", "asset_id": "7616317646902092034237658828024196833239830524786133021276128278328522249265", "timestamp": "1769384138120", "hash": "cf3d645b5c9e19541016d297e236e7ac1837b7d5", "bids": [{"price": "0.001", "size": "1973.99"}, {"price": "0.002", "size": "450"}, {"price": "0.01", "size": "110"}, {"price": "0.05", "size": "30"}, {"price": "0.051", "size": "39"}, {"price": "0.149", "size": "31"}, {"price": "0.201", "size": "9"}, {"price": "0.209", "size": "10"}, {"price": "0.21", "size": "20"}, {"price": "0.971", "size": "88.2"}, {"price": "0.972", "size": "59.99"}], "asks": [{"price": "0.999", "size": "973.99"}, {"price": "0.998", "size": "200"}, {"price": "0.997", "size": "100"}, {"price": "0.99", "size": "60.5"}], "event_type": "book", "last_trade_price": ""}, {"market": "0x8a4c1563b2ea6d94eb56820da3ff99746a8469914dbb2f6b7347baed5ab42fc3", "asset_id": "51159933603495194405761940548503429170311849773467833833470717672684727633664", "timestamp": "1769384138079", "hash": "d307381be4e0ca9728998aaade78d38cb4dec1f8", "bids": [{"price": "0.01", "size": "3310"}, {"price": "0.02", "size": "1800"}, {"price": "0.05", "size": "10"}, {"price": "0.06", "size": "1500"}, {"price": "0.08", "size": "400"}, {"price": "0.15", "size": "500"}, {"price": "0.17", "size": "6"}, {"price": "0.2", "size": "10"}, {"price": "0.26", "size": "10"}, {"price": "0.27", "size": "20"}, {"price": "0.7", "size": "15"}, {"price": "0.73", "size": "90"}, {"price": "0.75", "size": "131.26"}, {"price": "0.76", "size": "5.88"}], "asks": [{"price": "0.99", "size": "610"}, {"price": "0.98", "size": "200"}, {"price": "0.97", "size": "100"}, {"price": "0.85", "size": "10"}, {"price": "0.84", "size": "52.2"}], "event_type": "book", "last_trade_price": ""}, {"market": "0x98bf2978bb564657f5785d877885ab96413517ffd92de66b3d310dbd9a3bf0fd", "asset_id": "32378979172687539987582324044966035667291671625233900452591311277224040710983", "timestamp": "1769384138120", "hash": "fb895ffe5ca5f7c6b3a9437e31a7162a98521664", "bids": [{"price": "0.001", "size": "973.99"}, {"price": "0.002", "size": "200"}, {"price": "0.003", "size": "100"}, {"price": "0.01", "size": "125"}], "asks": [{"price": "0.999", "size": "1973.99"}, {"price": "0.998", "size": "450"}, {"price": "0.99", "size": "110"}, {"price": "0.95", "size": "30"}, {"price": "0.949", "size": "39"}, {"price": "0.919", "size": "25"}, {"price": "0.837", "size": "12"}, {"price": "0.835", "size": "10"}, {"price": "0.834", "size": "20"}, {"price": "0.028", "size": "88.2"}, {"price": "0.027", "size": "59.99"}], "event_type": "book", "last_trade_price": ""}, {"market": "0x7c33267829d92c3b9c539ae9a836c5bed3349f32455f76e1f0f076957a57903a", "asset_id": "59007961612217277886537144787344467812706536651320764909919008945182802588419", "timestamp": "1769384369350", "hash": "509f51407de65e152b5ce17fa93b25a481f96d0b", "bids": [{"price": "0.01", "size": "230"}, {"price": "0.05", "size": "30"}, {"price": "0.06", "size": "33"}, {"price": "0.08", "size": "14"}, {"price": "0.09", "size": "22"}, {"price": "0.21", "size": "10"}, {"price": "0.23", "size": "67.85"}, {"price": "0.24", "size": "20"}, {"price": "0.76", "size": "33.13"}], "asks": [{"price": "0.99", "size": "60"}, {"price": "0.95", "size": "300"}, {"price": "0.94", "size": "150"}, {"price": "0.9", "size": "10"}], "event_type": "book", "last_trade_price": ""}, {"market": "0x1d7bdee527d419a48abf7a315fca23d1878c05795b7867e2384734fcb1929c2d", "asset_id": "74171408846261079665020606782181058387802033822680306133362764174429649916572", "timestamp": "1769382627805", "hash": "3ac13287c7803161da3cc0bafe56ea423a15436f", "bids": [{"price": "0.01", "size": "110"}, {"price": "0.05", "size": "125"}, {"price": "0.2", "size": "10"}, {"price": "0.3", "size": "10"}, {"price": "0.31", "size": "31.83"}, {"price": "0.32", "size": "20"}, {"price": "0.33", "size": "29.83"}, {"price": "0.34", "size": "10"}, {"price": "0.4", "size": "10"}], "asks": [{"price": "0.99", "size": "110"}, {"price": "0.98", "size": "55"}, {"price": "0.95", "size": "10"}, {"price": "0.65", "size": "30"}, {"price": "0.63", "size": "30"}, {"price": "0.5", "size": "28"}], "event_type": "book", "last_trade_price": ""}, {"market": "0x38f09a0997209464e9623c7e7945ab97f02773b70b07a6320fec0a7a28e5d832", "asset_id": "57243170150993640650404594531430585153695147985945083307678646051985840359780", "timestamp": "1769384138079", "hash": "0bce079c2a0d3a4b021c007670d0d1b9820afd0f", "bids": [{"price": "0.001", "size": "1953.99"}, {"price": "0.002", "size": "250"}, {"price": "0.01", "size": "110"}, {"price": "0.05", "size": "30"}, {"price": "0.051", "size": "39"}, {"price": "0.097", "size": "5"}, {"price": "0.211", "size": "9"}, {"price": "0.214", "size": "10"}, {"price": "0.215", "size": "20"}, {"price": "0.9", "size": "88.2"}, {"price": "0.901", "size": "59.97"}], "asks": [{"price": "0.999", "size": "953.99"}, {"price": "0.998", "size": "250"}, {"price": "0.99", "size": "40"}], "event_type": "book", "last_trade_price": ""}, {"market": "0xe7157204ca6b43e9e4cc4eb728cacdd5865393d12ad7120253ea162e1dcdf17d", "asset_id": "3577752369260311714225494399194067924039734415618615655418404328903860847780", "timestamp": "1769384138120", "hash": "92e111c0d25cc18b2ca80557bf9b926a47a7e86d", "bids": [{"price": "0.001", "size": "973.99"}, {"price": "0.002", "size": "200"}, {"price": "0.003", "size": "266"}, {"price": "0.01", "size": "45.08"}], "asks": [{"price": "0.999", "size": "1973.99"}, {"price": "0.998", "size": "450"}, {"price": "0.99", "size": "110"}, {"price": "0.95", "size": "30"}, {"price": "0.949", "size": "39"}, {"price": "0.919", "size": "25"}, {"price": "0.816", "size": "10"}, {"price": "0.81", "size": "10"}, {"price": "0.809", "size": "20"}, {"price": "0.028", "size": "88.2"}, {"price": "0.027", "size": "59.99"}], "event_type": "book", "last_trade_price": "0.010"}, {"market": "0x2aad24be283af5a8a0b555e7d57cc76dadedff6dc4bdec4a9b24e731e9dfe0ff", "asset_id": "85861098934431372774779357441449603728671533265377993826102225382595341291656", "timestamp": "1769383748714", "hash": "57122cae63b9218f4b6a24450a436eb0973c12a1", "bids": [{"price": "0.01", "size": "3310"}, {"price": "0.02", "size": "1800"}, {"price": "0.05", "size": "30"}, {"price": "0.06", "size": "33"}, {"price": "0.07", "size": "1500"}, {"price": "0.1", "size": "700"}, {"price": "0.14", "size": "200"}, {"price": "0.15", "size": "50"}, {"price": "0.35", "size": "5"}, {"price": "0.36", "size": "10"}, {"price": "0.37", "size": "20"}, {"price": "0.85", "size": "100"}, {"price": "0.86", "size": "36"}], "asks": [{"price": "0.99", "size": "66.87"}, {"price": "0.98", "size": "59.99"}], "event_type": "book", "last_trade_price": ""}, {"market": "0x3ede085bc1f0a30c5cb8f3f7c1fa439e26e81cf18d354494b583c9ef39a31f95", "asset_id": "103985077749903159691389092660239775157931541972378369237672277133347801564204", "timestamp": "1769384138120", "hash": "53adfab4e22c5bc1ec5facf0f3e664ca9d8c2276", "bids": [{"price": "0.001", "size": "973.99"}, {"price": "0.002", "size": "200"}, {"price": "0.003", "size": "100"}, {"price": "0.01", "size": "58"}], "asks": [{"price": "0.999", "size": "1973.99"}, {"price": "0.998", "size": "450"}, {"price": "0.99", "size": "110"}, {"price": "0.95", "size": "30"}, {"price": "0.949", "size": "39"}, {"price": "0.901", "size": "18"}, {"price": "0.816", "size": "10"}, {"price": "0.808", "size": "10"}, {"price": "0.807", "size": "20"}, {"price": "0.028", "size": "88.2"}, {"price": "0.027", "size": "59.99"}], "event_type": "book", "last_trade_price": ""}, {"market": "0xb1e78bf277d11d3b642e151271f84cdbe0583f3c19bfe5621e3ad70cd2395a81", "asset_id": "57473964703431911495316982896123735334177872360735711589494769319190824388564", "timestamp": "1769384138080", "hash": "e41f9b951b65f31f53fc81bc2e903f5653152c7b", "bids": [{"price": "0.001", "size": "1973.99"}, {"price": "0.002", "size": "450"}, {"price": "0.01", "size": "110"}, {"price": "0.05", "size": "30"}, {"price": "0.051", "size": "39"}, {"price": "0.15", "size": "62"}, {"price": "0.255", "size": "7"}, {"price": "0.256", "size": "10"}, {"price": "0.257", "size": "20"}, {"price": "0.971", "size": "88.2"}, {"price": "0.972", "size": "59.99"}], "asks": [{"price": "0.999", "size": "973.99"}, {"price": "0.998", "size": "200"}, {"price": "0.997", "size": "100"}, {"price": "0.99", "size": "112.7"}], "event_type": "book", "last_trade_price": ""}, {"market": "0x251f05e211d63fdfcff3880e986cc74c5367b4607f4ebe95cebab67af3c9e7d3", "asset_id": "26321971047754049536788342459993920821943111709806369928137055117719154524993", "timestamp": "1769384138079", "hash": "c370d9f740eb0c1a613a19c6f91fea854d87a789", "bids": [{"price": "0.001", "size": "973.99"}, {"price": "0.002", "size": "200"}, {"price": "0.003", "size": "100"}, {"price": "0.01", "size": "59.37"}], "asks": [{"price": "0.999", "size": "1973.99"}, {"price": "0.998", "size": "450"}, {"price": "0.99", "size": "110"}, {"price": "0.95", "size": "30"}, {"price": "0.949", "size": "39"}, {"price": "0.894", "size": "5"}, {"price": "0.786", "size": "9"}, {"price": "0.778", "size": "10"}, {"price": "0.777", "size": "20"}, {"price": "0.029", "size": "88.2"}, {"price": "0.028", "size": "59.99"}], "event_type": "book", "last_trade_price": ""}, {"market": "0x38f09a0997209464e9623c7e7945ab97f02773b70b07a6320fec0a7a28e5d832", "asset_id": "5483273838002690400844292195940018437170625443160611546975676200885516736885", "timestamp": "1769384138079", "hash": "53dc0d9974da476e5751eccb2de312561b6a1d49", "bids": [{"price": "0.001", "size": "953.99"}, {"price": "0.002", "size": "250"}, {"price": "0.01", "size": "40"}], "asks": [{"price": "0.999", "size": "1953.99"}, {"price": "0.998", "size": "250"}, {"price": "0.99", "size": "110"}, {"price": "0.95", "size": "30"}, {"price": "0.949", "size": "39"}, {"price": "0.903", "size": "5"}, {"price": "0.789", "size": "9"}, {"price": "0.786", "size": "10"}, {"price": "0.785", "size": "20"}, {"price": "0.1", "size": "88.2"}, {"price": "0.099", "size": "59.97"}], "event_type": "book", "last_trade_price": ""}, {"market": "0x3186b52b6bb847182f2ab46ed1c2ad2ba0f8bfb90c884f4d0a134e57506b5f12", "asset_id": "42718115576294733236171814739904874991629180120014944078266760609172224694081", "timestamp": "1769384345666", "hash": "3d6184e1da0b0422c4e8d3938c76f709a1db75f7", "bids": [{"price": "0.001", "size": "973.99"}, {"price": "0.002", "size": "200"}, {"price": "0.003", "size": "110"}, {"price": "0.01", "size": "40"}], "asks": [{"price": "0.999", "size": "1973.99"}, {"price": "0.998", "size": "450"}, {"price": "0.99", "size": "110"}, {"price": "0.95", "size": "30"}, {"price": "0.949", "size": "39"}, {"price": "0.919", "size": "25"}, {"price": "0.802", "size": "10"}, {"price": "0.801", "size": "10"}, {"price": "0.8", "size": "20"}, {"price": "0.028", "size": "88.2"}, {"price": "0.027", "size": "54.92"}], "event_type": "book", "last_trade_price": ""}, {"market": "0x63c95642d12fa64df87028af75fcb6b4a4ba8ff97e924bfc69d4599d330d948a", "asset_id": "10648396842303953253170051279858307037768170886573063376514778843517982677554", "timestamp": "1769384229555", "hash": "cb5a43e46e40ba9d4357fb70c5d429e161b779a5", "bids": [{"price": "0.001", "size": "973.99"}, {"price": "0.002", "size": "200"}, {"price": "0.003", "size": "100"}, {"price": "0.01", "size": "125"}], "asks": [{"price": "0.999", "size": "1973.99"}, {"price": "0.998", "size": "450"}, {"price": "0.99", "size": "110"}, {"price": "0.95", "size": "30"}, {"price": "0.949", "size": "39"}, {"price": "0.945", "size": "18"}, {"price": "0.832", "size": "10"}, {"price": "0.83", "size": "11"}, {"price": "0.829", "size": "20"}, {"price": "0.029", "size": "88.2"}, {"price": "0.028", "size": "49.99"}], "event_type": "book", "last_trade_price": ""}]}
