{"_local_timestamp": "2026-01-25T23:40:37.772696+00:00", "data": [{"market": "0x18d3a6528371e1ea16cd50f955f0f45ea61c4c90a705a4f33d10eb02e9382f40", "asset_id": "74411316557747666500421594653786522727693050285806148564958601319794851088245", "timestamp": "1769384432715", "hash": "416e2862ee116d3464d43cd93296d4a6a3a40325", "bids": [{"price": "0.01", "size": "132"}], "asks": [{"price": "0.99", "size": "81.1"}, {"price": "0.98", "size": "33.86"}, {"price": "0.95", "size": "30"}, {"price": "0.94", "size": "33"}, {"price": "0.93", "size": "5.29"}, {"price": "0.92", "size": "66.66"}, {"price": "0.91", "size": "33"}, {"price": "0.9", "size": "8.08"}, {"price": "0.88", "size": "66.66"}, {"price": "0.87", "size": "20"}, {"price": "0.85", "size": "79"}, {"price": "0.84", "size": "79"}, {"price": "0.82", "size": "20"}], "event_type": "book", "last_trade_price": ""}, {"market": "0xd2481bf85502225a8cfe44cdb7156dc3d8c4e73dc3b287c3177549ceb151f29a", "asset_id": "42430375238711345501217551251109466198058910710344686175806368605561587220225", "timestamp": "1769384344637", "hash": "cb0a533113734c070e8ea4cdd3aac7d23d849fff", "bids": [{"price": "0.01", "size": "138.74"}, {"price": "0.02", "size": "61.53"}, {"price": "0.03", "size": "37.37"}, {"price": "0.04", "size": "15.38"}, {"price": "0.05", "size": "10"}, {"price": "0.06", "size": "82.66"}, {"price": "0.07", "size": "10.26"}, {"price": "0.09", "size": "60.66"}], "asks": [{"price": "0.99", "size": "72.32"}, {"price": "0.98", "size": "12.96"}, {"price": "0.97", "size": "700"}, {"price": "0.96", "size": "200"}, {"price": "0.95", "size": "220"}, {"price": "0.94", "size": "233"}, {"price": "0.93", "size": "21.01"}, {"price": "0.89", "size": "66.66"}, {"price": "0.82", "size": "72.21"}], "event_type": "book", "last_trade_price": ""}, {"market": "0x6917d1a8e4452a81e1b6a64d914e06c97d7a3d8c13dad222f02f1c3c553f9f77", "asset_id": "40551308792363829137667327488025343105891683937406702583668939897296714407119", "timestamp": "1769384287269", "hash": "696536f0bc6838d77621e4c554c6b1d63e43f7f7", "bids": [{"price": "0.01", "size": "118"}], "asks": [{"price": "0.99", "size": "81.12"}, {"price": "0.98", "size": "29.51"}, {"price": "0.95", "size": "30"}, {"price": "0.94", "size": "33"}, {"price": "0.93", "size": "6.14"}, {"price": "0.89", "size": "66.66"}, {"price": "0.88", "size": "16"}, {"price": "0.87", "size": "6.42"}, {"price": "0.86", "size": "20"}, {"price": "0.79", "size": "33"}, {"price": "0.78", "size": "66.66"}], "event_type": "book", "last_trade_price": ""}, {"market": "0xd2481bf85502225a8cfe44cdb7156dc3d8c4e73dc3b287c3177549ceb151f29a", "asset_id": "34475253243349438142961886130741254711175374818336361684130855418926927945608", "timestamp": "1769384344637", "hash": "5d30230cf922e017c78f2002b89072ace49c4ff8", "bids": [{"price": "0.01", "size": "72.32"}, {"price": "0.02", "size": "12.96"}, {"price": "0.03", "size": "700"}, {"price": "0.04", "size": "200"}, {"price": "0.05", "size": "220"}, {"price": "0.06", "size": "233"}, {"price": "0.07", "size": "21.01"}, {"price": "0.11", "size": "66.66"}, {"price": "0.18", "size": "72.21"}], "asks": [{"price": "0.99", "size": "138.74"}, {"price": "0.98", "size": "61.53"}, {"price": "0.97", "size": "37.37"}, {"price": "0.96", "size": "15.38"}, {"price": "0.95", "size": "10"}, {"price": "0.94", "size": "82.66"}, {"price": "0.93", "size": "10.26"}, {"price": "0.91", "size": "60.66"}], "event_type": "book", "last_trade_price": ""}, {"market": "0x6917d1a8e4452a81e1b6a64d914e06c97d7a3d8c13dad222f02f1c3c553f9f77", "asset_id": "87807945395216179742573144139584977408970382048048251075138205909830705046093", "timestamp": "1769384287269", "hash": "8a9f0d13c41323ccd63b7cb4428abdf9f794269c", "bids": [{"price": "0.01", "size": "81.12"}, {"price": "0.02", "size": "29.51"}, {"price": "0.05", "size": "30"}, {"price": "0.06", "size": "33"}, {"price": "0.07", "size": "6.14"}, {"price": "0.11", "size": "66.66"}, {"price": "0.12", "size": "16"}, {"price": "0.13", "size": "6.42"}, {"price": "0.14", "size": "20"}, {"price": "0.21", "size": "33"}, {"price": "0.22", "size": "66.66"}], "asks": [{"price": "0.99", "size": "118"}], "event_type": "book", "last_trade_price": ""}, {"market": "0x18d3a6528371e1ea16cd50f955f0f45ea61c4c90a705a4f33d10eb02e9382f40", "asset_id": "38990186148244122940034723111578799391435093530753406981386858085605616561388", "timestamp": "1769384432715", "hash": "400107e4b28fa4205794196d8a65fe9bcd1e503b", "bids": [{"price": "0.01", "size": "81.1"}, {"price": "0.02", "size": "33.86"}, {"price": "0.05", "size": "30"}, {"price": "0.06", "size": "33"}, {"price": "0.07", "size": "5.29"}, {"price": "0.08", "size": "66.66"}, {"price": "0.09", "size": "33"}, {"price": "0.1", "size": "8.08"}, {"price": "0.12", "size": "66.66"}, {"price": "0.13", "size": "20"}, {"price": "0.15", "size": "79"}, {"price": "0.16", "size": "79"}, {"price": "0.18", "size": "20"}], "asks": [{"price": "0.99", "size": "132"}], "event_type": "book", "last_trade_price": ""}]}
{"_local_timestamp": "2026-01-25T23:40:52.966735+00:00", "data": {"market": "0x18d3a6528371e1ea16cd50f955f0f45ea61c4c90a705a4f33d10eb02e9382f40", "price_changes": [{"asset_id": "38990186148244122940034723111578799391435093530753406981386858085605616561388", "price": "0.15", "size": "0", "side": "BUY", "hash": "4b37925e4ae3567ff1f27e3c8926316ff96699ff", "best_bid": "0.18", "best_ask": "0.99"}, {"asset_id": "74411316557747666500421594653786522727693050285806148564958601319794851088245", "price": "0.85", "size": "0", "side": "SELL", "hash": "ea5f9676acfffea3bf37d7e9a87f88c35bb72cfb", "best_bid": "0.01", "best_ask": "0.82"}], "timestamp": "1769384452899", "event_type": "price_change"}}
{"_local_timestamp": "2026-01-25T23:42:01.502282+00:00", "data": {"market": "0x18d3a6528371e1ea16cd50f955f0f45ea61c4c90a705a4f33d10eb02e9382f40", "price_changes": [{"asset_id": "38990186148244122940034723111578799391435093530753406981386858085605616561388", "price": "0.02", "size": "14.75", "side": "BUY", "hash": "e31cd2b8f33746f296013ba11f4448a1e69ff11e", "best_bid": "0.18", "best_ask": "0.99"}, {"asset_id": "74411316557747666500421594653786522727693050285806148564958601319794851088245", "price": "0.98", "size": "14.75", "side": "SELL", "hash": "d5d37926cd61ffbd01f1581b285cea8f401daa32", "best_bid": "0.01", "best_ask": "0.82"}], "timestamp": "1769384521438", "event_type": "price_change"}}
{"_local_timestamp": "2026-01-25T23:42:01.508279+00:00", "data": {"market": "0x6917d1a8e4452a81e1b6a64d914e06c97d7a3d8c13dad222f02f1c3c553f9f77", "price_changes": [{"asset_id": "87807945395216179742573144139584977408970382048048251075138205909830705046093", "price": "0.13", "size": "0", "side": "BUY", "hash": "01e0ca3e6407710d7f307aff22ee692d1cd2e24a", "best_bid": "0.22", "best_ask": "0.99"}, {"asset_id": "40551308792363829137667327488025343105891683937406702583668939897296714407119", "price": "0.87", "size": "0", "side": "SELL", "hash": "9892bf162b7405408bac6a19b4fb7d301b9db240", "best_bid": "0.01", "best_ask": "0.78"}], "timestamp": "1769384521438", "event_type": "price_change"}}
{"_local_timestamp": "2026-01-25T23:42:01.508593+00:00", "data": {"market": "0x18d3a6528371e1ea16cd50f955f0f45ea61c4c90a705a4f33d10eb02e9382f40", "price_changes": [{"asset_id": "38990186148244122940034723111578799391435093530753406981386858085605616561388", "price": "0.07", "size": "0", "side": "BUY", "hash": "e31cd2b8f33746f296013ba11f4448a1e69ff11e", "best_bid": "0.18", "best_ask": "0.99"}, {"asset_id": "74411316557747666500421594653786522727693050285806148564958601319794851088245", "price": "0.93", "size": "0", "side": "SELL", "hash": "d5d37926cd61ffbd01f1581b285cea8f401daa32", "best_bid": "0.01", "best_ask": "0.82"}], "timestamp": "1769384521438", "event_type": "price_change"}}
{"_local_timestamp": "2026-01-25T23:42:02.383766+00:00", "data": {"market": "0x18d3a6528371e1ea16cd50f955f0f45ea61c4c90a705a4f33d10eb02e9382f40", "price_changes": [{"asset_id": "38990186148244122940034723111578799391435093530753406981386858085605616561388", "price": "0.06", "size": "41.3", "side": "BUY", "hash": "dac43fd341abbe9de0adb339416db4f88865eb2c", "best_bid": "0.18", "best_ask": "0.99"}, {"asset_id": "74411316557747666500421594653786522727693050285806148564958601319794851088245", "price": "0.94", "size": "41.3", "side": "SELL", "hash": "92c7c1c42d6559dd380ad70c6298773cc5d38d74", "best_bid": "0.01", "best_ask": "0.82"}], "timestamp": "1769384522316", "event_type": "price_change"}}
{"_local_timestamp": "2026-01-25T23:42:02.384113+00:00", "data": {"market": "0x18d3a6528371e1ea16cd50f955f0f45ea61c4c90a705a4f33d10eb02e9382f40", "price_changes": [{"asset_id": "38990186148244122940034723111578799391435093530753406981386858085605616561388", "price": "0.02", "size": "27.47", "side": "BUY", "hash": "2266d53cbe99eadd9c82d954e28973ae60fa73cc", "best_bid": "0.18", "best_ask": "0.99"}, {"asset_id": "74411316557747666500421594653786522727693050285806148564958601319794851088245", "price": "0.98", "size": "27.47", "side": "SELL", "hash": "10b0bdf325de9c270dafdfac0fde2f15a4cc5d60", "best_bid": "0.01", "best_ask": "0.82"}], "timestamp": "1769384522317", "event_type": "price_change"}}
{"_local_timestamp": "2026-01-25T23:42:02.482999+00:00", "data": {"market": "0x6917d1a8e4452a81e1b6a64d914e06c97d7a3d8c13dad222f02f1c3c553f9f77", "price_changes": [{"asset_id": "87807945395216179742573144139584977408970382048048251075138205909830705046093", "price": "0.14", "size": "0", "side": "BUY", "hash": "b64111c81e91b34e4a81d33f30b198b0038d435e", "best_bid": "0.22", "best_ask": "0.99"}, {"asset_id": "40551308792363829137667327488025343105891683937406702583668939897296714407119", "price": "0.86", "size": "0", "side": "SELL", "hash": "1efa77dbfcc4b32b76e37ed747a23028c6824ca9", "best_bid": "0.01", "best_ask": "0.78"}], "timestamp": "1769384522421", "event_type": "price_change"}}
{"_local_timestamp": "2026-01-25T23:42:02.517790+00:00", "data": {"market": "0x6917d1a8e4452a81e1b6a64d914e06c97d7a3d8c13dad222f02f1c3c553f9f77", "price_changes": [{"asset_id": "87807945395216179742573144139584977408970382048048251075138205909830705046093", "price": "0.13", "size": "20", "side": "BUY", "hash": "9d3efd8b1bfee6a7844ab5ebcf25b3997deaa0ed", "best_bid": "0.22", "best_ask": "0.99"}, {"asset_id": "40551308792363829137667327488025343105891683937406702583668939897296714407119", "price": "0.87", "size": "20", "side": "SELL", "hash": "2dafb747ec80588b22a35b055790df519f026a08", "best_bid": "0.01", "best_ask": "0.78"}], "timestamp": "1769384522444", "event_type": "price_change"}}
{"_local_timestamp": "2026-01-25T23:42:03.900809+00:00", "data": {"market": "0x6917d1a8e4452a81e1b6a64d914e06c97d7a3d8c13dad222f02f1c3c553f9f77", "price_changes": [{"asset_id": "87807945395216179742573144139584977408970382048048251075138205909830705046093", "price": "0.13", "size": "26.42", "side": "BUY", "hash": "f35889859d9ecb3c8f93d30e27459d5d5344c18b", "best_bid": "0.22", "best_ask": "0.99"}, {"asset_id": "40551308792363829137667327488025343105891683937406702583668939897296714407119", "price": "0.87", "size": "26.42", "side": "SELL", "hash": "0a3586a64907fcf8b4cd0d98169bdd85cc2c0b13", "best_bid": "0.01", "best_ask": "0.78"}], "timestamp": "1769384523831", "event_type": "price_change"}}
{"_local_timestamp": "2026-01-25T23:42:04.315791+00:00", "data": {"market": "0x6917d1a8e4452a81e1b6a64d914e06c97d7a3d8c13dad222f02f1c3c553f9f77", "price_changes": [{"asset_id": "87807945395216179742573144139584977408970382048048251075138205909830705046093", "price": "0.13", "size": "6.42", "side": "BUY", "hash": "95c72437e31d8bbf2f7c2120f41c072458fbf4d8", "best_bid": "0.22", "best_ask": "0.99"}, {"asset_id": "40551308792363829137667327488025343105891683937406702583668939897296714407119", "price": "0.87", "size": "6.42", "side": "SELL", "hash": "3ccde03626783b1d7c8291c45ea59d792140c9a9", "best_bid": "0.01", "best_ask": "0.78"}], "timestamp": "1769384524251", "event_type": "price_change"}}
{"_local_timestamp": "2026-01-25T23:42:04.345717+00:00", "data": {"market": "0x6917d1a8e4452a81e1b6a64d914e06c97d7a3d8c13dad222f02f1c3c553f9f77", "price_changes": [{"asset_id": "87807945395216179742573144139584977408970382048048251075138205909830705046093", "price": "0.14", "size": "20", "side": "BUY", "hash": "8710ecd6811251c600b0d99ba18d586e341e6d67", "best_bid": "0.22", "best_ask": "0.99"}, {"asset_id": "40551308792363829137667327488025343105891683937406702583668939897296714407119", "price": "0.86", "size": "20", "side": "SELL", "hash": "a056494e622717c2234aab482d5bee02bcfea57f", "best_bid": "0.01", "best_ask": "0.78"}], "timestamp": "1769384524275", "event_type": "price_change"}}
{"_local_timestamp": "2026-01-25T23:42:42.670630+00:00", "data": {"market": "0x18d3a6528371e1ea16cd50f955f0f45ea61c4c90a705a4f33d10eb02e9382f40", "price_changes": [{"asset_id": "38990186148244122940034723111578799391435093530753406981386858085605616561388", "price": "0.08", "size": "0", "side": "BUY", "hash": "97aed0a5c0f22ea560e06712cf93ea61a0ffbf84", "best_bid": "0.18", "best_ask": "0.99"}, {"asset_id": "74411316557747666500421594653786522727693050285806148564958601319794851088245", "price": "0.92", "size": "0", "side": "SELL", "hash": "39f95dd9b0b514c95f119cecdded642ec5a5cda1", "best_bid": "0.01", "best_ask": "0.82"}], "timestamp": "1769384562555", "event_type": "price_change"}}
{"_local_timestamp": "2026-01-25T23:42:43.102679+00:00", "data": {"market": "0x18d3a6528371e1ea16cd50f955f0f45ea61c4c90a705a4f33d10eb02e9382f40", "price_changes": [{"asset_id": "38990186148244122940034723111578799391435093530753406981386858085605616561388", "price": "0.19", "size": "66.66", "side": "BUY", "hash": "514882d0c56a0a0f1544e5fcdae45a9acc9aec90", "best_bid": "0.19", "best_ask": "0.99"}, {"asset_id": "74411316557747666500421594653786522727693050285806148564958601319794851088245", "price": "0.81", "size": "66.66", "side": "SELL", "hash": "e311797cb6b99b86ceb482499b6338ea8f46de22", "best_bid": "0.01", "best_ask": "0.81"}], "timestamp": "1769384562991", "event_type": "price_change"}}
