{"_local_timestamp": "2026-01-25T23:40:37.772696+00:00", "data": [{"market": "0x18d3a6528371e1ea16cd50f955f0f45ea61c4c90a705a4f33d10eb02e9382f40", "asset_id": "74411316557747666500421594653786522727693050285806148564958601319794851088245", "timestamp": "1769384432715", "hash": "416e2862ee116d3464d43cd93296d4a6a3a40325", "bids": [{"price": "0.01", "size": "132"}], "asks": [{"price": "0.99", "size": "81.1"}, {"price": "0.98", "size": "33.86"}, {"price": "0.95", "size": "30"}, {"price": "0.94", "size": "33"}, {"price": "0.93", "size": "5.29"}, {"price": "0.92", "size": "66.66"}, {"price": "0.91", "size": "33"}, {"price": "0.9", "size": "8.08"}, {"price": "0.88", "size": "66.66"}, {"price": "0.87", "size": "20"}, {"price": "0.85", "size": "79"}, {"price": "0.84", "size": "79"}, {"price": "0.82", "size": "20"}], "event_type": "book", "last_trade_price": ""}, {"market": "0xd2481bf85502225a8cfe44cdb7156dc3d8c4e73dc3b287c3177549ceb151f29a", "asset_id": "42430375238711345501217551251109466198058910710344686175806368605561587220225", "timestamp": "1769384344637", "hash": "cb0a533113734c070e8ea4cdd3aac7d23d849fff", "bids": [{"price": "0.01", "size": "138.74"}, {"price": "0.02", "size": "61.53"}, {"price": "0.03", "size": "37.37"}, {"price": "0.04", "size": "15.38"}, {"price": "0.05", "size": "10"}, {"price": "0.06", "size": "82.66"}, {"price": "0.07", "size": "10.26"}, {"price": "0.09", "size": "60.66"}], "asks": [{"price": "0.99", "size": "72.32"}, {"price": "0.98", "size": "12.96"}, {"price": "0.97", "size": "700"}, {"price": "0.96", "size": "200"}, {"price": "0.95", "size": "220"}, {"price": "0.94", "size": "233"}, {"price": "0.93", "size": "21.01"}, {"price": "0.89", "size": "66.66"}, {"price": "0.82", "size": "72.21"}], "event_type": "book", "last_trade_price": ""}, {"market": "0x6917d1a8e4452a81e1b6a64d914e06c97d7a3d8c13dad222f02f1c3c553f9f77", "asset_id": "40551308792363829137667327488025343105891683937406702583668939897296714407119", "timestamp": "1769384287269", "hash": "696536f0bc6838d77621e4c554c6b1d63e43f7f7", "bids": [{"price": "0.01", "size": "118"}], "asks": [{"price": "0.99", "size": "81.12"}, {"price": "0.98", "size": "29.51"}, {"price": "0.95", "size": "30"}, {"price": "0.94", "size": "33"}, {"price": "0.93", "size": "6.14"}, {"price": "0.89", "size": "66.66"}, {"price": "0.88", "size": "16"}, {"price": "0.87", "size": "6.42"}, {"price": "0.86", "size": "20"}, {"price": "0.79", "size": "33"}, {"price": "0.78", "size": "66.66"}], "event_type": "book", "last_trade_price": ""}, {"market": "0xd2481bf85502225a8cfe44cdb7156dc3d8c4e73dc3b287c3177549ceb151f29a", "asset_id": "34475253243349438142961886130741254711175374818336361684130855418926927945608", "timestamp": "1769384344637", "hash": "5d30230cf922e017c78f2002b89072ace49c4ff8", "bids": [{"price": "0.01", "size": "72.32"}, {"price": "0.02", "size": "12.96"}, {"price": "0.03", "size": "700"}, {"price": "0.04", "size": "200"}, {"price": "0.05", "size": "220"}, {"price": "0.06", "size": "233"}, {"price": "0.07", "size": "21.01"}, {"price": "0.11", "size": "66.66"}, {"price": "0.18", "size": "72.21"}], "asks": [{"price": "0.99", "size": "138.74"}, {"price": "0.98", "size": "61.53"}, {"price": "0.97", "size": "37.37"}, {"price": "0.96", "size": "15.38"}, {"price": "0.95", "size": "10"}, {"price": "0.94", "size": "82.66"}, {"price": "0.93", "size": "10.26"}, {"price": "0.91", "size": "60.66"}], "event_type": "book", "last_trade_price": ""}, {"market": "0x6917d1a8e4452a81e1b6a64d914e06c97d7a3d8c13dad222f02f1c3c553f9f77", "asset_id": "87807945395216179742573144139584977408970382048048251075138205909830705046093", "timestamp": "1769384287269", "hash": "8a9f0d13c41323ccd63b7cb4428abdf9f794269c", "bids": [{"price": "0.01", "size": "81.12"}, {"price": "0.02", "size": "29.51"}, {"price": "0.05", "size": "30"}, {"price": "0.06", "size": "33"}, {"price": "0.07", "size": "6.14"}, {"price": "0.11", "size": "66.66"}, {"price": "0.12", "size": "16"}, {"price": "0.13", "size": "6.42"}, {"price": "0.14", "size": "20"}, {"price": "0.21", "size": "33"}, {"price": "0.22", "size": "66.66"}], "asks": [{"price": "0.99", "size": "118"}], "event_type": "book", "last_trade_price": ""}, {"market": "0x18d3a6528371e1ea16cd50f955f0f45ea61c4c90a705a4f33d10eb02e9382f40", "asset_id": "38990186148244122940034723111578799391435093530753406981386858085605616561388", "timestamp": "1769384432715", "hash": "400107e4b28fa4205794196d8a65fe9bcd1e503b", "bids": [{"price": "0.01", "size": "81.1"}, {"price": "0.02", "size": "33.86"}, {"price": "0.05", "size": "30"}, {"price": "0.06", "size": "33"}, {"price": "0.07", "size": "5.29"}, {"price": "0.08", "size": "66.66"}, {"price": "0.09", "size": "33"}, {"price": "0.1", "size": "8.08"}, {"price": "0.12", "size": "66.66"}, {"price": "0.13", "size": "20"}, {"price": "0.15", "size": "79"}, {"price": "0.16", "size": "79"}, {"price": "0.18", "size": "20"}], "asks": [{"price": "0.99", "size": "132"}], "event_type": "book", "last_trade_price": ""}]}
{"_local_timestamp": "2026-01-25T23:40:52.966735+00:00", "data": {"market": "0x18d3a6528371e1ea16cd50f955f0f45ea61c4c90a705a4f33d10eb02e9382f40", "price_changes": [{"asset_id": "38990186148244122940034723111578799391435093530753406981386858085605616561388", "price": "0.15", "size": "0", "side": "BUY", "hash": "4b37925e4ae3567ff1f27e3c8926316ff96699ff", "best_bid": "0.18", "best_ask": "0.99"}, {"asset_id": "74411316557747666500421594653786522727693050285806148564958601319794851088245", "price": "0.85", "size": "0", "side": "SELL", "hash": "ea5f9676acfffea3bf37d7e9a87f88c35bb72cfb", "best_bid": "0.01", "best_ask": "0.82"}], "timestamp": "1769384452899", "event_type": "price_change"}}
