{"_local_timestamp": "2026-01-25T23:33:38.195537+00:00", "data": [{"market": "0xeb85e2b50d4d691325f8e906fff3ab156ad7d2b4086d7b5c19108d601969c628", "asset_id": "34645116342944064409326467678914155626386949325571132757704393658949138736927", "timestamp": "1769384013535", "hash": "db28d88866f418adcd8962bcd6579c7bd36021fe", "bids": [{"price": "0.01", "size": "7010"}, {"price": "0.02", "size": "4257.32"}, {"price": "0.03", "size": "1250"}, {"price": "0.04", "size": "757.7"}, {"price": "0.05", "size": "431.57"}, {"price": "0.06", "size": "250"}, {"price": "0.07", "size": "206.57"}, {"price": "0.08", "size": "251"}, {"price": "0.09", "size": "6.06"}, {"price": "0.1", "size": "519.41"}, {"price": "0.11", "size": "6.47"}, {"price": "0.12", "size": "8.62"}, {"price": "0.13", "size": "11.49"}, {"price": "0.14", "size": "2237.32"}, {"price": "0.15", "size": "538.87"}, {"price": "0.16", "size": "3724.24"}, {"price": "0.17", "size": "2258.32"}, {"price": "0.18", "size": "1821.43"}, {"price": "0.19", "size": "463.17"}, {"price": "0.2", "size": "671.66"}, {"price": "0.21", "size": "2398"}, {"price": "0.22", "size": "2951.62"}, {"price": "0.23", "size": "5474"}, {"price": "0.24", "size": "11518.68"}], "asks": [{"price": "0.99", "size": "5059.78"}, {"price": "0.98", "size": "4300"}, {"price": "0.97", "size": "258.03"}, {"price": "0.95", "size": "810"}, {"price": "0.92", "size": "750"}, {"price": "0.91", "size": "7.34"}, {"price": "0.89", "size": "634.09"}, {"price": "0.85", "size": "213.33"}, {"price": "0.82", "size": "1138"}, {"price": "0.81", "size": "147.36"}, {"price": "0.79", "size": "50"}, {"price": "0.77", "size": "113.04"}, {"price": "0.76", "size": "1748"}, {"price": "0.73", "size": "88.88"}, {"price": "0.71", "size": "4052"}, {"price": "0.7", "size": "72.66"}, {"price": "0.66", "size": "125"}, {"price": "0.3", "size": "22.85"}, {"price": "0.29", "size": "3689.94"}, {"price": "0.28", "size": "385.55"}, {"price": "0.27", "size": "917.16"}, {"price": "0.26", "size": "2865.55"}, {"price": "0.25", "size": "1694.54"}], "event_type": "book", "last_trade_price": "0.760"}, {"market": "0xeb85e2b50d4d691325f8e906fff3ab156ad7d2b4086d7b5c19108d601969c628", "asset_id": "108818021198185124723069411021397722136577696653894071789416255025867153135950", "timestamp": "1769384013535", "hash": "300950a9eb8672ae9546609083bf69441b7c03f2", "bids": [{"price": "0.01", "size": "5059.78"}, {"price": "0.02", "size": "4300"}, {"price": "0.03", "size": "258.03"}, {"price": "0.05", "size": "810"}, {"price": "0.08", "size": "750"}, {"price": "0.09", "size": "7.34"}, {"price": "0.11", "size": "634.09"}, {"price": "0.15", "size": "213.33"}, {"price": "0.18", "size": "1138"}, {"price": "0.19", "size": "147.36"}, {"price": "0.21", "size": "50"}, {"price": "0.23", "size": "113.04"}, {"price": "0.24", "size": "1748"}, {"price": "0.27", "size": "88.88"}, {"price": "0.29", "size": "4052"}, {"price": "0.3", "size": "72.66"}, {"price": "0.34", "size": "125"}, {"price": "0.7", "size": "22.85"}, {"price": "0.71", "size": "3689.94"}, {"price": "0.72", "size": "385.55"}, {"price": "0.73", "size": "917.16"}, {"price": "0.74", "size": "2865.55"}, {"price": "0.75", "size": "1694.54"}], "asks": [{"price": "0.99", "size": "7010"}, {"price": "0.98", "size": "4257.32"}, {"price": "0.97", "size": "1250"}, {"price": "0.96", "size": "757.7"}, {"price": "0.95", "size": "431.57"}, {"price": "0.94", "size": "250"}, {"price": "0.93", "size": "206.57"}, {"price": "0.92", "size": "251"}, {"price": "0.91", "size": "6.06"}, {"price": "0.9", "size": "519.41"}, {"price": "0.89", "size": "6.47"}, {"price": "0.88", "size": "8.62"}, {"price": "0.87", "size": "11.49"}, {"price": "0.86", "size": "2237.32"}, {"price": "0.85", "size": "538.87"}, {"price": "0.84", "size": "3724.24"}, {"price": "0.83", "size": "2258.32"}, {"price": "0.82", "size": "1821.43"}, {"price": "0.81", "size": "463.17"}, {"price": "0.8", "size": "671.66"}, {"price": "0.79", "size": "2398"}, {"price": "0.78", "size": "2951.62"}, {"price": "0.77", "size": "5474"}, {"price": "0.76", "size": "11518.68"}], "event_type": "book", "last_trade_price": "0.760"}]}
{"_local_timestamp": "2026-01-25T23:34:20.020359+00:00", "data": {"market": "0xeb85e2b50d4d691325f8e906fff3ab156ad7d2b4086d7b5c19108d601969c628", "price_changes": [{"asset_id": "108818021198185124723069411021397722136577696653894071789416255025867153135950", "price": "0.24", "size": "0", "side": "BUY", "hash": "986008c33140bebee063f9b7d0c5d2740b717d2a", "best_bid": "0.75", "best_ask": "0.76"}, {"asset_id": "34645116342944064409326467678914155626386949325571132757704393658949138736927", "price": "0.76", "size": "0", "side": "SELL", "hash": "38f343c0dbaa5bfd5ad92bd7bb7d2033cf648235", "best_bid": "0.24", "best_ask": "0.25"}], "timestamp": "1769384059756", "event_type": "price_change"}}
{"_local_timestamp": "2026-01-25T23:34:42.709636+00:00", "data": {"market": "0xeb85e2b50d4d691325f8e906fff3ab156ad7d2b4086d7b5c19108d601969c628", "price_changes": [{"asset_id": "108818021198185124723069411021397722136577696653894071789416255025867153135950", "price": "0.29", "size": "200", "side": "BUY", "hash": "580042a0e54753c9bb264cacb6262224209353e0", "best_bid": "0.75", "best_ask": "0.76"}, {"asset_id": "34645116342944064409326467678914155626386949325571132757704393658949138736927", "price": "0.71", "size": "200", "side": "SELL", "hash": "0f6ca7ada7d79c1cd159ecd56707c252eb896c7f", "best_bid": "0.24", "best_ask": "0.25"}], "timestamp": "1769384082631", "event_type": "price_change"}}
{"_local_timestamp": "2026-01-25T23:34:42.865845+00:00", "data": {"market": "0xeb85e2b50d4d691325f8e906fff3ab156ad7d2b4086d7b5c19108d601969c628", "price_changes": [{"asset_id": "108818021198185124723069411021397722136577696653894071789416255025867153135950", "price": "0.3", "size": "3798.66", "side": "BUY", "hash": "e3030289a77d303ef6e681bc5bc5e7733e01cfb1", "best_bid": "0.75", "best_ask": "0.76"}, {"asset_id": "34645116342944064409326467678914155626386949325571132757704393658949138736927", "price": "0.7", "size": "3798.66", "side": "SELL", "hash": "f6dc5d3b0fa2a3a7b021510728c9a04201a47483", "best_bid": "0.24", "best_ask": "0.25"}], "timestamp": "1769384082797", "event_type": "price_change"}}
{"_local_timestamp": "2026-01-25T23:35:28.915810+00:00", "data": {"market": "0xeb85e2b50d4d691325f8e906fff3ab156ad7d2b4086d7b5c19108d601969c628", "price_changes": [{"asset_id": "108818021198185124723069411021397722136577696653894071789416255025867153135950", "price": "0.19", "size": "2357.36", "side": "BUY", "hash": "48db8f44629c79c193461f9d3130339477114345", "best_bid": "0.75", "best_ask": "0.76"}, {"asset_id": "34645116342944064409326467678914155626386949325571132757704393658949138736927", "price": "0.81", "size": "2357.36", "side": "SELL", "hash": "71a1eca4612914ebc117ed24d5891824bf5786f8", "best_bid": "0.24", "best_ask": "0.25"}], "timestamp": "1769384128834", "event_type": "price_change"}}
{"_local_timestamp": "2026-01-25T23:35:56.409633+00:00", "data": {"market": "0xeb85e2b50d4d691325f8e906fff3ab156ad7d2b4086d7b5c19108d601969c628", "price_changes": [{"asset_id": "108818021198185124723069411021397722136577696653894071789416255025867153135950", "price": "0.21", "size": "0", "side": "BUY", "hash": "b7068501a8317ecc5f40b7c6e843abd2e7053d7d", "best_bid": "0.75", "best_ask": "0.76"}, {"asset_id": "34645116342944064409326467678914155626386949325571132757704393658949138736927", "price": "0.79", "size": "0", "side": "SELL", "hash": "62095c750077533f791edb65369438ef229db433", "best_bid": "0.24", "best_ask": "0.25"}], "timestamp": "1769384156287", "event_type": "price_change"}}
{"_local_timestamp": "2026-01-25T23:35:56.872662+00:00", "data": {"market": "0xeb85e2b50d4d691325f8e906fff3ab156ad7d2b4086d7b5c19108d601969c628", "price_changes": [{"asset_id": "108818021198185124723069411021397722136577696653894071789416255025867153135950", "price": "0.24", "size": "50", "side": "BUY", "hash": "b2b92f59c03c3b099dfcb0fb6a5848d541973968", "best_bid": "0.75", "best_ask": "0.76"}, {"asset_id": "34645116342944064409326467678914155626386949325571132757704393658949138736927", "price": "0.76", "size": "50", "side": "SELL", "hash": "b299bbe3e3388bad897da3adb82a329b57b54d1e", "best_bid": "0.24", "best_ask": "0.25"}], "timestamp": "1769384156740", "event_type": "price_change"}}
{"_local_timestamp": "2026-01-25T23:36:01.401383+00:00", "data": {"market": "0xeb85e2b50d4d691325f8e906fff3ab156ad7d2b4086d7b5c19108d601969c628", "price_changes": [{"asset_id": "34645116342944064409326467678914155626386949325571132757704393658949138736927", "price": "0.16", "size": "3767.24", "side": "BUY", "hash": "2e9f61e7c3374e88ddc120a542a59120a7bde34e", "best_bid": "0.24", "best_ask": "0.25"}, {"asset_id": "108818021198185124723069411021397722136577696653894071789416255025867153135950", "price": "0.84", "size": "3767.24", "side": "SELL", "hash": "57b3e14d40fa4f1d9fe26e9b208dfa470b4091ff", "best_bid": "0.75", "best_ask": "0.76"}], "timestamp": "1769384161330", "event_type": "price_change"}}
{"_local_timestamp": "2026-01-25T23:36:01.401767+00:00", "data": {"market": "0xeb85e2b50d4d691325f8e906fff3ab156ad7d2b4086d7b5c19108d601969c628", "price_changes": [{"asset_id": "34645116342944064409326467678914155626386949325571132757704393658949138736927", "price": "0.2", "size": "676.66", "side": "BUY", "hash": "1496f7a1162e64e7bff3311a5e28ce51b2d63782", "best_bid": "0.24", "best_ask": "0.25"}, {"asset_id": "108818021198185124723069411021397722136577696653894071789416255025867153135950", "price": "0.8", "size": "676.66", "side": "SELL", "hash": "192f1c8ba8c9e5281ffa1bbe5d739b2cfec18793", "best_bid": "0.75", "best_ask": "0.76"}], "timestamp": "1769384161331", "event_type": "price_change"}}
{"_local_timestamp": "2026-01-25T23:36:01.402137+00:00", "data": {"market": "0xeb85e2b50d4d691325f8e906fff3ab156ad7d2b4086d7b5c19108d601969c628", "price_changes": [{"asset_id": "34645116342944064409326467678914155626386949325571132757704393658949138736927", "price": "0.18", "size": "1837.43", "side": "BUY", "hash": "06dcaa422ae7ad763e9247a7b49f044e4b44af41", "best_bid": "0.24", "best_ask": "0.25"}, {"asset_id": "108818021198185124723069411021397722136577696653894071789416255025867153135950", "price": "0.82", "size": "1837.43", "side": "SELL", "hash": "7d2eb9e52320aa0bb1f1fdb99f8cd3d305ce2251", "best_bid": "0.75", "best_ask": "0.76"}], "timestamp": "1769384161331", "event_type": "price_change"}}
{"_local_timestamp": "2026-01-25T23:36:05.070828+00:00", "data": {"market": "0xeb85e2b50d4d691325f8e906fff3ab156ad7d2b4086d7b5c19108d601969c628", "price_changes": [{"asset_id": "34645116342944064409326467678914155626386949325571132757704393658949138736927", "price": "0.21", "size": "2373", "side": "BUY", "hash": "ecf23d3844c949ca5c317421f2dc0bf8c44f8f54", "best_bid": "0.24", "best_ask": "0.25"}, {"asset_id": "108818021198185124723069411021397722136577696653894071789416255025867153135950", "price": "0.79", "size": "2373", "side": "SELL", "hash": "32fc174fdd588f2653b133709877eac14da021c1", "best_bid": "0.75", "best_ask": "0.76"}], "timestamp": "1769384165000", "event_type": "price_change"}}
{"_local_timestamp": "2026-01-25T23:36:18.982012+00:00", "data": {"market": "0xeb85e2b50d4d691325f8e906fff3ab156ad7d2b4086d7b5c19108d601969c628", "price_changes": [{"asset_id": "34645116342944064409326467678914155626386949325571132757704393658949138736927", "price": "0.21", "size": "2398", "side": "BUY", "hash": "bb7d06c009a029368ef2b22dbbba0a6afc180fd9", "best_bid": "0.24", "best_ask": "0.25"}, {"asset_id": "108818021198185124723069411021397722136577696653894071789416255025867153135950", "price": "0.79", "size": "2398", "side": "SELL", "hash": "ea759442ce2f4bd46b5d229ab21186d7a6de89c0", "best_bid": "0.75", "best_ask": "0.76"}], "timestamp": "1769384178913", "event_type": "price_change"}}
{"_local_timestamp": "2026-01-25T23:37:13.123614+00:00", "data": {"market": "0xeb85e2b50d4d691325f8e906fff3ab156ad7d2b4086d7b5c19108d601969c628", "price_changes": [{"asset_id": "108818021198185124723069411021397722136577696653894071789416255025867153135950", "price": "0.29", "size": "150", "side": "BUY", "hash": "afad80bfe4c8131ed81fb3e6077b3805021114fc", "best_bid": "0.75", "best_ask": "0.76"}, {"asset_id": "34645116342944064409326467678914155626386949325571132757704393658949138736927", "price": "0.71", "size": "150", "side": "SELL", "hash": "8c7942d8e08856218ec370971d5d49298d87f895", "best_bid": "0.24", "best_ask": "0.25"}], "timestamp": "1769384233005", "event_type": "price_change"}}
{"_local_timestamp": "2026-01-25T23:37:13.126930+00:00", "data": {"market": "0xeb85e2b50d4d691325f8e906fff3ab156ad7d2b4086d7b5c19108d601969c628", "price_changes": [{"asset_id": "108818021198185124723069411021397722136577696653894071789416255025867153135950", "price": "0.18", "size": "1038", "side": "BUY", "hash": "afad80bfe4c8131ed81fb3e6077b3805021114fc", "best_bid": "0.75", "best_ask": "0.76"}, {"asset_id": "34645116342944064409326467678914155626386949325571132757704393658949138736927", "price": "0.82", "size": "1038", "side": "SELL", "hash": "8c7942d8e08856218ec370971d5d49298d87f895", "best_bid": "0.24", "best_ask": "0.25"}], "timestamp": "1769384233005", "event_type": "price_change"}}
{"_local_timestamp": "2026-01-25T23:37:13.476643+00:00", "data": {"market": "0xeb85e2b50d4d691325f8e906fff3ab156ad7d2b4086d7b5c19108d601969c628", "price_changes": [{"asset_id": "108818021198185124723069411021397722136577696653894071789416255025867153135950", "price": "0.19", "size": "2457.36", "side": "BUY", "hash": "81a8c634ac299510973b21f3a64efd6b1a4240c5", "best_bid": "0.75", "best_ask": "0.76"}, {"asset_id": "34645116342944064409326467678914155626386949325571132757704393658949138736927", "price": "0.81", "size": "2457.36", "side": "SELL", "hash": "f19d10f665428cbd66bef0eb0c50de0ffb3cd8dc", "best_bid": "0.24", "best_ask": "0.25"}], "timestamp": "1769384233371", "event_type": "price_change"}}
{"_local_timestamp": "2026-01-25T23:37:13.562568+00:00", "data": {"market": "0xeb85e2b50d4d691325f8e906fff3ab156ad7d2b4086d7b5c19108d601969c628", "price_changes": [{"asset_id": "108818021198185124723069411021397722136577696653894071789416255025867153135950", "price": "0.3", "size": "3848.66", "side": "BUY", "hash": "67a785f51efc07906efbec90e335b2c529160c61", "best_bid": "0.75", "best_ask": "0.76"}, {"asset_id": "34645116342944064409326467678914155626386949325571132757704393658949138736927", "price": "0.7", "size": "3848.66", "side": "SELL", "hash": "9f7b351e5685472e0814f03adb0552c5871d09d0", "best_bid": "0.24", "best_ask": "0.25"}], "timestamp": "1769384233396", "event_type": "price_change"}}
{"_local_timestamp": "2026-01-25T23:38:21.334828+00:00", "data": {"market": "0xeb85e2b50d4d691325f8e906fff3ab156ad7d2b4086d7b5c19108d601969c628", "price_changes": [{"asset_id": "108818021198185124723069411021397722136577696653894071789416255025867153135950", "price": "0.29", "size": "100", "side": "BUY", "hash": "a73faa9f0932999dbec8b23352dc83adedac3fb5", "best_bid": "0.75", "best_ask": "0.76"}, {"asset_id": "34645116342944064409326467678914155626386949325571132757704393658949138736927", "price": "0.71", "size": "100", "side": "SELL", "hash": "99295beba0b38159c1e32c7f4e2d41095ddf802b", "best_bid": "0.24", "best_ask": "0.25"}], "timestamp": "1769384301134", "event_type": "price_change"}}
{"_local_timestamp": "2026-01-25T23:38:21.335732+00:00", "data": {"market": "0xeb85e2b50d4d691325f8e906fff3ab156ad7d2b4086d7b5c19108d601969c628", "price_changes": [{"asset_id": "108818021198185124723069411021397722136577696653894071789416255025867153135950", "price": "0.24", "size": "0", "side": "BUY", "hash": "a73faa9f0932999dbec8b23352dc83adedac3fb5", "best_bid": "0.75", "best_ask": "0.76"}, {"asset_id": "34645116342944064409326467678914155626386949325571132757704393658949138736927", "price": "0.76", "size": "0", "side": "SELL", "hash": "99295beba0b38159c1e32c7f4e2d41095ddf802b", "best_bid": "0.24", "best_ask": "0.25"}], "timestamp": "1769384301134", "event_type": "price_change"}}
{"_local_timestamp": "2026-01-25T23:38:21.682033+00:00", "data": {"market": "0xeb85e2b50d4d691325f8e906fff3ab156ad7d2b4086d7b5c19108d601969c628", "price_changes": [{"asset_id": "108818021198185124723069411021397722136577696653894071789416255025867153135950", "price": "0.23", "size": "163.04", "side": "BUY", "hash": "83c6a0080bdc893521e5c8da43dce65d822b615d", "best_bid": "0.75", "best_ask": "0.76"}, {"asset_id": "34645116342944064409326467678914155626386949325571132757704393658949138736927", "price": "0.77", "size": "163.04", "side": "SELL", "hash": "8ffafd09c2e11bcb5094350798d9241b2ac22809", "best_bid": "0.24", "best_ask": "0.25"}], "timestamp": "1769384301499", "event_type": "price_change"}}
{"_local_timestamp": "2026-01-25T23:38:21.698234+00:00", "data": {"market": "0xeb85e2b50d4d691325f8e906fff3ab156ad7d2b4086d7b5c19108d601969c628", "price_changes": [{"asset_id": "108818021198185124723069411021397722136577696653894071789416255025867153135950", "price": "0.3", "size": "3898.66", "side": "BUY", "hash": "31029352390d8b2a1d421ec3683561bb6fe64007", "best_bid": "0.75", "best_ask": "0.76"}, {"asset_id": "34645116342944064409326467678914155626386949325571132757704393658949138736927", "price": "0.7", "size": "3898.66", "side": "SELL", "hash": "2d56e57cf390b1a7dd6ae83e674a41a47c4e904b", "best_bid": "0.24", "best_ask": "0.25"}], "timestamp": "1769384301515", "event_type": "price_change"}}
{"_local_timestamp": "2026-01-25T23:38:51.131118+00:00", "data": {"market": "0xeb85e2b50d4d691325f8e906fff3ab156ad7d2b4086d7b5c19108d601969c628", "price_changes": [{"asset_id": "34645116342944064409326467678914155626386949325571132757704393658949138736927", "price": "0.21", "size": "2146", "side": "BUY", "hash": "77b6cda7a6118faaed9b9d261db2722e1589ed73", "best_bid": "0.24", "best_ask": "0.25"}, {"asset_id": "108818021198185124723069411021397722136577696653894071789416255025867153135950", "price": "0.79", "size": "2146", "side": "SELL", "hash": "dbc5a48089d36475ef8fbf5c9c76d92252903a18", "best_bid": "0.75", "best_ask": "0.76"}], "timestamp": "1769384331006", "event_type": "price_change"}}
{"_local_timestamp": "2026-01-25T23:38:55.523571+00:00", "data": {"market": "0xeb85e2b50d4d691325f8e906fff3ab156ad7d2b4086d7b5c19108d601969c628", "price_changes": [{"asset_id": "34645116342944064409326467678914155626386949325571132757704393658949138736927", "price": "0.21", "size": "2398", "side": "BUY", "hash": "3ecb11fd29aa8b8a5b693945392583c4a0a300c2", "best_bid": "0.24", "best_ask": "0.25"}, {"asset_id": "108818021198185124723069411021397722136577696653894071789416255025867153135950", "price": "0.79", "size": "2398", "side": "SELL", "hash": "2361314a0387d38a72455fc2991b72776a7da950", "best_bid": "0.75", "best_ask": "0.76"}], "timestamp": "1769384335455", "event_type": "price_change"}}
{"_local_timestamp": "2026-01-25T23:39:20.429181+00:00", "data": {"market": "0xeb85e2b50d4d691325f8e906fff3ab156ad7d2b4086d7b5c19108d601969c628", "price_changes": [{"asset_id": "108818021198185124723069411021397722136577696653894071789416255025867153135950", "price": "0.19", "size": "247.36", "side": "BUY", "hash": "26678295c55b3d9ab5495d7dfe4b8290d33a6fa3", "best_bid": "0.75", "best_ask": "0.76"}, {"asset_id": "34645116342944064409326467678914155626386949325571132757704393658949138736927", "price": "0.81", "size": "247.36", "side": "SELL", "hash": "2b89a00e47e01a864fa87ce383193ef71d4da2e5", "best_bid": "0.24", "best_ask": "0.25"}], "timestamp": "1769384360332", "event_type": "price_change"}}
{"_local_timestamp": "2026-01-25T23:39:22.401115+00:00", "data": {"market": "0xeb85e2b50d4d691325f8e906fff3ab156ad7d2b4086d7b5c19108d601969c628", "price_changes": [{"asset_id": "108818021198185124723069411021397722136577696653894071789416255025867153135950", "price": "0.29", "size": "0", "side": "BUY", "hash": "bdecc4da33fd9952b5bd92784c37fc4261002546", "best_bid": "0.75", "best_ask": "0.76"}, {"asset_id": "34645116342944064409326467678914155626386949325571132757704393658949138736927", "price": "0.71", "size": "0", "side": "SELL", "hash": "ffebc1ce3580fee223ada7c223b8511ecf16b13d", "best_bid": "0.24", "best_ask": "0.25"}], "timestamp": "1769384362204", "event_type": "price_change"}}
{"_local_timestamp": "2026-01-25T23:39:22.409461+00:00", "data": {"market": "0xeb85e2b50d4d691325f8e906fff3ab156ad7d2b4086d7b5c19108d601969c628", "price_changes": [{"asset_id": "108818021198185124723069411021397722136577696653894071789416255025867153135950", "price": "0.18", "size": "888", "side": "BUY", "hash": "bdecc4da33fd9952b5bd92784c37fc4261002546", "best_bid": "0.75", "best_ask": "0.76"}, {"asset_id": "34645116342944064409326467678914155626386949325571132757704393658949138736927", "price": "0.82", "size": "888", "side": "SELL", "hash": "ffebc1ce3580fee223ada7c223b8511ecf16b13d", "best_bid": "0.24", "best_ask": "0.25"}], "timestamp": "1769384362204", "event_type": "price_change"}}
{"_local_timestamp": "2026-01-25T23:39:22.866259+00:00", "data": {"market": "0xeb85e2b50d4d691325f8e906fff3ab156ad7d2b4086d7b5c19108d601969c628", "price_changes": [{"asset_id": "108818021198185124723069411021397722136577696653894071789416255025867153135950", "price": "0.19", "size": "397.36", "side": "BUY", "hash": "a3b26e1ef367663e5afcb4619980ef0b82c955da", "best_bid": "0.75", "best_ask": "0.76"}, {"asset_id": "34645116342944064409326467678914155626386949325571132757704393658949138736927", "price": "0.81", "size": "397.36", "side": "SELL", "hash": "7b9714aecfed9686d24dae94d529a725b235b115", "best_bid": "0.24", "best_ask": "0.25"}], "timestamp": "1769384362693", "event_type": "price_change"}}
{"_local_timestamp": "2026-01-25T23:39:23.031735+00:00", "data": {"market": "0xeb85e2b50d4d691325f8e906fff3ab156ad7d2b4086d7b5c19108d601969c628", "price_changes": [{"asset_id": "108818021198185124723069411021397722136577696653894071789416255025867153135950", "price": "0.3", "size": "3998.66", "side": "BUY", "hash": "f8f546f6ab25cbc4e3411af27a763fd222ead9dd", "best_bid": "0.75", "best_ask": "0.76"}, {"asset_id": "34645116342944064409326467678914155626386949325571132757704393658949138736927", "price": "0.7", "size": "3998.66", "side": "SELL", "hash": "8f16d21921e025159719c5e539e2c0456111a135", "best_bid": "0.24", "best_ask": "0.25"}], "timestamp": "1769384362770", "event_type": "price_change"}}
{"_local_timestamp": "2026-01-25T23:39:38.050261+00:00", "data": {"market": "0xeb85e2b50d4d691325f8e906fff3ab156ad7d2b4086d7b5c19108d601969c628", "price_changes": [{"asset_id": "108818021198185124723069411021397722136577696653894071789416255025867153135950", "price": "0.24", "size": "1748", "side": "BUY", "hash": "0bea824178cb7864f22e7802a019a0f3772682cc", "best_bid": "0.75", "best_ask": "0.76"}, {"asset_id": "34645116342944064409326467678914155626386949325571132757704393658949138736927", "price": "0.76", "size": "1748", "side": "SELL", "hash": "9fc21f6a46d611788153c8a4aca641d8d7b837f1", "best_bid": "0.24", "best_ask": "0.25"}], "timestamp": "1769384377984", "event_type": "price_change"}}
{"_local_timestamp": "2026-01-25T23:39:56.106838+00:00", "data": {"market": "0xeb85e2b50d4d691325f8e906fff3ab156ad7d2b4086d7b5c19108d601969c628", "price_changes": [{"asset_id": "34645116342944064409326467678914155626386949325571132757704393658949138736927", "price": "0.2", "size": "646.66", "side": "BUY", "hash": "5ee601f67e7a11070aaca2878ad745fd17cbc927", "best_bid": "0.24", "best_ask": "0.25"}, {"asset_id": "108818021198185124723069411021397722136577696653894071789416255025867153135950", "price": "0.8", "size": "646.66", "side": "SELL", "hash": "b06349bd28a91eb20734d61ddd920ad85bd7a129", "best_bid": "0.75", "best_ask": "0.76"}], "timestamp": "1769384396000", "event_type": "price_change"}}
{"_local_timestamp": "2026-01-25T23:39:56.107385+00:00", "data": {"market": "0xeb85e2b50d4d691325f8e906fff3ab156ad7d2b4086d7b5c19108d601969c628", "price_changes": [{"asset_id": "34645116342944064409326467678914155626386949325571132757704393658949138736927", "price": "0.16", "size": "981.24", "side": "BUY", "hash": "19686e6f8e16611cb5e374f5a0bd3a8f946c5c7b", "best_bid": "0.24", "best_ask": "0.25"}, {"asset_id": "108818021198185124723069411021397722136577696653894071789416255025867153135950", "price": "0.84", "size": "981.24", "side": "SELL", "hash": "c83a5a26a91456e64e00c2700ec0c9013b949c3c", "best_bid": "0.75", "best_ask": "0.76"}], "timestamp": "1769384396003", "event_type": "price_change"}}
{"_local_timestamp": "2026-01-25T23:39:56.107746+00:00", "data": {"market": "0xeb85e2b50d4d691325f8e906fff3ab156ad7d2b4086d7b5c19108d601969c628", "price_changes": [{"asset_id": "34645116342944064409326467678914155626386949325571132757704393658949138736927", "price": "0.18", "size": "599.43", "side": "BUY", "hash": "19686e6f8e16611cb5e374f5a0bd3a8f946c5c7b", "best_bid": "0.24", "best_ask": "0.25"}, {"asset_id": "108818021198185124723069411021397722136577696653894071789416255025867153135950", "price": "0.82", "size": "599.43", "side": "SELL", "hash": "c83a5a26a91456e64e00c2700ec0c9013b949c3c", "best_bid": "0.75", "best_ask": "0.76"}], "timestamp": "1769384396003", "event_type": "price_change"}}
{"_local_timestamp": "2026-01-25T23:40:05.114862+00:00", "data": {"market": "0xeb85e2b50d4d691325f8e906fff3ab156ad7d2b4086d7b5c19108d601969c628", "price_changes": [{"asset_id": "34645116342944064409326467678914155626386949325571132757704393658949138736927", "price": "0.16", "size": "3767.24", "side": "BUY", "hash": "f7b839c7814c20f128c6f1d00d4de29d441db767", "best_bid": "0.24", "best_ask": "0.25"}, {"asset_id": "108818021198185124723069411021397722136577696653894071789416255025867153135950", "price": "0.84", "size": "3767.24", "side": "SELL", "hash": "3bcc4b4177223d7faa471bd1957350f4fa00d4c4", "best_bid": "0.75", "best_ask": "0.76"}], "timestamp": "1769384405049", "event_type": "price_change"}}
{"_local_timestamp": "2026-01-25T23:40:05.123804+00:00", "data": {"market": "0xeb85e2b50d4d691325f8e906fff3ab156ad7d2b4086d7b5c19108d601969c628", "price_changes": [{"asset_id": "34645116342944064409326467678914155626386949325571132757704393658949138736927", "price": "0.18", "size": "1837.43", "side": "BUY", "hash": "912ae86e5cd2325fc2bad5f3d70ff17fbeefa786", "best_bid": "0.24", "best_ask": "0.25"}, {"asset_id": "108818021198185124723069411021397722136577696653894071789416255025867153135950", "price": "0.82", "size": "1837.43", "side": "SELL", "hash": "520d5c40554050ba981b565bd026d82dbbc2da46", "best_bid": "0.75", "best_ask": "0.76"}], "timestamp": "1769384405050", "event_type": "price_change"}}
{"_local_timestamp": "2026-01-25T23:40:05.124735+00:00", "data": {"market": "0xeb85e2b50d4d691325f8e906fff3ab156ad7d2b4086d7b5c19108d601969c628", "price_changes": [{"asset_id": "34645116342944064409326467678914155626386949325571132757704393658949138736927", "price": "0.2", "size": "676.66", "side": "BUY", "hash": "e1437cfc030528c01bfb44cb976c16ad94191678", "best_bid": "0.24", "best_ask": "0.25"}, {"asset_id": "108818021198185124723069411021397722136577696653894071789416255025867153135950", "price": "0.8", "size": "676.66", "side": "SELL", "hash": "05dee869abf7af16001a7768cc796c59e6f49312", "best_bid": "0.75", "best_ask": "0.76"}], "timestamp": "1769384405051", "event_type": "price_change"}}
{"_local_timestamp": "2026-01-25T23:40:12.076217+00:00", "data": {"market": "0xeb85e2b50d4d691325f8e906fff3ab156ad7d2b4086d7b5c19108d601969c628", "price_changes": [{"asset_id": "34645116342944064409326467678914155626386949325571132757704393658949138736927", "price": "0.2", "size": "131.66", "side": "BUY", "hash": "92ab9e9a5fd6467a4e4745886095980b16dac11f", "best_bid": "0.24", "best_ask": "0.25"}, {"asset_id": "108818021198185124723069411021397722136577696653894071789416255025867153135950", "price": "0.8", "size": "131.66", "side": "SELL", "hash": "c5a97c04a8b0073af14b9921dfacfa702d943c07", "best_bid": "0.75", "best_ask": "0.76"}], "timestamp": "1769384412000", "event_type": "price_change"}}
{"_local_timestamp": "2026-01-25T23:40:12.078477+00:00", "data": {"market": "0xeb85e2b50d4d691325f8e906fff3ab156ad7d2b4086d7b5c19108d601969c628", "price_changes": [{"asset_id": "34645116342944064409326467678914155626386949325571132757704393658949138736927", "price": "0.16", "size": "3696.24", "side": "BUY", "hash": "588f9a8c8f4293b5e8d6b475423e9bc8d385cef9", "best_bid": "0.24", "best_ask": "0.25"}, {"asset_id": "108818021198185124723069411021397722136577696653894071789416255025867153135950", "price": "0.84", "size": "3696.24", "side": "SELL", "hash": "9fdc6c4ee6dba882cae5d7ff4cd69e7a69969348", "best_bid": "0.75", "best_ask": "0.76"}], "timestamp": "1769384412001", "event_type": "price_change"}}
{"_local_timestamp": "2026-01-25T23:40:12.079163+00:00", "data": {"market": "0xeb85e2b50d4d691325f8e906fff3ab156ad7d2b4086d7b5c19108d601969c628", "price_changes": [{"asset_id": "34645116342944064409326467678914155626386949325571132757704393658949138736927", "price": "0.18", "size": "1802.43", "side": "BUY", "hash": "062e56021966732964e72a2372b0d251e1d43f5a", "best_bid": "0.24", "best_ask": "0.25"}, {"asset_id": "108818021198185124723069411021397722136577696653894071789416255025867153135950", "price": "0.82", "size": "1802.43", "side": "SELL", "hash": "9093e639e833b9d62aa91cc316d09c510e44eec8", "best_bid": "0.75", "best_ask": "0.76"}], "timestamp": "1769384412002", "event_type": "price_change"}}
