{"_local_timestamp": "2026-01-25T23:33:35.909712+00:00", "data": [{"market": "0x9f66a23ca0d5d66fd89b1b37868ef39885b0f36b6e2c8003bdd8239fd58300b6", "asset_id": "107695993624925821118492288099166196746925552704590535397101229736666098667264", "timestamp": "1769384009802", "hash": "041d3a629e9039ed3241d0be83053fe5705fde93", "bids": [{"price": "0.01", "size": "10100"}, {"price": "0.02", "size": "761.02"}, {"price": "0.03", "size": "179.15"}, {"price": "0.04", "size": "125"}, {"price": "0.05", "size": "5508.48"}, {"price": "0.06", "size": "2819.55"}, {"price": "0.07", "size": "853.16"}, {"price": "0.08", "size": "203.38"}], "asks": [{"price": "0.99", "size": "105864.22"}, {"price": "0.98", "size": "3000"}, {"price": "0.97", "size": "51300"}, {"price": "0.96", "size": "5.69"}, {"price": "0.95", "size": "320"}, {"price": "0.94", "size": "33"}, {"price": "0.91", "size": "700"}, {"price": "0.9", "size": "6.3"}, {"price": "0.88", "size": "20325"}, {"price": "0.86", "size": "242.85"}, {"price": "0.81", "size": "418.42"}, {"price": "0.78", "size": "20200"}, {"price": "0.77", "size": "2641.73"}, {"price": "0.73", "size": "50"}, {"price": "0.72", "size": "92.85"}, {"price": "0.67", "size": "72.72"}, {"price": "0.63", "size": "54.05"}, {"price": "0.61", "size": "10050"}, {"price": "0.59", "size": "3964"}, {"price": "0.58", "size": "1493"}, {"price": "0.21", "size": "92"}, {"price": "0.18", "size": "92"}, {"price": "0.17", "size": "1808.29"}, {"price": "0.15", "size": "92"}, {"price": "0.12", "size": "92"}, {"price": "0.11", "size": "455.46"}, {"price": "0.1", "size": "1780.76"}, {"price": "0.09", "size": "760.53"}], "event_type": "book", "last_trade_price": "0.090"}, {"market": "0x9f66a23ca0d5d66fd89b1b37868ef39885b0f36b6e2c8003bdd8239fd58300b6", "asset_id": "47242021042634242898271593296081702552506522984095597295031095083693362778303", "timestamp": "1769384009802", "hash": "305be2ce9353cf92ed97a695a3824d80e6ee1f97", "bids": [{"price": "0.01", "size": "105864.22"}, {"price": "0.02", "size": "3000"}, {"price": "0.03", "size": "51300"}, {"price": "0.04", "size": "5.69"}, {"price": "0.05", "size": "320"}, {"price": "0.06", "size": "33"}, {"price": "0.09", "size": "700"}, {"price": "0.1", "size": "6.3"}, {"price": "0.12", "size": "20325"}, {"price": "0.14", "size": "242.85"}, {"price": "0.19", "size": "418.42"}, {"price": "0.22", "size": "20200"}, {"price": "0.23", "size": "2641.73"}, {"price": "0.27", "size": "50"}, {"price": "0.28", "size": "92.85"}, {"price": "0.33", "size": "72.72"}, {"price": "0.37", "size": "54.05"}, {"price": "0.39", "size": "10050"}, {"price": "0.41", "size": "3964"}, {"price": "0.42", "size": "1493"}, {"price": "0.79", "size": "92"}, {"price": "0.82", "size": "92"}, {"price": "0.83", "size": "1808.29"}, {"price": "0.85", "size": "92"}, {"price": "0.88", "size": "92"}, {"price": "0.89", "size": "455.46"}, {"price": "0.9", "size": "1780.76"}, {"price": "0.91", "size": "760.53"}], "asks": [{"price": "0.99", "size": "10100"}, {"price": "0.98", "size": "761.02"}, {"price": "0.97", "size": "179.15"}, {"price": "0.96", "size": "125"}, {"price": "0.95", "size": "5508.48"}, {"price": "0.94", "size": "2819.55"}, {"price": "0.93", "size": "853.16"}, {"price": "0.92", "size": "203.38"}], "event_type": "book", "last_trade_price": "0.090"}]}
{"_local_timestamp": "2026-01-25T23:34:12.285449+00:00", "data": {"market": "0x9f66a23ca0d5d66fd89b1b37868ef39885b0f36b6e2c8003bdd8239fd58300b6", "price_changes": [{"asset_id": "47242021042634242898271593296081702552506522984095597295031095083693362778303", "price": "0.92", "size": "100", "side": "SELL", "hash": "59095b72ee2a4ed384efcb385f570b9871fc31fd", "best_bid": "0.91", "best_ask": "0.92"}, {"asset_id": "107695993624925821118492288099166196746925552704590535397101229736666098667264", "price": "0.08", "size": "100", "side": "BUY", "hash": "4be2570e6cf24d4505bde20fcd11bff5359dca02", "best_bid": "0.08", "best_ask": "0.09"}], "timestamp": "1769384052216", "event_type": "price_change"}}
{"_local_timestamp": "2026-01-25T23:34:13.650980+00:00", "data": {"market": "0x9f66a23ca0d5d66fd89b1b37868ef39885b0f36b6e2c8003bdd8239fd58300b6", "price_changes": [{"asset_id": "47242021042634242898271593296081702552506522984095597295031095083693362778303", "price": "0.92", "size": "203.38", "side": "SELL", "hash": "42bac31289df9e0570ef61e2d7665fdbca3f5e82", "best_bid": "0.91", "best_ask": "0.92"}, {"asset_id": "107695993624925821118492288099166196746925552704590535397101229736666098667264", "price": "0.08", "size": "203.38", "side": "BUY", "hash": "e2997083014422c54d20596e79a5a2af12deebeb", "best_bid": "0.08", "best_ask": "0.09"}], "timestamp": "1769384053482", "event_type": "price_change"}}
{"_local_timestamp": "2026-01-25T23:34:43.066040+00:00", "data": {"market": "0x9f66a23ca0d5d66fd89b1b37868ef39885b0f36b6e2c8003bdd8239fd58300b6", "price_changes": [{"asset_id": "47242021042634242898271593296081702552506522984095597295031095083693362778303", "price": "0.41", "size": "0", "side": "BUY", "hash": "656808a50b9551993a73949ce08dca5bcb1de284", "best_bid": "0.91", "best_ask": "0.92"}, {"asset_id": "107695993624925821118492288099166196746925552704590535397101229736666098667264", "price": "0.59", "size": "0", "side": "SELL", "hash": "085af5f33c6ca5c8b63403952a8cc54c6eeb34b1", "best_bid": "0.08", "best_ask": "0.09"}], "timestamp": "1769384082998", "event_type": "price_change"}}
{"_local_timestamp": "2026-01-25T23:34:43.249141+00:00", "data": {"market": "0x9f66a23ca0d5d66fd89b1b37868ef39885b0f36b6e2c8003bdd8239fd58300b6", "price_changes": [{"asset_id": "47242021042634242898271593296081702552506522984095597295031095083693362778303", "price": "0.43", "size": "3784", "side": "BUY", "hash": "7c12cd3bce0a8620a93720a18a85f7b12bcd2365", "best_bid": "0.91", "best_ask": "0.92"}, {"asset_id": "107695993624925821118492288099166196746925552704590535397101229736666098667264", "price": "0.57", "size": "3784", "side": "SELL", "hash": "f0236ce8c7558ce3218d263056d0c1dbd66d1446", "best_bid": "0.08", "best_ask": "0.09"}], "timestamp": "1769384083180", "event_type": "price_change"}}
{"_local_timestamp": "2026-01-25T23:36:44.183558+00:00", "data": {"market": "0x9f66a23ca0d5d66fd89b1b37868ef39885b0f36b6e2c8003bdd8239fd58300b6", "price_changes": [{"asset_id": "107695993624925821118492288099166196746925552704590535397101229736666098667264", "price": "0.05", "size": "5500.39", "side": "BUY", "hash": "0e8fa4ecc970d7a9517ad50e64188f3a1fd539c9", "best_bid": "0.08", "best_ask": "0.09"}, {"asset_id": "47242021042634242898271593296081702552506522984095597295031095083693362778303", "price": "0.95", "size": "5500.39", "side": "SELL", "hash": "83e0161df0b0fe72fc043632cdc6c6438f89eca4", "best_bid": "0.91", "best_ask": "0.92"}], "timestamp": "1769384204090", "event_type": "price_change"}}
{"_local_timestamp": "2026-01-25T23:36:45.454534+00:00", "data": {"market": "0x9f66a23ca0d5d66fd89b1b37868ef39885b0f36b6e2c8003bdd8239fd58300b6", "price_changes": [{"asset_id": "107695993624925821118492288099166196746925552704590535397101229736666098667264", "price": "0.05", "size": "5508.48", "side": "BUY", "hash": "a25c40b4309707dd53e0bcba5dc8056757adcd1d", "best_bid": "0.08", "best_ask": "0.09"}, {"asset_id": "47242021042634242898271593296081702552506522984095597295031095083693362778303", "price": "0.95", "size": "5508.48", "side": "SELL", "hash": "7044f27122e1f7f1fe3c19bd13b94893ea3ed171", "best_bid": "0.91", "best_ask": "0.92"}], "timestamp": "1769384205353", "event_type": "price_change"}}
{"_local_timestamp": "2026-01-25T23:36:45.816605+00:00", "data": {"market": "0x9f66a23ca0d5d66fd89b1b37868ef39885b0f36b6e2c8003bdd8239fd58300b6", "price_changes": [{"asset_id": "47242021042634242898271593296081702552506522984095597295031095083693362778303", "price": "0.92", "size": "100", "side": "SELL", "hash": "40c85bfcabfb8c398ce55a1e28bcaaff49d3fdd8", "best_bid": "0.91", "best_ask": "0.92"}, {"asset_id": "107695993624925821118492288099166196746925552704590535397101229736666098667264", "price": "0.08", "size": "100", "side": "BUY", "hash": "a5f32678a4ba9cc48e4f559218f277ca56a32c76", "best_bid": "0.08", "best_ask": "0.09"}], "timestamp": "1769384205685", "event_type": "price_change"}}
{"_local_timestamp": "2026-01-25T23:36:47.061499+00:00", "data": {"market": "0x9f66a23ca0d5d66fd89b1b37868ef39885b0f36b6e2c8003bdd8239fd58300b6", "price_changes": [{"asset_id": "47242021042634242898271593296081702552506522984095597295031095083693362778303", "price": "0.92", "size": "203.38", "side": "SELL", "hash": "d04ce1f7ad966c83304f3c191df9e50febf3f88a", "best_bid": "0.91", "best_ask": "0.92"}, {"asset_id": "107695993624925821118492288099166196746925552704590535397101229736666098667264", "price": "0.08", "size": "203.38", "side": "BUY", "hash": "1a2515dc9939992ee583c81e6e6437ca0ee47d70", "best_bid": "0.08", "best_ask": "0.09"}], "timestamp": "1769384206938", "event_type": "price_change"}}
{"_local_timestamp": "2026-01-25T23:37:04.722259+00:00", "data": {"market": "0x9f66a23ca0d5d66fd89b1b37868ef39885b0f36b6e2c8003bdd8239fd58300b6", "price_changes": [{"asset_id": "107695993624925821118492288099166196746925552704590535397101229736666098667264", "price": "0.15", "size": "0", "side": "SELL", "hash": "dc55fe352769a9177f9191649ec06d6c334eb14e", "best_bid": "0.08", "best_ask": "0.09"}, {"asset_id": "47242021042634242898271593296081702552506522984095597295031095083693362778303", "price": "0.85", "size": "0", "side": "BUY", "hash": "db5170745fd74b61cbde309cdbd164fd6eb83bfd", "best_bid": "0.91", "best_ask": "0.92"}], "timestamp": "1769384224540", "event_type": "price_change"}}
{"_local_timestamp": "2026-01-25T23:37:04.722671+00:00", "data": {"market": "0x9f66a23ca0d5d66fd89b1b37868ef39885b0f36b6e2c8003bdd8239fd58300b6", "price_changes": [{"asset_id": "107695993624925821118492288099166196746925552704590535397101229736666098667264", "price": "0.21", "size": "0", "side": "SELL", "hash": "dc55fe352769a9177f9191649ec06d6c334eb14e", "best_bid": "0.08", "best_ask": "0.09"}, {"asset_id": "47242021042634242898271593296081702552506522984095597295031095083693362778303", "price": "0.79", "size": "0", "side": "BUY", "hash": "db5170745fd74b61cbde309cdbd164fd6eb83bfd", "best_bid": "0.91", "best_ask": "0.92"}], "timestamp": "1769384224540", "event_type": "price_change"}}
{"_local_timestamp": "2026-01-25T23:37:04.723001+00:00", "data": {"market": "0x9f66a23ca0d5d66fd89b1b37868ef39885b0f36b6e2c8003bdd8239fd58300b6", "price_changes": [{"asset_id": "107695993624925821118492288099166196746925552704590535397101229736666098667264", "price": "0.18", "size": "0", "side": "SELL", "hash": "dc55fe352769a9177f9191649ec06d6c334eb14e", "best_bid": "0.08", "best_ask": "0.09"}, {"asset_id": "47242021042634242898271593296081702552506522984095597295031095083693362778303", "price": "0.82", "size": "0", "side": "BUY", "hash": "db5170745fd74b61cbde309cdbd164fd6eb83bfd", "best_bid": "0.91", "best_ask": "0.92"}], "timestamp": "1769384224540", "event_type": "price_change"}}
{"_local_timestamp": "2026-01-25T23:37:04.735001+00:00", "data": {"market": "0x9f66a23ca0d5d66fd89b1b37868ef39885b0f36b6e2c8003bdd8239fd58300b6", "price_changes": [{"asset_id": "107695993624925821118492288099166196746925552704590535397101229736666098667264", "price": "0.09", "size": "668.53", "side": "SELL", "hash": "dc55fe352769a9177f9191649ec06d6c334eb14e", "best_bid": "0.08", "best_ask": "0.09"}, {"asset_id": "47242021042634242898271593296081702552506522984095597295031095083693362778303", "price": "0.91", "size": "668.53", "side": "BUY", "hash": "db5170745fd74b61cbde309cdbd164fd6eb83bfd", "best_bid": "0.91", "best_ask": "0.92"}], "timestamp": "1769384224540", "event_type": "price_change"}}
{"_local_timestamp": "2026-01-25T23:37:04.735492+00:00", "data": {"market": "0x9f66a23ca0d5d66fd89b1b37868ef39885b0f36b6e2c8003bdd8239fd58300b6", "price_changes": [{"asset_id": "107695993624925821118492288099166196746925552704590535397101229736666098667264", "price": "0.12", "size": "0", "side": "SELL", "hash": "dc55fe352769a9177f9191649ec06d6c334eb14e", "best_bid": "0.08", "best_ask": "0.09"}, {"asset_id": "47242021042634242898271593296081702552506522984095597295031095083693362778303", "price": "0.88", "size": "0", "side": "BUY", "hash": "db5170745fd74b61cbde309cdbd164fd6eb83bfd", "best_bid": "0.91", "best_ask": "0.92"}], "timestamp": "1769384224540", "event_type": "price_change"}}
{"_local_timestamp": "2026-01-25T23:37:05.602237+00:00", "data": {"market": "0x9f66a23ca0d5d66fd89b1b37868ef39885b0f36b6e2c8003bdd8239fd58300b6", "price_changes": [{"asset_id": "107695993624925821118492288099166196746925552704590535397101229736666098667264", "price": "0.07", "size": "635.16", "side": "BUY", "hash": "79d17a2c7a3d66172629242a72f7b7b2ffc241b0", "best_bid": "0.08", "best_ask": "0.09"}, {"asset_id": "47242021042634242898271593296081702552506522984095597295031095083693362778303", "price": "0.93", "size": "635.16", "side": "SELL", "hash": "44843d8975c631579d6f8c867697dfa5cc57d350", "best_bid": "0.91", "best_ask": "0.92"}], "timestamp": "1769384225440", "event_type": "price_change"}}
{"_local_timestamp": "2026-01-25T23:37:05.862874+00:00", "data": {"market": "0x9f66a23ca0d5d66fd89b1b37868ef39885b0f36b6e2c8003bdd8239fd58300b6", "price_changes": [{"asset_id": "107695993624925821118492288099166196746925552704590535397101229736666098667264", "price": "0.07", "size": "726.16", "side": "BUY", "hash": "72378ff7d91b25811b05ba5899d4b92a823e1a08", "best_bid": "0.08", "best_ask": "0.09"}, {"asset_id": "47242021042634242898271593296081702552506522984095597295031095083693362778303", "price": "0.93", "size": "726.16", "side": "SELL", "hash": "2212d491f03df9fe94aac9963e4b1087c09cb17b", "best_bid": "0.91", "best_ask": "0.92"}], "timestamp": "1769384225697", "event_type": "price_change"}}
{"_local_timestamp": "2026-01-25T23:37:06.340878+00:00", "data": {"market": "0x9f66a23ca0d5d66fd89b1b37868ef39885b0f36b6e2c8003bdd8239fd58300b6", "price_changes": [{"asset_id": "47242021042634242898271593296081702552506522984095597295031095083693362778303", "price": "0.9", "size": "1562.76", "side": "BUY", "hash": "58f4d0d7790fb1ecea15aa809897ce19b2c59e32", "best_bid": "0.91", "best_ask": "0.92"}, {"asset_id": "107695993624925821118492288099166196746925552704590535397101229736666098667264", "price": "0.1", "size": "1562.76", "side": "SELL", "hash": "701f9a73c2d731b040005a1ee2b299ea4f5ded0b", "best_bid": "0.08", "best_ask": "0.09"}], "timestamp": "1769384226143", "event_type": "price_change"}}
{"_local_timestamp": "2026-01-25T23:37:06.606592+00:00", "data": {"market": "0x9f66a23ca0d5d66fd89b1b37868ef39885b0f36b6e2c8003bdd8239fd58300b6", "price_changes": [{"asset_id": "47242021042634242898271593296081702552506522984095597295031095083693362778303", "price": "0.9", "size": "1653.76", "side": "BUY", "hash": "1fd4f1616f7b41dff8df5409ecdb27d850ecd677", "best_bid": "0.91", "best_ask": "0.92"}, {"asset_id": "107695993624925821118492288099166196746925552704590535397101229736666098667264", "price": "0.1", "size": "1653.76", "side": "SELL", "hash": "ea55c11fd83e34254765ea65716fd07c808c2ab6", "best_bid": "0.08", "best_ask": "0.09"}], "timestamp": "1769384226395", "event_type": "price_change"}}
