{"_local_timestamp": "2026-01-25T23:40:47.182776+00:00", "data": [{"market": "0xeb85e2b50d4d691325f8e906fff3ab156ad7d2b4086d7b5c19108d601969c628", "asset_id": "108818021198185124723069411021397722136577696653894071789416255025867153135950", "timestamp": "1769384412001", "hash": "9fdc6c4ee6dba882cae5d7ff4cd69e7a69969348", "bids": [{"price": "0.01", "size": "5059.78"}, {"price": "0.02", "size": "4300"}, {"price": "0.03", "size": "258.03"}, {"price": "0.05", "size": "810"}, {"price": "0.08", "size": "750"}, {"price": "0.09", "size": "7.34"}, {"price": "0.11", "size": "634.09"}, {"price": "0.15", "size": "213.33"}, {"price": "0.18", "size": "888"}, {"price": "0.19", "size": "397.36"}, {"price": "0.23", "size": "163.04"}, {"price": "0.24", "size": "1748"}, {"price": "0.27", "size": "88.88"}, {"price": "0.3", "size": "3998.66"}, {"price": "0.34", "size": "125"}, {"price": "0.7", "size": "22.85"}, {"price": "0.71", "size": "3689.94"}, {"price": "0.72", "size": "385.55"}, {"price": "0.73", "size": "917.16"}, {"price": "0.74", "size": "2865.55"}, {"price": "0.75", "size": "1694.54"}], "asks": [{"price": "0.99", "size": "7010"}, {"price": "0.98", "size": "4257.32"}, {"price": "0.97", "size": "1250"}, {"price": "0.96", "size": "757.7"}, {"price": "0.95", "size": "431.57"}, {"price": "0.94", "size": "250"}, {"price": "0.93", "size": "206.57"}, {"price": "0.92", "size": "251"}, {"price": "0.91", "size": "6.06"}, {"price": "0.9", "size": "519.41"}, {"price": "0.89", "size": "6.47"}, {"price": "0.88", "size": "8.62"}, {"price": "0.87", "size": "11.49"}, {"price": "0.86", "size": "2237.32"}, {"price": "0.85", "size": "538.87"}, {"price": "0.84", "size": "3696.24"}, {"price": "0.83", "size": "2258.32"}, {"price": "0.82", "size": "1802.43"}, {"price": "0.81", "size": "463.17"}, {"price": "0.8", "size": "131.66"}, {"price": "0.79", "size": "2398"}, {"price": "0.78", "size": "2951.62"}, {"price": "0.77", "size": "5474"}, {"price": "0.76", "size": "11518.68"}], "event_type": "book", "last_trade_price": "0.760"}, {"market": "0xeb85e2b50d4d691325f8e906fff3ab156ad7d2b4086d7b5c19108d601969c628", "asset_id": "34645116342944064409326467678914155626386949325571132757704393658949138736927", "timestamp": "1769384412001", "hash": "588f9a8c8f4293b5e8d6b475423e9bc8d385cef9", "bids": [{"price": "0.01", "size": "7010"}, {"price": "0.02", "size": "4257.32"}, {"price": "0.03", "size": "1250"}, {"price": "0.04", "size": "757.7"}, {"price": "0.05", "size": "431.57"}, {"price": "0.06", "size": "250"}, {"price": "0.07", "size": "206.57"}, {"price": "0.08", "size": "251"}, {"price": "0.09", "size": "6.06"}, {"price": "0.1", "size": "519.41"}, {"price": "0.11", "size": "6.47"}, {"price": "0.12", "size": "8.62"}, {"price": "0.13", "size": "11.49"}, {"price": "0.14", "size": "2237.32"}, {"price": "0.15", "size": "538.87"}, {"price": "0.16", "size": "3696.24"}, {"price": "0.17", "size": "2258.32"}, {"price": "0.18", "size": "1802.43"}, {"price": "0.19", "size": "463.17"}, {"price": "0.2", "size": "131.66"}, {"price": "0.21", "size": "2398"}, {"price": "0.22", "size": "2951.62"}, {"price": "0.23", "size": "5474"}, {"price": "0.24", "size": "11518.68"}], "asks": [{"price": "0.99", "size": "5059.78"}, {"price": "0.98", "size": "4300"}, {"price": "0.97", "size": "258.03"}, {"price": "0.95", "size": "810"}, {"price": "0.92", "size": "750"}, {"price": "0.91", "size": "7.34"}, {"price": "0.89", "size": "634.09"}, {"price": "0.85", "size": "213.33"}, {"price": "0.82", "size": "888"}, {"price": "0.81", "size": "397.36"}, {"price": "0.77", "size": "163.04"}, {"price": "0.76", "size": "1748"}, {"price": "0.73", "size": "88.88"}, {"price": "0.7", "size": "3998.66"}, {"price": "0.66", "size": "125"}, {"price": "0.3", "size": "22.85"}, {"price": "0.29", "size": "3689.94"}, {"price": "0.28", "size": "385.55"}, {"price": "0.27", "size": "917.16"}, {"price": "0.26", "size": "2865.55"}, {"price": "0.25", "size": "1694.54"}], "event_type": "book", "last_trade_price": "0.760"}]}
{"_local_timestamp": "2026-01-25T23:41:50.895223+00:00", "data": {"market": "0xeb85e2b50d4d691325f8e906fff3ab156ad7d2b4086d7b5c19108d601969c628", "price_changes": [{"asset_id": "108818021198185124723069411021397722136577696653894071789416255025867153135950", "price": "0.19", "size": "247.36", "side": "BUY", "hash": "1f3ec6d4df90eb63823db6bd64cf0a23bce8064a", "best_bid": "0.75", "best_ask": "0.76"}, {"asset_id": "34645116342944064409326467678914155626386949325571132757704393658949138736927", "price": "0.81", "size": "247.36", "side": "SELL", "hash": "d290ea70c52e5eff7cd36de22b752bb95b394f35", "best_bid": "0.24", "best_ask": "0.25"}], "timestamp": "1769384510749", "event_type": "price_change"}}
{"_local_timestamp": "2026-01-25T23:41:52.089641+00:00", "data": {"market": "0xeb85e2b50d4d691325f8e906fff3ab156ad7d2b4086d7b5c19108d601969c628", "price_changes": [{"asset_id": "108818021198185124723069411021397722136577696653894071789416255025867153135950", "price": "0.18", "size": "1038", "side": "BUY", "hash": "b58b7c83828188e1820854ce3bee85ac29491f4f", "best_bid": "0.75", "best_ask": "0.76"}, {"asset_id": "34645116342944064409326467678914155626386949325571132757704393658949138736927", "price": "0.82", "size": "1038", "side": "SELL", "hash": "7f99552def4cf9cd38ff2362743a843fb53f34df", "best_bid": "0.24", "best_ask": "0.25"}], "timestamp": "1769384511704", "event_type": "price_change"}}
{"_local_timestamp": "2026-01-25T23:42:24.592697+00:00", "data": {"market": "0xeb85e2b50d4d691325f8e906fff3ab156ad7d2b4086d7b5c19108d601969c628", "price_changes": [{"asset_id": "108818021198185124723069411021397722136577696653894071789416255025867153135950", "price": "0.19", "size": "147.36", "side": "BUY", "hash": "0a93a91546256a742731aa085b1a6ad538f145f0", "best_bid": "0.75", "best_ask": "0.76"}, {"asset_id": "34645116342944064409326467678914155626386949325571132757704393658949138736927", "price": "0.81", "size": "147.36", "side": "SELL", "hash": "158c7d0bca83b21a86751125bfd735e7b421f550", "best_bid": "0.24", "best_ask": "0.25"}], "timestamp": "1769384544480", "event_type": "price_change"}}
{"_local_timestamp": "2026-01-25T23:42:25.062481+00:00", "data": {"market": "0xeb85e2b50d4d691325f8e906fff3ab156ad7d2b4086d7b5c19108d601969c628", "price_changes": [{"asset_id": "108818021198185124723069411021397722136577696653894071789416255025867153135950", "price": "0.18", "size": "1138", "side": "BUY", "hash": "c4d05c19a91bbfd7c597ca023e451ddf75cc7d2e", "best_bid": "0.75", "best_ask": "0.76"}, {"asset_id": "34645116342944064409326467678914155626386949325571132757704393658949138736927", "price": "0.82", "size": "1138", "side": "SELL", "hash": "491de323f39be55c2b143be62ec39b0714092b84", "best_bid": "0.24", "best_ask": "0.25"}], "timestamp": "1769384544927", "event_type": "price_change"}}
