{"_local_timestamp": "2026-01-25T23:40:47.182776+00:00", "data": [{"market": "0xeb85e2b50d4d691325f8e906fff3ab156ad7d2b4086d7b5c19108d601969c628", "asset_id": "108818021198185124723069411021397722136577696653894071789416255025867153135950", "timestamp": "1769384412001", "hash": "9fdc6c4ee6dba882cae5d7ff4cd69e7a69969348", "bids": [{"price": "0.01", "size": "5059.78"}, {"price": "0.02", "size": "4300"}, {"price": "0.03", "size": "258.03"}, {"price": "0.05", "size": "810"}, {"price": "0.08", "size": "750"}, {"price": "0.09", "size": "7.34"}, {"price": "0.11", "size": "634.09"}, {"price": "0.15", "size": "213.33"}, {"price": "0.18", "size": "888"}, {"price": "0.19", "size": "397.36"}, {"price": "0.23", "size": "163.04"}, {"price": "0.24", "size": "1748"}, {"price": "0.27", "size": "88.88"}, {"price": "0.3", "size": "3998.66"}, {"price": "0.34", "size": "125"}, {"price": "0.7", "size": "22.85"}, {"price": "0.71", "size": "3689.94"}, {"price": "0.72", "size": "385.55"}, {"price": "0.73", "size": "917.16"}, {"price": "0.74", "size": "2865.55"}, {"price": "0.75", "size": "1694.54"}], "asks": [{"price": "0.99", "size": "7010"}, {"price": "0.98", "size": "4257.32"}, {"price": "0.97", "size": "1250"}, {"price": "0.96", "size": "757.7"}, {"price": "0.95", "size": "431.57"}, {"price": "0.94", "size": "250"}, {"price": "0.93", "size": "206.57"}, {"price": "0.92", "size": "251"}, {"price": "0.91", "size": "6.06"}, {"price": "0.9", "size": "519.41"}, {"price": "0.89", "size": "6.47"}, {"price": "0.88", "size": "8.62"}, {"price": "0.87", "size": "11.49"}, {"price": "0.86", "size": "2237.32"}, {"price": "0.85", "size": "538.87"}, {"price": "0.84", "size": "3696.24"}, {"price": "0.83", "size": "2258.32"}, {"price": "0.82", "size": "1802.43"}, {"price": "0.81", "size": "463.17"}, {"price": "0.8", "size": "131.66"}, {"price": "0.79", "size": "2398"}, {"price": "0.78", "size": "2951.62"}, {"price": "0.77", "size": "5474"}, {"price": "0.76", "size": "11518.68"}], "event_type": "book", "last_trade_price": "0.760"}, {"market": "0xeb85e2b50d4d691325f8e906fff3ab156ad7d2b4086d7b5c19108d601969c628", "asset_id": "34645116342944064409326467678914155626386949325571132757704393658949138736927", "timestamp": "1769384412001", "hash": "588f9a8c8f4293b5e8d6b475423e9bc8d385cef9", "bids": [{"price": "0.01", "size": "7010"}, {"price": "0.02", "size": "4257.32"}, {"price": "0.03", "size": "1250"}, {"price": "0.04", "size": "757.7"}, {"price": "0.05", "size": "431.57"}, {"price": "0.06", "size": "250"}, {"price": "0.07", "size": "206.57"}, {"price": "0.08", "size": "251"}, {"price": "0.09", "size": "6.06"}, {"price": "0.1", "size": "519.41"}, {"price": "0.11", "size": "6.47"}, {"price": "0.12", "size": "8.62"}, {"price": "0.13", "size": "11.49"}, {"price": "0.14", "size": "2237.32"}, {"price": "0.15", "size": "538.87"}, {"price": "0.16", "size": "3696.24"}, {"price": "0.17", "size": "2258.32"}, {"price": "0.18", "size": "1802.43"}, {"price": "0.19", "size": "463.17"}, {"price": "0.2", "size": "131.66"}, {"price": "0.21", "size": "2398"}, {"price": "0.22", "size": "2951.62"}, {"price": "0.23", "size": "5474"}, {"price": "0.24", "size": "11518.68"}], "asks": [{"price": "0.99", "size": "5059.78"}, {"price": "0.98", "size": "4300"}, {"price": "0.97", "size": "258.03"}, {"price": "0.95", "size": "810"}, {"price": "0.92", "size": "750"}, {"price": "0.91", "size": "7.34"}, {"price": "0.89", "size": "634.09"}, {"price": "0.85", "size": "213.33"}, {"price": "0.82", "size": "888"}, {"price": "0.81", "size": "397.36"}, {"price": "0.77", "size": "163.04"}, {"price": "0.76", "size": "1748"}, {"price": "0.73", "size": "88.88"}, {"price": "0.7", "size": "3998.66"}, {"price": "0.66", "size": "125"}, {"price": "0.3", "size": "22.85"}, {"price": "0.29", "size": "3689.94"}, {"price": "0.28", "size": "385.55"}, {"price": "0.27", "size": "917.16"}, {"price": "0.26", "size": "2865.55"}, {"price": "0.25", "size": "1694.54"}], "event_type": "book", "last_trade_price": "0.760"}]}
{"_local_timestamp": "2026-01-25T23:41:50.895223+00:00", "data": {"market": "0xeb85e2b50d4d691325f8e906fff3ab156ad7d2b4086d7b5c19108d601969c628", "price_changes": [{"asset_id": "108818021198185124723069411021397722136577696653894071789416255025867153135950", "price": "0.19", "size": "247.36", "side": "BUY", "hash": "1f3ec6d4df90eb63823db6bd64cf0a23bce8064a", "best_bid": "0.75", "best_ask": "0.76"}, {"asset_id": "34645116342944064409326467678914155626386949325571132757704393658949138736927", "price": "0.81", "size": "247.36", "side": "SELL", "hash": "d290ea70c52e5eff7cd36de22b752bb95b394f35", "best_bid": "0.24", "best_ask": "0.25"}], "timestamp": "1769384510749", "event_type": "price_change"}}
{"_local_timestamp": "2026-01-25T23:41:52.089641+00:00", "data": {"market": "0xeb85e2b50d4d691325f8e906fff3ab156ad7d2b4086d7b5c19108d601969c628", "price_changes": [{"asset_id": "108818021198185124723069411021397722136577696653894071789416255025867153135950", "price": "0.18", "size": "1038", "side": "BUY", "hash": "b58b7c83828188e1820854ce3bee85ac29491f4f", "best_bid": "0.75", "best_ask": "0.76"}, {"asset_id": "34645116342944064409326467678914155626386949325571132757704393658949138736927", "price": "0.82", "size": "1038", "side": "SELL", "hash": "7f99552def4cf9cd38ff2362743a843fb53f34df", "best_bid": "0.24", "best_ask": "0.25"}], "timestamp": "1769384511704", "event_type": "price_change"}}
{"_local_timestamp": "2026-01-25T23:42:24.592697+00:00", "data": {"market": "0xeb85e2b50d4d691325f8e906fff3ab156ad7d2b4086d7b5c19108d601969c628", "price_changes": [{"asset_id": "108818021198185124723069411021397722136577696653894071789416255025867153135950", "price": "0.19", "size": "147.36", "side": "BUY", "hash": "0a93a91546256a742731aa085b1a6ad538f145f0", "best_bid": "0.75", "best_ask": "0.76"}, {"asset_id": "34645116342944064409326467678914155626386949325571132757704393658949138736927", "price": "0.81", "size": "147.36", "side": "SELL", "hash": "158c7d0bca83b21a86751125bfd735e7b421f550", "best_bid": "0.24", "best_ask": "0.25"}], "timestamp": "1769384544480", "event_type": "price_change"}}
{"_local_timestamp": "2026-01-25T23:42:25.062481+00:00", "data": {"market": "0xeb85e2b50d4d691325f8e906fff3ab156ad7d2b4086d7b5c19108d601969c628", "price_changes": [{"asset_id": "108818021198185124723069411021397722136577696653894071789416255025867153135950", "price": "0.18", "size": "1138", "side": "BUY", "hash": "c4d05c19a91bbfd7c597ca023e451ddf75cc7d2e", "best_bid": "0.75", "best_ask": "0.76"}, {"asset_id": "34645116342944064409326467678914155626386949325571132757704393658949138736927", "price": "0.82", "size": "1138", "side": "SELL", "hash": "491de323f39be55c2b143be62ec39b0714092b84", "best_bid": "0.24", "best_ask": "0.25"}], "timestamp": "1769384544927", "event_type": "price_change"}}
{"_local_timestamp": "2026-01-25T23:42:27.537744+00:00", "data": {"market": "0xeb85e2b50d4d691325f8e906fff3ab156ad7d2b4086d7b5c19108d601969c628", "price_changes": [{"asset_id": "34645116342944064409326467678914155626386949325571132757704393658949138736927", "price": "0.16", "size": "3767.24", "side": "BUY", "hash": "bc90440966aaa7c5379d6f5ab1f844d8a0858dcf", "best_bid": "0.24", "best_ask": "0.25"}, {"asset_id": "108818021198185124723069411021397722136577696653894071789416255025867153135950", "price": "0.84", "size": "3767.24", "side": "SELL", "hash": "7fb1fccb2a66d52c334dd5a57178284e2deca547", "best_bid": "0.75", "best_ask": "0.76"}], "timestamp": "1769384547472", "event_type": "price_change"}}
{"_local_timestamp": "2026-01-25T23:42:27.538185+00:00", "data": {"market": "0xeb85e2b50d4d691325f8e906fff3ab156ad7d2b4086d7b5c19108d601969c628", "price_changes": [{"asset_id": "34645116342944064409326467678914155626386949325571132757704393658949138736927", "price": "0.2", "size": "676.66", "side": "BUY", "hash": "74abfbbf2ae81fc6675d143e45cf7bd5e747c85a", "best_bid": "0.24", "best_ask": "0.25"}, {"asset_id": "108818021198185124723069411021397722136577696653894071789416255025867153135950", "price": "0.8", "size": "676.66", "side": "SELL", "hash": "9f67089ece84477e3eaea7ab254b62d8c035f50e", "best_bid": "0.75", "best_ask": "0.76"}], "timestamp": "1769384547475", "event_type": "price_change"}}
{"_local_timestamp": "2026-01-25T23:42:27.547310+00:00", "data": {"market": "0xeb85e2b50d4d691325f8e906fff3ab156ad7d2b4086d7b5c19108d601969c628", "price_changes": [{"asset_id": "34645116342944064409326467678914155626386949325571132757704393658949138736927", "price": "0.18", "size": "1837.43", "side": "BUY", "hash": "c6242c5218e58243111c2e9dcf9832b6fe531e81", "best_bid": "0.24", "best_ask": "0.25"}, {"asset_id": "108818021198185124723069411021397722136577696653894071789416255025867153135950", "price": "0.82", "size": "1837.43", "side": "SELL", "hash": "cfc6251f11a51341d672f0bb1cd1ae4c5efd2f4c", "best_bid": "0.75", "best_ask": "0.76"}], "timestamp": "1769384547478", "event_type": "price_change"}}
{"_local_timestamp": "2026-01-25T23:42:45.460097+00:00", "data": {"market": "0xeb85e2b50d4d691325f8e906fff3ab156ad7d2b4086d7b5c19108d601969c628", "price_changes": [{"asset_id": "108818021198185124723069411021397722136577696653894071789416255025867153135950", "price": "0.23", "size": "113.04", "side": "BUY", "hash": "372ea42407f0e91945c02ef17e1b67f549f898fc", "best_bid": "0.75", "best_ask": "0.76"}, {"asset_id": "34645116342944064409326467678914155626386949325571132757704393658949138736927", "price": "0.77", "size": "113.04", "side": "SELL", "hash": "15b3ba4a3b24810d50c5a5928370a7522e7149f0", "best_bid": "0.24", "best_ask": "0.25"}], "timestamp": "1769384565223", "event_type": "price_change"}}
{"_local_timestamp": "2026-01-25T23:42:45.737857+00:00", "data": {"market": "0xeb85e2b50d4d691325f8e906fff3ab156ad7d2b4086d7b5c19108d601969c628", "price_changes": [{"asset_id": "108818021198185124723069411021397722136577696653894071789416255025867153135950", "price": "0.24", "size": "1798", "side": "BUY", "hash": "3e8c1c451038d0799f176c3afe2cd5695e6e93b1", "best_bid": "0.75", "best_ask": "0.76"}, {"asset_id": "34645116342944064409326467678914155626386949325571132757704393658949138736927", "price": "0.76", "size": "1798", "side": "SELL", "hash": "0f0d5efd98307a6522bc6bd408a29a83d44a1736", "best_bid": "0.24", "best_ask": "0.25"}], "timestamp": "1769384565584", "event_type": "price_change"}}
{"_local_timestamp": "2026-01-25T23:44:32.398279+00:00", "data": {"market": "0xeb85e2b50d4d691325f8e906fff3ab156ad7d2b4086d7b5c19108d601969c628", "price_changes": [{"asset_id": "108818021198185124723069411021397722136577696653894071789416255025867153135950", "price": "0.24", "size": "50", "side": "BUY", "hash": "c9ece5fbe126e661cf786684a366f9e18f5162cd", "best_bid": "0.75", "best_ask": "0.76"}, {"asset_id": "34645116342944064409326467678914155626386949325571132757704393658949138736927", "price": "0.76", "size": "50", "side": "SELL", "hash": "35135a7050b5c9bf3dda032289173af63fd9e859", "best_bid": "0.24", "best_ask": "0.25"}], "timestamp": "1769384672295", "event_type": "price_change"}}
{"_local_timestamp": "2026-01-25T23:44:56.041221+00:00", "data": {"market": "0xeb85e2b50d4d691325f8e906fff3ab156ad7d2b4086d7b5c19108d601969c628", "price_changes": [{"asset_id": "108818021198185124723069411021397722136577696653894071789416255025867153135950", "price": "0.19", "size": "2357.36", "side": "BUY", "hash": "dfde99df520c430932a0dee41d22e5e5b2391998", "best_bid": "0.75", "best_ask": "0.76"}, {"asset_id": "34645116342944064409326467678914155626386949325571132757704393658949138736927", "price": "0.81", "size": "2357.36", "side": "SELL", "hash": "8702640c7e9001985ab12166b0e365a0359c4bb0", "best_bid": "0.24", "best_ask": "0.25"}], "timestamp": "1769384695965", "event_type": "price_change"}}
{"_local_timestamp": "2026-01-25T23:45:02.097073+00:00", "data": {"market": "0xeb85e2b50d4d691325f8e906fff3ab156ad7d2b4086d7b5c19108d601969c628", "price_changes": [{"asset_id": "34645116342944064409326467678914155626386949325571132757704393658949138736927", "price": "0.18", "size": "1821.43", "side": "BUY", "hash": "89ada199016a6437a807b94e156a4fb7bc158a89", "best_bid": "0.24", "best_ask": "0.25"}, {"asset_id": "108818021198185124723069411021397722136577696653894071789416255025867153135950", "price": "0.82", "size": "1821.43", "side": "SELL", "hash": "044a8f443fe2c66e7415cefacbe0f2db0413fdaf", "best_bid": "0.75", "best_ask": "0.76"}], "timestamp": "1769384702003", "event_type": "price_change"}}
{"_local_timestamp": "2026-01-25T23:45:02.099237+00:00", "data": {"market": "0xeb85e2b50d4d691325f8e906fff3ab156ad7d2b4086d7b5c19108d601969c628", "price_changes": [{"asset_id": "34645116342944064409326467678914155626386949325571132757704393658949138736927", "price": "0.16", "size": "3724.24", "side": "BUY", "hash": "c57d4de96c903790a8087cc7dd692d2f9ef1af58", "best_bid": "0.24", "best_ask": "0.25"}, {"asset_id": "108818021198185124723069411021397722136577696653894071789416255025867153135950", "price": "0.84", "size": "3724.24", "side": "SELL", "hash": "8ba89757a501466a327600bd61c5c13add9237cd", "best_bid": "0.75", "best_ask": "0.76"}], "timestamp": "1769384702004", "event_type": "price_change"}}
{"_local_timestamp": "2026-01-25T23:45:02.103232+00:00", "data": {"market": "0xeb85e2b50d4d691325f8e906fff3ab156ad7d2b4086d7b5c19108d601969c628", "price_changes": [{"asset_id": "34645116342944064409326467678914155626386949325571132757704393658949138736927", "price": "0.2", "size": "671.66", "side": "BUY", "hash": "c57d4de96c903790a8087cc7dd692d2f9ef1af58", "best_bid": "0.24", "best_ask": "0.25"}, {"asset_id": "108818021198185124723069411021397722136577696653894071789416255025867153135950", "price": "0.8", "size": "671.66", "side": "SELL", "hash": "8ba89757a501466a327600bd61c5c13add9237cd", "best_bid": "0.75", "best_ask": "0.76"}], "timestamp": "1769384702004", "event_type": "price_change"}}
{"_local_timestamp": "2026-01-25T23:45:04.533628+00:00", "data": {"market": "0xeb85e2b50d4d691325f8e906fff3ab156ad7d2b4086d7b5c19108d601969c628", "price_changes": [{"asset_id": "34645116342944064409326467678914155626386949325571132757704393658949138736927", "price": "0.18", "size": "1837.43", "side": "BUY", "hash": "b762aaae16c75728c02f24808fc64d45f942f4b7", "best_bid": "0.24", "best_ask": "0.25"}, {"asset_id": "108818021198185124723069411021397722136577696653894071789416255025867153135950", "price": "0.82", "size": "1837.43", "side": "SELL", "hash": "ec774fd48db98898757976c87d74dbc738408a41", "best_bid": "0.75", "best_ask": "0.76"}], "timestamp": "1769384704467", "event_type": "price_change"}}
{"_local_timestamp": "2026-01-25T23:45:04.543511+00:00", "data": {"market": "0xeb85e2b50d4d691325f8e906fff3ab156ad7d2b4086d7b5c19108d601969c628", "price_changes": [{"asset_id": "34645116342944064409326467678914155626386949325571132757704393658949138736927", "price": "0.16", "size": "3767.24", "side": "BUY", "hash": "ec6928d06e61457a90de188bfcd6ebd7b4b9bc27", "best_bid": "0.24", "best_ask": "0.25"}, {"asset_id": "108818021198185124723069411021397722136577696653894071789416255025867153135950", "price": "0.84", "size": "3767.24", "side": "SELL", "hash": "18ae59211dd817b75ebf294231f12f6750771067", "best_bid": "0.75", "best_ask": "0.76"}], "timestamp": "1769384704468", "event_type": "price_change"}}
{"_local_timestamp": "2026-01-25T23:45:04.543941+00:00", "data": {"market": "0xeb85e2b50d4d691325f8e906fff3ab156ad7d2b4086d7b5c19108d601969c628", "price_changes": [{"asset_id": "34645116342944064409326467678914155626386949325571132757704393658949138736927", "price": "0.2", "size": "676.66", "side": "BUY", "hash": "305e651f8975ebfaf8a3729d641d7e3642b16385", "best_bid": "0.24", "best_ask": "0.25"}, {"asset_id": "108818021198185124723069411021397722136577696653894071789416255025867153135950", "price": "0.8", "size": "676.66", "side": "SELL", "hash": "8a254a1a2edd2520b2e36629b37ef8fd984a2d73", "best_bid": "0.75", "best_ask": "0.76"}], "timestamp": "1769384704469", "event_type": "price_change"}}
{"_local_timestamp": "2026-01-25T23:45:20.098782+00:00", "data": {"market": "0xeb85e2b50d4d691325f8e906fff3ab156ad7d2b4086d7b5c19108d601969c628", "price_changes": [{"asset_id": "34645116342944064409326467678914155626386949325571132757704393658949138736927", "price": "0.21", "size": "2373", "side": "BUY", "hash": "399acbdd6a96dac43e3525d4e90cacbc9c1673d3", "best_bid": "0.24", "best_ask": "0.25"}, {"asset_id": "108818021198185124723069411021397722136577696653894071789416255025867153135950", "price": "0.79", "size": "2373", "side": "SELL", "hash": "29173218690dbfd0e8d72e77e2c39302e679d91d", "best_bid": "0.75", "best_ask": "0.76"}], "timestamp": "1769384720002", "event_type": "price_change"}}
{"_local_timestamp": "2026-01-25T23:45:22.853337+00:00", "data": {"market": "0xeb85e2b50d4d691325f8e906fff3ab156ad7d2b4086d7b5c19108d601969c628", "price_changes": [{"asset_id": "34645116342944064409326467678914155626386949325571132757704393658949138736927", "price": "0.22", "size": "2851.62", "side": "BUY", "hash": "d49c019a6c7ef8f0373506a23ef992936e65f9ab", "best_bid": "0.24", "best_ask": "0.25"}, {"asset_id": "108818021198185124723069411021397722136577696653894071789416255025867153135950", "price": "0.78", "size": "2851.62", "side": "SELL", "hash": "3e653c21069d02210b64166f1193da2479428e98", "best_bid": "0.75", "best_ask": "0.76"}], "timestamp": "1769384722773", "event_type": "price_change"}}
{"_local_timestamp": "2026-01-25T23:45:22.855613+00:00", "data": {"market": "0xeb85e2b50d4d691325f8e906fff3ab156ad7d2b4086d7b5c19108d601969c628", "price_changes": [{"asset_id": "108818021198185124723069411021397722136577696653894071789416255025867153135950", "price": "0.73", "size": "817.16", "side": "BUY", "hash": "04e9acdb3c6d2cddff5e54dfb4d32f89aee86462", "best_bid": "0.75", "best_ask": "0.76"}, {"asset_id": "34645116342944064409326467678914155626386949325571132757704393658949138736927", "price": "0.27", "size": "817.16", "side": "SELL", "hash": "67a8ffce2f46ae7088221e636076e02b0460d16f", "best_bid": "0.24", "best_ask": "0.25"}], "timestamp": "1769384722775", "event_type": "price_change"}}
{"_local_timestamp": "2026-01-25T23:45:27.959486+00:00", "data": {"market": "0xeb85e2b50d4d691325f8e906fff3ab156ad7d2b4086d7b5c19108d601969c628", "price_changes": [{"asset_id": "108818021198185124723069411021397722136577696653894071789416255025867153135950", "price": "0.73", "size": "917.16", "side": "BUY", "hash": "774064145adb9b310b317f1d5e1a2f8c53f95177", "best_bid": "0.75", "best_ask": "0.76"}, {"asset_id": "34645116342944064409326467678914155626386949325571132757704393658949138736927", "price": "0.27", "size": "917.16", "side": "SELL", "hash": "5e6b3c9b24f387992e480bac7ba487c1d041b55f", "best_bid": "0.24", "best_ask": "0.25"}], "timestamp": "1769384727887", "event_type": "price_change"}}
{"_local_timestamp": "2026-01-25T23:45:38.303088+00:00", "data": {"market": "0xeb85e2b50d4d691325f8e906fff3ab156ad7d2b4086d7b5c19108d601969c628", "price_changes": [{"asset_id": "34645116342944064409326467678914155626386949325571132757704393658949138736927", "price": "0.22", "size": "2951.62", "side": "BUY", "hash": "ce171c2883f25abf598e03f729b6b4cf35b8158b", "best_bid": "0.24", "best_ask": "0.25"}, {"asset_id": "108818021198185124723069411021397722136577696653894071789416255025867153135950", "price": "0.78", "size": "2951.62", "side": "SELL", "hash": "35d23ae04c0aa1bb88b43d860fe106a0147d5586", "best_bid": "0.75", "best_ask": "0.76"}], "timestamp": "1769384738228", "event_type": "price_change"}}
{"_local_timestamp": "2026-01-25T23:45:56.968918+00:00", "data": {"market": "0xeb85e2b50d4d691325f8e906fff3ab156ad7d2b4086d7b5c19108d601969c628", "price_changes": [{"asset_id": "34645116342944064409326467678914155626386949325571132757704393658949138736927", "price": "0.21", "size": "2398", "side": "BUY", "hash": "1697efa0eaca4ec1fbf0e574f90913739c41b3f9", "best_bid": "0.24", "best_ask": "0.25"}, {"asset_id": "108818021198185124723069411021397722136577696653894071789416255025867153135950", "price": "0.79", "size": "2398", "side": "SELL", "hash": "478613a5b3c6421102cbf11b0441a591498e0750", "best_bid": "0.75", "best_ask": "0.76"}], "timestamp": "1769384756355", "event_type": "price_change"}}
{"_local_timestamp": "2026-01-25T23:46:58.061181+00:00", "data": {"market": "0xeb85e2b50d4d691325f8e906fff3ab156ad7d2b4086d7b5c19108d601969c628", "price_changes": [{"asset_id": "34645116342944064409326467678914155626386949325571132757704393658949138736927", "price": "0.23", "size": "5224", "side": "BUY", "hash": "9123401e185533bc2f13d87b80b2231288acb61b", "best_bid": "0.24", "best_ask": "0.25"}, {"asset_id": "108818021198185124723069411021397722136577696653894071789416255025867153135950", "price": "0.77", "size": "5224", "side": "SELL", "hash": "2b0dcc5803191a7e51ccfcb2bec0005f03e22e57", "best_bid": "0.75", "best_ask": "0.76"}], "timestamp": "1769384817950", "event_type": "price_change"}}
{"_local_timestamp": "2026-01-25T23:46:58.100191+00:00", "data": {"market": "0xeb85e2b50d4d691325f8e906fff3ab156ad7d2b4086d7b5c19108d601969c628", "price_changes": [{"asset_id": "108818021198185124723069411021397722136577696653894071789416255025867153135950", "price": "0.74", "size": "2740.55", "side": "BUY", "hash": "3fe59d6b0c893bec001f18acd4b773802283877e", "best_bid": "0.75", "best_ask": "0.76"}, {"asset_id": "34645116342944064409326467678914155626386949325571132757704393658949138736927", "price": "0.26", "size": "2740.55", "side": "SELL", "hash": "8d597206953a6981d0c09fb9915ecd1039db1545", "best_bid": "0.24", "best_ask": "0.25"}], "timestamp": "1769384817989", "event_type": "price_change"}}
{"_local_timestamp": "2026-01-25T23:47:23.673445+00:00", "data": {"market": "0xeb85e2b50d4d691325f8e906fff3ab156ad7d2b4086d7b5c19108d601969c628", "price_changes": [{"asset_id": "108818021198185124723069411021397722136577696653894071789416255025867153135950", "price": "0.24", "size": "0", "side": "BUY", "hash": "313994e069e84dc71c1312bd44f8128076d2891e", "best_bid": "0.75", "best_ask": "0.76"}, {"asset_id": "34645116342944064409326467678914155626386949325571132757704393658949138736927", "price": "0.76", "size": "0", "side": "SELL", "hash": "bf7feb18513c045254d1c5f4cc00ada62683cd68", "best_bid": "0.24", "best_ask": "0.25"}], "timestamp": "1769384843397", "event_type": "price_change"}}
{"_local_timestamp": "2026-01-25T23:47:24.084891+00:00", "data": {"market": "0xeb85e2b50d4d691325f8e906fff3ab156ad7d2b4086d7b5c19108d601969c628", "price_changes": [{"asset_id": "108818021198185124723069411021397722136577696653894071789416255025867153135950", "price": "0.23", "size": "163.04", "side": "BUY", "hash": "95b8f92a021b3e2a651db0135172ac924f4f97c1", "best_bid": "0.75", "best_ask": "0.76"}, {"asset_id": "34645116342944064409326467678914155626386949325571132757704393658949138736927", "price": "0.77", "size": "163.04", "side": "SELL", "hash": "99c2b581cc1ab0392a94adff5fac7833ba0506d6", "best_bid": "0.24", "best_ask": "0.25"}], "timestamp": "1769384843831", "event_type": "price_change"}}
{"_local_timestamp": "2026-01-25T23:47:37.915460+00:00", "data": {"market": "0xeb85e2b50d4d691325f8e906fff3ab156ad7d2b4086d7b5c19108d601969c628", "price_changes": [{"asset_id": "108818021198185124723069411021397722136577696653894071789416255025867153135950", "price": "0.18", "size": "1038", "side": "BUY", "hash": "947a1c051a2c07d3df8c90d276c0d985193c0519", "best_bid": "0.75", "best_ask": "0.76"}, {"asset_id": "34645116342944064409326467678914155626386949325571132757704393658949138736927", "price": "0.82", "size": "1038", "side": "SELL", "hash": "f673a8301cad89b0aecaf385912b4c61c2b1eb33", "best_bid": "0.24", "best_ask": "0.25"}], "timestamp": "1769384857542", "event_type": "price_change"}}
{"_local_timestamp": "2026-01-25T23:47:38.565535+00:00", "data": {"market": "0xeb85e2b50d4d691325f8e906fff3ab156ad7d2b4086d7b5c19108d601969c628", "price_changes": [{"asset_id": "108818021198185124723069411021397722136577696653894071789416255025867153135950", "price": "0.19", "size": "2457.36", "side": "BUY", "hash": "568078d92410b950a2c7de1e7626d64ace09329d", "best_bid": "0.75", "best_ask": "0.76"}, {"asset_id": "34645116342944064409326467678914155626386949325571132757704393658949138736927", "price": "0.81", "size": "2457.36", "side": "SELL", "hash": "8b62aab8a31c6633864fcb6c775b3fd2d76d60f1", "best_bid": "0.24", "best_ask": "0.25"}], "timestamp": "1769384858094", "event_type": "price_change"}}
{"_local_timestamp": "2026-01-25T23:47:55.651840+00:00", "data": {"market": "0xeb85e2b50d4d691325f8e906fff3ab156ad7d2b4086d7b5c19108d601969c628", "price_changes": [{"asset_id": "108818021198185124723069411021397722136577696653894071789416255025867153135950", "price": "0.19", "size": "247.36", "side": "BUY", "hash": "57231a89797623d1669e71f22c09645bb31cfc79", "best_bid": "0.75", "best_ask": "0.76"}, {"asset_id": "34645116342944064409326467678914155626386949325571132757704393658949138736927", "price": "0.81", "size": "247.36", "side": "SELL", "hash": "7644e13e0bafbc04ada04824eba1b5b2f085c39e", "best_bid": "0.24", "best_ask": "0.25"}], "timestamp": "1769384875421", "event_type": "price_change"}}
{"_local_timestamp": "2026-01-25T23:47:56.001832+00:00", "data": {"market": "0xeb85e2b50d4d691325f8e906fff3ab156ad7d2b4086d7b5c19108d601969c628", "price_changes": [{"asset_id": "34645116342944064409326467678914155626386949325571132757704393658949138736927", "price": "0.23", "size": "5474", "side": "BUY", "hash": "6b114f5201bc8ab308b4e9b2bc8e6f0ad8375ecd", "best_bid": "0.24", "best_ask": "0.25"}, {"asset_id": "108818021198185124723069411021397722136577696653894071789416255025867153135950", "price": "0.77", "size": "5474", "side": "SELL", "hash": "b20e78c18c014e3b9ef90939df882916ce007de9", "best_bid": "0.75", "best_ask": "0.76"}], "timestamp": "1769384875923", "event_type": "price_change"}}
{"_local_timestamp": "2026-01-25T23:47:56.104722+00:00", "data": {"market": "0xeb85e2b50d4d691325f8e906fff3ab156ad7d2b4086d7b5c19108d601969c628", "price_changes": [{"asset_id": "34645116342944064409326467678914155626386949325571132757704393658949138736927", "price": "0.21", "size": "2146", "side": "BUY", "hash": "cf8884c1b4c73d531d098aa800f43023202018b8", "best_bid": "0.24", "best_ask": "0.25"}, {"asset_id": "108818021198185124723069411021397722136577696653894071789416255025867153135950", "price": "0.79", "size": "2146", "side": "SELL", "hash": "890b8f2263a46f9ee0d843803e0e8ace6ac6ba2e", "best_bid": "0.75", "best_ask": "0.76"}], "timestamp": "1769384876000", "event_type": "price_change"}}
{"_local_timestamp": "2026-01-25T23:47:56.105241+00:00", "data": {"market": "0xeb85e2b50d4d691325f8e906fff3ab156ad7d2b4086d7b5c19108d601969c628", "price_changes": [{"asset_id": "108818021198185124723069411021397722136577696653894071789416255025867153135950", "price": "0.74", "size": "2865.55", "side": "BUY", "hash": "f4fa1cae3ecb3551d6b08de42dce28d7d0d5d688", "best_bid": "0.75", "best_ask": "0.76"}, {"asset_id": "34645116342944064409326467678914155626386949325571132757704393658949138736927", "price": "0.26", "size": "2865.55", "side": "SELL", "hash": "3095509e9c40132df873d0d425df6e028edb9ef0", "best_bid": "0.24", "best_ask": "0.25"}], "timestamp": "1769384876004", "event_type": "price_change"}}
{"_local_timestamp": "2026-01-25T23:48:36.350948+00:00", "data": {"market": "0xeb85e2b50d4d691325f8e906fff3ab156ad7d2b4086d7b5c19108d601969c628", "price_changes": [{"asset_id": "108818021198185124723069411021397722136577696653894071789416255025867153135950", "price": "0.24", "size": "1748", "side": "BUY", "hash": "3f112cbcacd3bde191f5761e8e60c150fbde5d2f", "best_bid": "0.75", "best_ask": "0.76"}, {"asset_id": "34645116342944064409326467678914155626386949325571132757704393658949138736927", "price": "0.76", "size": "1748", "side": "SELL", "hash": "1450c97295c6451211ee0d1bc6399f4074e92e3d", "best_bid": "0.24", "best_ask": "0.25"}], "timestamp": "1769384916279", "event_type": "price_change"}}
{"_local_timestamp": "2026-01-25T23:49:06.073075+00:00", "data": {"market": "0xeb85e2b50d4d691325f8e906fff3ab156ad7d2b4086d7b5c19108d601969c628", "price_changes": [{"asset_id": "34645116342944064409326467678914155626386949325571132757704393658949138736927", "price": "0.2", "size": "646.66", "side": "BUY", "hash": "470f204423c1a7703d5d3a541358d38f90600019", "best_bid": "0.24", "best_ask": "0.25"}, {"asset_id": "108818021198185124723069411021397722136577696653894071789416255025867153135950", "price": "0.8", "size": "646.66", "side": "SELL", "hash": "38894fc6879ea3751f6ed8fab4d850d908e69357", "best_bid": "0.75", "best_ask": "0.76"}], "timestamp": "1769384946000", "event_type": "price_change"}}
{"_local_timestamp": "2026-01-25T23:49:06.084133+00:00", "data": {"market": "0xeb85e2b50d4d691325f8e906fff3ab156ad7d2b4086d7b5c19108d601969c628", "price_changes": [{"asset_id": "34645116342944064409326467678914155626386949325571132757704393658949138736927", "price": "0.16", "size": "981.24", "side": "BUY", "hash": "20eea144603a64f328e870a19faea13fa719aff2", "best_bid": "0.24", "best_ask": "0.25"}, {"asset_id": "108818021198185124723069411021397722136577696653894071789416255025867153135950", "price": "0.84", "size": "981.24", "side": "SELL", "hash": "841af3eac76d49f098b40047e84d6fc0992e760e", "best_bid": "0.75", "best_ask": "0.76"}], "timestamp": "1769384946001", "event_type": "price_change"}}
{"_local_timestamp": "2026-01-25T23:49:06.090995+00:00", "data": {"market": "0xeb85e2b50d4d691325f8e906fff3ab156ad7d2b4086d7b5c19108d601969c628", "price_changes": [{"asset_id": "34645116342944064409326467678914155626386949325571132757704393658949138736927", "price": "0.18", "size": "599.43", "side": "BUY", "hash": "b9d9889c5325842344eb13341f0a45aa30f15ad1", "best_bid": "0.24", "best_ask": "0.25"}, {"asset_id": "108818021198185124723069411021397722136577696653894071789416255025867153135950", "price": "0.82", "size": "599.43", "side": "SELL", "hash": "9d101282caa67ebb71e706bc7c017895427968b9", "best_bid": "0.75", "best_ask": "0.76"}], "timestamp": "1769384946002", "event_type": "price_change"}}
{"_local_timestamp": "2026-01-25T23:49:08.761888+00:00", "data": {"market": "0xeb85e2b50d4d691325f8e906fff3ab156ad7d2b4086d7b5c19108d601969c628", "price_changes": [{"asset_id": "34645116342944064409326467678914155626386949325571132757704393658949138736927", "price": "0.21", "size": "2398", "side": "BUY", "hash": "87aa8804eef6aba62bd72870aac6aaab608e029d", "best_bid": "0.24", "best_ask": "0.25"}, {"asset_id": "108818021198185124723069411021397722136577696653894071789416255025867153135950", "price": "0.79", "size": "2398", "side": "SELL", "hash": "db1fc37d4400b0e2d45d0c03b405bd78fa8c5d9b", "best_bid": "0.75", "best_ask": "0.76"}], "timestamp": "1769384948698", "event_type": "price_change"}}
{"_local_timestamp": "2026-01-25T23:49:08.772007+00:00", "data": {"market": "0xeb85e2b50d4d691325f8e906fff3ab156ad7d2b4086d7b5c19108d601969c628", "price_changes": [{"asset_id": "34645116342944064409326467678914155626386949325571132757704393658949138736927", "price": "0.2", "size": "676.66", "side": "BUY", "hash": "f0b9c691fd32a55510370149d8dd59850a4e8b5c", "best_bid": "0.24", "best_ask": "0.25"}, {"asset_id": "108818021198185124723069411021397722136577696653894071789416255025867153135950", "price": "0.8", "size": "676.66", "side": "SELL", "hash": "84b506f3c566e9583e1491e88426e55a5cb22878", "best_bid": "0.75", "best_ask": "0.76"}], "timestamp": "1769384948700", "event_type": "price_change"}}
{"_local_timestamp": "2026-01-25T23:49:08.773266+00:00", "data": {"market": "0xeb85e2b50d4d691325f8e906fff3ab156ad7d2b4086d7b5c19108d601969c628", "price_changes": [{"asset_id": "34645116342944064409326467678914155626386949325571132757704393658949138736927", "price": "0.16", "size": "3767.24", "side": "BUY", "hash": "f304ae7aab9b63b7fd50c8f708fa25e9a8335bf9", "best_bid": "0.24", "best_ask": "0.25"}, {"asset_id": "108818021198185124723069411021397722136577696653894071789416255025867153135950", "price": "0.84", "size": "3767.24", "side": "SELL", "hash": "5468dcd047a6e4caa5c248dcdb304b2f38a96a60", "best_bid": "0.75", "best_ask": "0.76"}], "timestamp": "1769384948703", "event_type": "price_change"}}
{"_local_timestamp": "2026-01-25T23:49:08.774451+00:00", "data": {"market": "0xeb85e2b50d4d691325f8e906fff3ab156ad7d2b4086d7b5c19108d601969c628", "price_changes": [{"asset_id": "34645116342944064409326467678914155626386949325571132757704393658949138736927", "price": "0.18", "size": "1837.43", "side": "BUY", "hash": "3714e0978a9ca3356e05af5d623f43d7b2ce43b2", "best_bid": "0.24", "best_ask": "0.25"}, {"asset_id": "108818021198185124723069411021397722136577696653894071789416255025867153135950", "price": "0.82", "size": "1837.43", "side": "SELL", "hash": "72821101e1822bbb6c87dabb0793be4064111448", "best_bid": "0.75", "best_ask": "0.76"}], "timestamp": "1769384948705", "event_type": "price_change"}}
{"_local_timestamp": "2026-01-25T23:49:30.398418+00:00", "data": {"market": "0xeb85e2b50d4d691325f8e906fff3ab156ad7d2b4086d7b5c19108d601969c628", "price_changes": [{"asset_id": "108818021198185124723069411021397722136577696653894071789416255025867153135950", "price": "0.18", "size": "888", "side": "BUY", "hash": "12f9b7491c3cb7671e9149f4abdc6b51c8048e2c", "best_bid": "0.75", "best_ask": "0.76"}, {"asset_id": "34645116342944064409326467678914155626386949325571132757704393658949138736927", "price": "0.82", "size": "888", "side": "SELL", "hash": "8e16df1eb593467cb8079a81a08a83627e5806ea", "best_bid": "0.24", "best_ask": "0.25"}], "timestamp": "1769384970061", "event_type": "price_change"}}
{"_local_timestamp": "2026-01-25T23:49:30.913313+00:00", "data": {"market": "0xeb85e2b50d4d691325f8e906fff3ab156ad7d2b4086d7b5c19108d601969c628", "price_changes": [{"asset_id": "108818021198185124723069411021397722136577696653894071789416255025867153135950", "price": "0.19", "size": "397.36", "side": "BUY", "hash": "94ba5d3136e930f4a4dff1b69c18dda8a8b509cd", "best_bid": "0.75", "best_ask": "0.76"}, {"asset_id": "34645116342944064409326467678914155626386949325571132757704393658949138736927", "price": "0.81", "size": "397.36", "side": "SELL", "hash": "4e5e30782fe969108662a8cd9e04b02a1b2337d1", "best_bid": "0.24", "best_ask": "0.25"}], "timestamp": "1769384970599", "event_type": "price_change"}}
{"_local_timestamp": "2026-01-25T23:50:02.789074+00:00", "data": {"market": "0xeb85e2b50d4d691325f8e906fff3ab156ad7d2b4086d7b5c19108d601969c628", "price_changes": [{"asset_id": "108818021198185124723069411021397722136577696653894071789416255025867153135950", "price": "0.18", "size": "0", "side": "BUY", "hash": "965b612971b269023be9c16d53f1ff26c745e48e", "best_bid": "0.75", "best_ask": "0.76"}, {"asset_id": "34645116342944064409326467678914155626386949325571132757704393658949138736927", "price": "0.82", "size": "0", "side": "SELL", "hash": "91aac8053bc9fcb29d4ee033164f58fdc1be1a11", "best_bid": "0.24", "best_ask": "0.25"}], "timestamp": "1769385002293", "event_type": "price_change"}}
{"_local_timestamp": "2026-01-25T23:51:05.667220+00:00", "data": {"market": "0xeb85e2b50d4d691325f8e906fff3ab156ad7d2b4086d7b5c19108d601969c628", "price_changes": [{"asset_id": "108818021198185124723069411021397722136577696653894071789416255025867153135950", "price": "0.19", "size": "297.36", "side": "BUY", "hash": "669014c7461a1eba6335c772ae22ff536b38ffbe", "best_bid": "0.75", "best_ask": "0.76"}, {"asset_id": "34645116342944064409326467678914155626386949325571132757704393658949138736927", "price": "0.81", "size": "297.36", "side": "SELL", "hash": "458a7df413faa90b5ec6aabbd375c41e300812d6", "best_bid": "0.24", "best_ask": "0.25"}], "timestamp": "1769385065445", "event_type": "price_change"}}
{"_local_timestamp": "2026-01-25T23:51:05.978242+00:00", "data": {"market": "0xeb85e2b50d4d691325f8e906fff3ab156ad7d2b4086d7b5c19108d601969c628", "price_changes": [{"asset_id": "108818021198185124723069411021397722136577696653894071789416255025867153135950", "price": "0.18", "size": "100", "side": "BUY", "hash": "ea7148ead7baf908e5bc6f85db0041f7a28efdb0", "best_bid": "0.75", "best_ask": "0.76"}, {"asset_id": "34645116342944064409326467678914155626386949325571132757704393658949138736927", "price": "0.82", "size": "100", "side": "SELL", "hash": "2c67c6187785bbdaa314a283b791ec7263d59af8", "best_bid": "0.24", "best_ask": "0.25"}], "timestamp": "1769385065791", "event_type": "price_change"}}
{"_local_timestamp": "2026-01-25T23:51:19.564604+00:00", "data": {"market": "0xeb85e2b50d4d691325f8e906fff3ab156ad7d2b4086d7b5c19108d601969c628", "price_changes": [{"asset_id": "34645116342944064409326467678914155626386949325571132757704393658949138736927", "price": "0.18", "size": "599.43", "side": "BUY", "hash": "c4789848823cd8b4dcbe4d31c69742e23126bc9a", "best_bid": "0.24", "best_ask": "0.25"}, {"asset_id": "108818021198185124723069411021397722136577696653894071789416255025867153135950", "price": "0.82", "size": "599.43", "side": "SELL", "hash": "746f532b214c5b5828e0ed281e6701bc1509d9bd", "best_bid": "0.75", "best_ask": "0.76"}], "timestamp": "1769385079496", "event_type": "price_change"}}
{"_local_timestamp": "2026-01-25T23:51:19.565444+00:00", "data": {"market": "0xeb85e2b50d4d691325f8e906fff3ab156ad7d2b4086d7b5c19108d601969c628", "price_changes": [{"asset_id": "34645116342944064409326467678914155626386949325571132757704393658949138736927", "price": "0.16", "size": "981.24", "side": "BUY", "hash": "c4789848823cd8b4dcbe4d31c69742e23126bc9a", "best_bid": "0.24", "best_ask": "0.25"}, {"asset_id": "108818021198185124723069411021397722136577696653894071789416255025867153135950", "price": "0.84", "size": "981.24", "side": "SELL", "hash": "746f532b214c5b5828e0ed281e6701bc1509d9bd", "best_bid": "0.75", "best_ask": "0.76"}], "timestamp": "1769385079496", "event_type": "price_change"}}
{"_local_timestamp": "2026-01-25T23:51:19.565923+00:00", "data": {"market": "0xeb85e2b50d4d691325f8e906fff3ab156ad7d2b4086d7b5c19108d601969c628", "price_changes": [{"asset_id": "34645116342944064409326467678914155626386949325571132757704393658949138736927", "price": "0.2", "size": "646.66", "side": "BUY", "hash": "c4789848823cd8b4dcbe4d31c69742e23126bc9a", "best_bid": "0.24", "best_ask": "0.25"}, {"asset_id": "108818021198185124723069411021397722136577696653894071789416255025867153135950", "price": "0.8", "size": "646.66", "side": "SELL", "hash": "746f532b214c5b5828e0ed281e6701bc1509d9bd", "best_bid": "0.75", "best_ask": "0.76"}], "timestamp": "1769385079496", "event_type": "price_change"}}
{"_local_timestamp": "2026-01-25T23:51:19.610937+00:00", "data": {"market": "0xeb85e2b50d4d691325f8e906fff3ab156ad7d2b4086d7b5c19108d601969c628", "price_changes": [{"asset_id": "34645116342944064409326467678914155626386949325571132757704393658949138736927", "price": "0.16", "size": "3730.24", "side": "BUY", "hash": "86b20111ce5734aff00e3dc0a33a71d4d93b41ad", "best_bid": "0.24", "best_ask": "0.25"}, {"asset_id": "108818021198185124723069411021397722136577696653894071789416255025867153135950", "price": "0.84", "size": "3730.24", "side": "SELL", "hash": "943897a9c3a6e9705cfb4fc3e01998fe376ba738", "best_bid": "0.75", "best_ask": "0.76"}], "timestamp": "1769385079546", "event_type": "price_change"}}
{"_local_timestamp": "2026-01-25T23:51:19.611541+00:00", "data": {"market": "0xeb85e2b50d4d691325f8e906fff3ab156ad7d2b4086d7b5c19108d601969c628", "price_changes": [{"asset_id": "34645116342944064409326467678914155626386949325571132757704393658949138736927", "price": "0.18", "size": "1821.43", "side": "BUY", "hash": "1989be8e804ba4013a0dcdadd0d822489155af9e", "best_bid": "0.24", "best_ask": "0.25"}, {"asset_id": "108818021198185124723069411021397722136577696653894071789416255025867153135950", "price": "0.82", "size": "1821.43", "side": "SELL", "hash": "d36ea6b4f176ff85c2bcd7c6a742a97b1ee55f79", "best_bid": "0.75", "best_ask": "0.76"}], "timestamp": "1769385079547", "event_type": "price_change"}}
{"_local_timestamp": "2026-01-25T23:51:19.612087+00:00", "data": {"market": "0xeb85e2b50d4d691325f8e906fff3ab156ad7d2b4086d7b5c19108d601969c628", "price_changes": [{"asset_id": "34645116342944064409326467678914155626386949325571132757704393658949138736927", "price": "0.2", "size": "671.66", "side": "BUY", "hash": "8f31ae76697f65f6cde2aaf1f164c2cc264f0c82", "best_bid": "0.24", "best_ask": "0.25"}, {"asset_id": "108818021198185124723069411021397722136577696653894071789416255025867153135950", "price": "0.8", "size": "671.66", "side": "SELL", "hash": "c992dee6b5b993955240e73644124c9c8c9573d7", "best_bid": "0.75", "best_ask": "0.76"}], "timestamp": "1769385079547", "event_type": "price_change"}}
