{"_local_timestamp": "2026-01-25T23:33:21.044097+00:00", "data": [{"market": "0x61af02c9250c3917602e21c301e2f0cd032ea4e25bdef3751846b4d5f1c22799", "asset_id": "40581037591963443982506549884210281226867122905421206884675003828040093511244", "timestamp": "1769384000370", "hash": "c94e29a3ee96524fb6ca5e78ebf1ceadf2fd441c", "bids": [{"price": "0.01", "size": "15809.73"}, {"price": "0.02", "size": "3450"}, {"price": "0.03", "size": "7.99"}, {"price": "0.08", "size": "950"}, {"price": "0.09", "size": "7.36"}, {"price": "0.12", "size": "283.33"}, {"price": "0.13", "size": "550"}, {"price": "0.16", "size": "200"}, {"price": "0.17", "size": "1240"}, {"price": "0.18", "size": "150"}, {"price": "0.19", "size": "2210"}, {"price": "0.2", "size": "140"}, {"price": "0.23", "size": "50"}, {"price": "0.25", "size": "454"}, {"price": "0.29", "size": "82.75"}, {"price": "0.3", "size": "3957"}, {"price": "0.31", "size": "306"}, {"price": "0.33", "size": "60.6"}, {"price": "0.34", "size": "125"}, {"price": "0.45", "size": "249.98"}, {"price": "0.54", "size": "200"}, {"price": "0.56", "size": "267.07"}, {"price": "0.57", "size": "5"}, {"price": "0.6", "size": "10"}, {"price": "0.62", "size": "2000"}, {"price": "0.65", "size": "189.97"}, {"price": "0.71", "size": "59.38"}, {"price": "0.72", "size": "15.27"}, {"price": "0.73", "size": "167.8"}, {"price": "0.75", "size": "1200"}, {"price": "0.76", "size": "220"}], "asks": [{"price": "0.99", "size": "3025.36"}, {"price": "0.98", "size": "4282"}, {"price": "0.97", "size": "13.38"}, {"price": "0.96", "size": "250"}, {"price": "0.95", "size": "576.92"}, {"price": "0.92", "size": "200"}, {"price": "0.91", "size": "1005.82"}, {"price": "0.9", "size": "630"}, {"price": "0.89", "size": "2255"}, {"price": "0.88", "size": "550"}, {"price": "0.87", "size": "916"}, {"price": "0.85", "size": "250"}, {"price": "0.84", "size": "408"}, {"price": "0.82", "size": "2532.54"}, {"price": "0.81", "size": "503.64"}, {"price": "0.8", "size": "125.22"}, {"price": "0.79", "size": "100"}], "event_type": "book", "last_trade_price": "0.780"}, {"market": "0x61af02c9250c3917602e21c301e2f0cd032ea4e25bdef3751846b4d5f1c22799", "asset_id": "77997400651011819054222158182618580861479123177562866576575031403070672671390", "timestamp": "1769384000370", "hash": "9a42144b0940e919b433d8942e8a2d76f011d607", "bids": [{"price": "0.01", "size": "3025.36"}, {"price": "0.02", "size": "4282"}, {"price": "0.03", "size": "13.38"}, {"price": "0.04", "size": "250"}, {"price": "0.05", "size": "576.92"}, {"price": "0.08", "size": "200"}, {"price": "0.09", "size": "1005.82"}, {"price": "0.1", "size": "630"}, {"price": "0.11", "size": "2255"}, {"price": "0.12", "size": "550"}, {"price": "0.13", "size": "916"}, {"price": "0.15", "size": "250"}, {"price": "0.16", "size": "408"}, {"price": "0.18", "size": "2532.54"}, {"price": "0.19", "size": "503.64"}, {"price": "0.2", "size": "125.22"}, {"price": "0.21", "size": "100"}], "asks": [{"price": "0.99", "size": "15809.73"}, {"price": "0.98", "size": "3450"}, {"price": "0.97", "size": "7.99"}, {"price": "0.92", "size": "950"}, {"price": "0.91", "size": "7.36"}, {"price": "0.88", "size": "283.33"}, {"price": "0.87", "size": "550"}, {"price": "0.84", "size": "200"}, {"price": "0.83", "size": "1240"}, {"price": "0.82", "size": "150"}, {"price": "0.81", "size": "2210"}, {"price": "0.8", "size": "140"}, {"price": "0.77", "size": "50"}, {"price": "0.75", "size": "454"}, {"price": "0.71", "size": "82.75"}, {"price": "0.7", "size": "3957"}, {"price": "0.69", "size": "306"}, {"price": "0.67", "size": "60.6"}, {"price": "0.66", "size": "125"}, {"price": "0.55", "size": "249.98"}, {"price": "0.46", "size": "200"}, {"price": "0.44", "size": "267.07"}, {"price": "0.43", "size": "5"}, {"price": "0.4", "size": "10"}, {"price": "0.38", "size": "2000"}, {"price": "0.35", "size": "189.97"}, {"price": "0.29", "size": "59.38"}, {"price": "0.28", "size": "15.27"}, {"price": "0.27", "size": "167.8"}, {"price": "0.25", "size": "1200"}, {"price": "0.24", "size": "220"}], "event_type": "book", "last_trade_price": "0.780"}]}
{"_local_timestamp": "2026-01-25T23:33:22.373571+00:00", "data": {"market": "0x61af02c9250c3917602e21c301e2f0cd032ea4e25bdef3751846b4d5f1c22799", "price_changes": [{"asset_id": "40581037591963443982506549884210281226867122905421206884675003828040093511244", "price": "0.75", "size": "1210", "side": "BUY", "hash": "fbc9933d330bb1fb9e8976d8117f19825118ef0a", "best_bid": "0.76", "best_ask": "0.79"}, {"asset_id": "77997400651011819054222158182618580861479123177562866576575031403070672671390", "price": "0.25", "size": "1210", "side": "SELL", "hash": "f92096516789b3075f48af68c16c73870690ec40", "best_bid": "0.21", "best_ask": "0.24"}], "timestamp": "1769384002308", "event_type": "price_change"}}
{"_local_timestamp": "2026-01-25T23:33:22.527075+00:00", "data": {"market": "0x61af02c9250c3917602e21c301e2f0cd032ea4e25bdef3751846b4d5f1c22799", "price_changes": [{"asset_id": "40581037591963443982506549884210281226867122905421206884675003828040093511244", "price": "0.75", "size": "1200", "side": "BUY", "hash": "d3fb7cbb05c54832fd8ed53be15c8cd60b1a866c", "best_bid": "0.76", "best_ask": "0.79"}, {"asset_id": "77997400651011819054222158182618580861479123177562866576575031403070672671390", "price": "0.25", "size": "1200", "side": "SELL", "hash": "dce2386151bc98e2b901c745209b2106505d32f2", "best_bid": "0.21", "best_ask": "0.24"}], "timestamp": "1769384002460", "event_type": "price_change"}}
{"_local_timestamp": "2026-01-25T23:33:23.842260+00:00", "data": {"market": "0x61af02c9250c3917602e21c301e2f0cd032ea4e25bdef3751846b4d5f1c22799", "price_changes": [{"asset_id": "40581037591963443982506549884210281226867122905421206884675003828040093511244", "price": "0.18", "size": "0", "side": "BUY", "hash": "d043664faa5bbf766cc89f86d3916adeb5850197", "best_bid": "0.76", "best_ask": "0.79"}, {"asset_id": "77997400651011819054222158182618580861479123177562866576575031403070672671390", "price": "0.82", "size": "0", "side": "SELL", "hash": "8d4a1a66f72800ef1145a18d72229e058b5cda50", "best_bid": "0.21", "best_ask": "0.24"}], "timestamp": "1769384003774", "event_type": "price_change"}}
{"_local_timestamp": "2026-01-25T23:33:24.380067+00:00", "data": {"market": "0x61af02c9250c3917602e21c301e2f0cd032ea4e25bdef3751846b4d5f1c22799", "price_changes": [{"asset_id": "40581037591963443982506549884210281226867122905421206884675003828040093511244", "price": "0.17", "size": "1390", "side": "BUY", "hash": "e02aa9239e1261cad514e7f8a2faa9bb3eb0f262", "best_bid": "0.76", "best_ask": "0.79"}, {"asset_id": "77997400651011819054222158182618580861479123177562866576575031403070672671390", "price": "0.83", "size": "1390", "side": "SELL", "hash": "efb1cbd01f315c77c0a926a27a8d7750a42977bb", "best_bid": "0.21", "best_ask": "0.24"}], "timestamp": "1769384004279", "event_type": "price_change"}}
{"_local_timestamp": "2026-01-25T23:33:24.764394+00:00", "data": {"market": "0x61af02c9250c3917602e21c301e2f0cd032ea4e25bdef3751846b4d5f1c22799", "price_changes": [{"asset_id": "77997400651011819054222158182618580861479123177562866576575031403070672671390", "price": "0.19", "size": "513.64", "side": "BUY", "hash": "1a58a02a2c46cc09c88f67df502769e7d2d7d22e", "best_bid": "0.21", "best_ask": "0.24"}, {"asset_id": "40581037591963443982506549884210281226867122905421206884675003828040093511244", "price": "0.81", "size": "513.64", "side": "SELL", "hash": "fdbf2966e6a22a4476368c6b88c0283406b6ea60", "best_bid": "0.76", "best_ask": "0.79"}], "timestamp": "1769384004696", "event_type": "price_change"}}
