{"_local_timestamp": "2026-01-25T23:33:21.044097+00:00", "data": [{"market": "0x61af02c9250c3917602e21c301e2f0cd032ea4e25bdef3751846b4d5f1c22799", "asset_id": "40581037591963443982506549884210281226867122905421206884675003828040093511244", "timestamp": "1769384000370", "hash": "c94e29a3ee96524fb6ca5e78ebf1ceadf2fd441c", "bids": [{"price": "0.01", "size": "15809.73"}, {"price": "0.02", "size": "3450"}, {"price": "0.03", "size": "7.99"}, {"price": "0.08", "size": "950"}, {"price": "0.09", "size": "7.36"}, {"price": "0.12", "size": "283.33"}, {"price": "0.13", "size": "550"}, {"price": "0.16", "size": "200"}, {"price": "0.17", "size": "1240"}, {"price": "0.18", "size": "150"}, {"price": "0.19", "size": "2210"}, {"price": "0.2", "size": "140"}, {"price": "0.23", "size": "50"}, {"price": "0.25", "size": "454"}, {"price": "0.29", "size": "82.75"}, {"price": "0.3", "size": "3957"}, {"price": "0.31", "size": "306"}, {"price": "0.33", "size": "60.6"}, {"price": "0.34", "size": "125"}, {"price": "0.45", "size": "249.98"}, {"price": "0.54", "size": "200"}, {"price": "0.56", "size": "267.07"}, {"price": "0.57", "size": "5"}, {"price": "0.6", "size": "10"}, {"price": "0.62", "size": "2000"}, {"price": "0.65", "size": "189.97"}, {"price": "0.71", "size": "59.38"}, {"price": "0.72", "size": "15.27"}, {"price": "0.73", "size": "167.8"}, {"price": "0.75", "size": "1200"}, {"price": "0.76", "size": "220"}], "asks": [{"price": "0.99", "size": "3025.36"}, {"price": "0.98", "size": "4282"}, {"price": "0.97", "size": "13.38"}, {"price": "0.96", "size": "250"}, {"price": "0.95", "size": "576.92"}, {"price": "0.92", "size": "200"}, {"price": "0.91", "size": "1005.82"}, {"price": "0.9", "size": "630"}, {"price": "0.89", "size": "2255"}, {"price": "0.88", "size": "550"}, {"price": "0.87", "size": "916"}, {"price": "0.85", "size": "250"}, {"price": "0.84", "size": "408"}, {"price": "0.82", "size": "2532.54"}, {"price": "0.81", "size": "503.64"}, {"price": "0.8", "size": "125.22"}, {"price": "0.79", "size": "100"}], "event_type": "book", "last_trade_price": "0.780"}, {"market": "0x61af02c9250c3917602e21c301e2f0cd032ea4e25bdef3751846b4d5f1c22799", "asset_id": "77997400651011819054222158182618580861479123177562866576575031403070672671390", "timestamp": "1769384000370", "hash": "9a42144b0940e919b433d8942e8a2d76f011d607", "bids": [{"price": "0.01", "size": "3025.36"}, {"price": "0.02", "size": "4282"}, {"price": "0.03", "size": "13.38"}, {"price": "0.04", "size": "250"}, {"price": "0.05", "size": "576.92"}, {"price": "0.08", "size": "200"}, {"price": "0.09", "size": "1005.82"}, {"price": "0.1", "size": "630"}, {"price": "0.11", "size": "2255"}, {"price": "0.12", "size": "550"}, {"price": "0.13", "size": "916"}, {"price": "0.15", "size": "250"}, {"price": "0.16", "size": "408"}, {"price": "0.18", "size": "2532.54"}, {"price": "0.19", "size": "503.64"}, {"price": "0.2", "size": "125.22"}, {"price": "0.21", "size": "100"}], "asks": [{"price": "0.99", "size": "15809.73"}, {"price": "0.98", "size": "3450"}, {"price": "0.97", "size": "7.99"}, {"price": "0.92", "size": "950"}, {"price": "0.91", "size": "7.36"}, {"price": "0.88", "size": "283.33"}, {"price": "0.87", "size": "550"}, {"price": "0.84", "size": "200"}, {"price": "0.83", "size": "1240"}, {"price": "0.82", "size": "150"}, {"price": "0.81", "size": "2210"}, {"price": "0.8", "size": "140"}, {"price": "0.77", "size": "50"}, {"price": "0.75", "size": "454"}, {"price": "0.71", "size": "82.75"}, {"price": "0.7", "size": "3957"}, {"price": "0.69", "size": "306"}, {"price": "0.67", "size": "60.6"}, {"price": "0.66", "size": "125"}, {"price": "0.55", "size": "249.98"}, {"price": "0.46", "size": "200"}, {"price": "0.44", "size": "267.07"}, {"price": "0.43", "size": "5"}, {"price": "0.4", "size": "10"}, {"price": "0.38", "size": "2000"}, {"price": "0.35", "size": "189.97"}, {"price": "0.29", "size": "59.38"}, {"price": "0.28", "size": "15.27"}, {"price": "0.27", "size": "167.8"}, {"price": "0.25", "size": "1200"}, {"price": "0.24", "size": "220"}], "event_type": "book", "last_trade_price": "0.780"}]}
{"_local_timestamp": "2026-01-25T23:33:22.373571+00:00", "data": {"market": "0x61af02c9250c3917602e21c301e2f0cd032ea4e25bdef3751846b4d5f1c22799", "price_changes": [{"asset_id": "40581037591963443982506549884210281226867122905421206884675003828040093511244", "price": "0.75", "size": "1210", "side": "BUY", "hash": "fbc9933d330bb1fb9e8976d8117f19825118ef0a", "best_bid": "0.76", "best_ask": "0.79"}, {"asset_id": "77997400651011819054222158182618580861479123177562866576575031403070672671390", "price": "0.25", "size": "1210", "side": "SELL", "hash": "f92096516789b3075f48af68c16c73870690ec40", "best_bid": "0.21", "best_ask": "0.24"}], "timestamp": "1769384002308", "event_type": "price_change"}}
{"_local_timestamp": "2026-01-25T23:33:22.527075+00:00", "data": {"market": "0x61af02c9250c3917602e21c301e2f0cd032ea4e25bdef3751846b4d5f1c22799", "price_changes": [{"asset_id": "40581037591963443982506549884210281226867122905421206884675003828040093511244", "price": "0.75", "size": "1200", "side": "BUY", "hash": "d3fb7cbb05c54832fd8ed53be15c8cd60b1a866c", "best_bid": "0.76", "best_ask": "0.79"}, {"asset_id": "77997400651011819054222158182618580861479123177562866576575031403070672671390", "price": "0.25", "size": "1200", "side": "SELL", "hash": "dce2386151bc98e2b901c745209b2106505d32f2", "best_bid": "0.21", "best_ask": "0.24"}], "timestamp": "1769384002460", "event_type": "price_change"}}
{"_local_timestamp": "2026-01-25T23:33:23.842260+00:00", "data": {"market": "0x61af02c9250c3917602e21c301e2f0cd032ea4e25bdef3751846b4d5f1c22799", "price_changes": [{"asset_id": "40581037591963443982506549884210281226867122905421206884675003828040093511244", "price": "0.18", "size": "0", "side": "BUY", "hash": "d043664faa5bbf766cc89f86d3916adeb5850197", "best_bid": "0.76", "best_ask": "0.79"}, {"asset_id": "77997400651011819054222158182618580861479123177562866576575031403070672671390", "price": "0.82", "size": "0", "side": "SELL", "hash": "8d4a1a66f72800ef1145a18d72229e058b5cda50", "best_bid": "0.21", "best_ask": "0.24"}], "timestamp": "1769384003774", "event_type": "price_change"}}
{"_local_timestamp": "2026-01-25T23:33:24.380067+00:00", "data": {"market": "0x61af02c9250c3917602e21c301e2f0cd032ea4e25bdef3751846b4d5f1c22799", "price_changes": [{"asset_id": "40581037591963443982506549884210281226867122905421206884675003828040093511244", "price": "0.17", "size": "1390", "side": "BUY", "hash": "e02aa9239e1261cad514e7f8a2faa9bb3eb0f262", "best_bid": "0.76", "best_ask": "0.79"}, {"asset_id": "77997400651011819054222158182618580861479123177562866576575031403070672671390", "price": "0.83", "size": "1390", "side": "SELL", "hash": "efb1cbd01f315c77c0a926a27a8d7750a42977bb", "best_bid": "0.21", "best_ask": "0.24"}], "timestamp": "1769384004279", "event_type": "price_change"}}
{"_local_timestamp": "2026-01-25T23:33:24.764394+00:00", "data": {"market": "0x61af02c9250c3917602e21c301e2f0cd032ea4e25bdef3751846b4d5f1c22799", "price_changes": [{"asset_id": "77997400651011819054222158182618580861479123177562866576575031403070672671390", "price": "0.19", "size": "513.64", "side": "BUY", "hash": "1a58a02a2c46cc09c88f67df502769e7d2d7d22e", "best_bid": "0.21", "best_ask": "0.24"}, {"asset_id": "40581037591963443982506549884210281226867122905421206884675003828040093511244", "price": "0.81", "size": "513.64", "side": "SELL", "hash": "fdbf2966e6a22a4476368c6b88c0283406b6ea60", "best_bid": "0.76", "best_ask": "0.79"}], "timestamp": "1769384004696", "event_type": "price_change"}}
{"_local_timestamp": "2026-01-25T23:33:27.430705+00:00", "data": {"market": "0x61af02c9250c3917602e21c301e2f0cd032ea4e25bdef3751846b4d5f1c22799", "price_changes": [{"asset_id": "77997400651011819054222158182618580861479123177562866576575031403070672671390", "price": "0.19", "size": "503.64", "side": "BUY", "hash": "0ca442746364f143a5722129b81f78607a1e67af", "best_bid": "0.21", "best_ask": "0.24"}, {"asset_id": "40581037591963443982506549884210281226867122905421206884675003828040093511244", "price": "0.81", "size": "503.64", "side": "SELL", "hash": "cc6b586fb6661941dd5b37adbce7484522d1edba", "best_bid": "0.76", "best_ask": "0.79"}], "timestamp": "1769384007357", "event_type": "price_change"}}
{"_local_timestamp": "2026-01-25T23:33:29.118707+00:00", "data": {"market": "0x61af02c9250c3917602e21c301e2f0cd032ea4e25bdef3751846b4d5f1c22799", "price_changes": [{"asset_id": "40581037591963443982506549884210281226867122905421206884675003828040093511244", "price": "0.75", "size": "1210", "side": "BUY", "hash": "4b37c0e9fcd9015c10f0f22c4d3370da348562e7", "best_bid": "0.76", "best_ask": "0.79"}, {"asset_id": "77997400651011819054222158182618580861479123177562866576575031403070672671390", "price": "0.25", "size": "1210", "side": "SELL", "hash": "2fce1727ea500e6da61eee094ddc621ece266118", "best_bid": "0.21", "best_ask": "0.24"}], "timestamp": "1769384009044", "event_type": "price_change"}}
{"_local_timestamp": "2026-01-25T23:33:29.188344+00:00", "data": {"market": "0x61af02c9250c3917602e21c301e2f0cd032ea4e25bdef3751846b4d5f1c22799", "price_changes": [{"asset_id": "40581037591963443982506549884210281226867122905421206884675003828040093511244", "price": "0.75", "size": "1200", "side": "BUY", "hash": "c62b40bd82e95549f7dba5795fb6f048ab070695", "best_bid": "0.76", "best_ask": "0.79"}, {"asset_id": "77997400651011819054222158182618580861479123177562866576575031403070672671390", "price": "0.25", "size": "1200", "side": "SELL", "hash": "94db1a924e7d01a0957016486f2408b8ac7a94ad", "best_bid": "0.21", "best_ask": "0.24"}], "timestamp": "1769384009121", "event_type": "price_change"}}
{"_local_timestamp": "2026-01-25T23:33:31.335367+00:00", "data": {"market": "0x61af02c9250c3917602e21c301e2f0cd032ea4e25bdef3751846b4d5f1c22799", "price_changes": [{"asset_id": "77997400651011819054222158182618580861479123177562866576575031403070672671390", "price": "0.19", "size": "513.64", "side": "BUY", "hash": "597550625487c4cbab0dfa22ca6a27f6ef47f578", "best_bid": "0.21", "best_ask": "0.24"}, {"asset_id": "40581037591963443982506549884210281226867122905421206884675003828040093511244", "price": "0.81", "size": "513.64", "side": "SELL", "hash": "0439a6e6256684a26c70b89282f2b0c90d8cd27e", "best_bid": "0.76", "best_ask": "0.79"}], "timestamp": "1769384011262", "event_type": "price_change"}}
{"_local_timestamp": "2026-01-25T23:33:33.115764+00:00", "data": {"market": "0x61af02c9250c3917602e21c301e2f0cd032ea4e25bdef3751846b4d5f1c22799", "price_changes": [{"asset_id": "40581037591963443982506549884210281226867122905421206884675003828040093511244", "price": "0.23", "size": "0", "side": "BUY", "hash": "c360812674127c23cf58e43884e4bc15641ce1db", "best_bid": "0.76", "best_ask": "0.79"}, {"asset_id": "77997400651011819054222158182618580861479123177562866576575031403070672671390", "price": "0.77", "size": "0", "side": "SELL", "hash": "99ad7ba89c7f86949e0f2b3765e12d72f85c9310", "best_bid": "0.21", "best_ask": "0.24"}], "timestamp": "1769384013008", "event_type": "price_change"}}
{"_local_timestamp": "2026-01-25T23:33:33.429983+00:00", "data": {"market": "0x61af02c9250c3917602e21c301e2f0cd032ea4e25bdef3751846b4d5f1c22799", "price_changes": [{"asset_id": "77997400651011819054222158182618580861479123177562866576575031403070672671390", "price": "0.19", "size": "503.64", "side": "BUY", "hash": "7db5aa371e8d30821a4468d55df39a08f844f57e", "best_bid": "0.21", "best_ask": "0.24"}, {"asset_id": "40581037591963443982506549884210281226867122905421206884675003828040093511244", "price": "0.81", "size": "503.64", "side": "SELL", "hash": "411f3d3ccd39ad283e53e89419549a81f0d06b60", "best_bid": "0.76", "best_ask": "0.79"}], "timestamp": "1769384013197", "event_type": "price_change"}}
{"_local_timestamp": "2026-01-25T23:33:33.626294+00:00", "data": {"market": "0x61af02c9250c3917602e21c301e2f0cd032ea4e25bdef3751846b4d5f1c22799", "price_changes": [{"asset_id": "40581037591963443982506549884210281226867122905421206884675003828040093511244", "price": "0.25", "size": "504", "side": "BUY", "hash": "c06f051ac8db09da98a4cee9a0937cffca078ef5", "best_bid": "0.76", "best_ask": "0.79"}, {"asset_id": "77997400651011819054222158182618580861479123177562866576575031403070672671390", "price": "0.75", "size": "504", "side": "SELL", "hash": "c526bc29664b3d1e3b06d5c6bc15a3adcb7cde12", "best_bid": "0.21", "best_ask": "0.24"}], "timestamp": "1769384013518", "event_type": "price_change"}}
{"_local_timestamp": "2026-01-25T23:33:34.080465+00:00", "data": {"market": "0x61af02c9250c3917602e21c301e2f0cd032ea4e25bdef3751846b4d5f1c22799", "price_changes": [{"asset_id": "77997400651011819054222158182618580861479123177562866576575031403070672671390", "price": "0.19", "size": "513.64", "side": "BUY", "hash": "17df34dc64465141b1b103437502fc3f6b05cb31", "best_bid": "0.21", "best_ask": "0.24"}, {"asset_id": "40581037591963443982506549884210281226867122905421206884675003828040093511244", "price": "0.81", "size": "513.64", "side": "SELL", "hash": "3f03163e736553c663eaa82d0b8d3db6689290b9", "best_bid": "0.76", "best_ask": "0.79"}], "timestamp": "1769384014000", "event_type": "price_change"}}
{"_local_timestamp": "2026-01-25T23:33:34.476368+00:00", "data": {"market": "0x61af02c9250c3917602e21c301e2f0cd032ea4e25bdef3751846b4d5f1c22799", "price_changes": [{"asset_id": "77997400651011819054222158182618580861479123177562866576575031403070672671390", "price": "0.19", "size": "503.64", "side": "BUY", "hash": "7f21d55c505b0335ed5e4f432b299e5db8ba0557", "best_bid": "0.21", "best_ask": "0.24"}, {"asset_id": "40581037591963443982506549884210281226867122905421206884675003828040093511244", "price": "0.81", "size": "503.64", "side": "SELL", "hash": "7d0e8c78eec8b72f9a42e1813020bf368beb67f7", "best_bid": "0.76", "best_ask": "0.79"}], "timestamp": "1769384014402", "event_type": "price_change"}}
{"_local_timestamp": "2026-01-25T23:33:36.868152+00:00", "data": {"market": "0x61af02c9250c3917602e21c301e2f0cd032ea4e25bdef3751846b4d5f1c22799", "price_changes": [{"asset_id": "40581037591963443982506549884210281226867122905421206884675003828040093511244", "price": "0.75", "size": "1210", "side": "BUY", "hash": "fa7c8ad080d9bfa95cabd3d3bedda84f64553308", "best_bid": "0.76", "best_ask": "0.79"}, {"asset_id": "77997400651011819054222158182618580861479123177562866576575031403070672671390", "price": "0.25", "size": "1210", "side": "SELL", "hash": "e556d24ceb13f269a5090c6a94697e7d1d58955d", "best_bid": "0.21", "best_ask": "0.24"}], "timestamp": "1769384016802", "event_type": "price_change"}}
{"_local_timestamp": "2026-01-25T23:33:40.161802+00:00", "data": {"market": "0x61af02c9250c3917602e21c301e2f0cd032ea4e25bdef3751846b4d5f1c22799", "price_changes": [{"asset_id": "40581037591963443982506549884210281226867122905421206884675003828040093511244", "price": "0.17", "size": "1290", "side": "BUY", "hash": "7e55cedecbadd97cece3ff5c6e75ed624bbfe246", "best_bid": "0.76", "best_ask": "0.79"}, {"asset_id": "77997400651011819054222158182618580861479123177562866576575031403070672671390", "price": "0.83", "size": "1290", "side": "SELL", "hash": "0d6377a4e74cedc165117e4579d7380fb8dad639", "best_bid": "0.21", "best_ask": "0.24"}], "timestamp": "1769384020078", "event_type": "price_change"}}
{"_local_timestamp": "2026-01-25T23:33:40.393520+00:00", "data": {"market": "0x61af02c9250c3917602e21c301e2f0cd032ea4e25bdef3751846b4d5f1c22799", "price_changes": [{"asset_id": "40581037591963443982506549884210281226867122905421206884675003828040093511244", "price": "0.75", "size": "1200", "side": "BUY", "hash": "8f923de1036812ee501ce3a6cf2f0595de5b0a92", "best_bid": "0.76", "best_ask": "0.79"}, {"asset_id": "77997400651011819054222158182618580861479123177562866576575031403070672671390", "price": "0.25", "size": "1200", "side": "SELL", "hash": "a76424b616cc5ebce9979a5bb72c78774ca98e35", "best_bid": "0.21", "best_ask": "0.24"}], "timestamp": "1769384020194", "event_type": "price_change"}}
{"_local_timestamp": "2026-01-25T23:33:40.811584+00:00", "data": {"market": "0x61af02c9250c3917602e21c301e2f0cd032ea4e25bdef3751846b4d5f1c22799", "price_changes": [{"asset_id": "40581037591963443982506549884210281226867122905421206884675003828040093511244", "price": "0.18", "size": "100", "side": "BUY", "hash": "efcd389cb6779feccf43ad8b996aee0e442e33e9", "best_bid": "0.76", "best_ask": "0.79"}, {"asset_id": "77997400651011819054222158182618580861479123177562866576575031403070672671390", "price": "0.82", "size": "100", "side": "SELL", "hash": "d79e1aa43cce9374052d93e4d9d8d93abe0adef9", "best_bid": "0.21", "best_ask": "0.24"}], "timestamp": "1769384020563", "event_type": "price_change"}}
{"_local_timestamp": "2026-01-25T23:33:42.663176+00:00", "data": {"market": "0x61af02c9250c3917602e21c301e2f0cd032ea4e25bdef3751846b4d5f1c22799", "price_changes": [{"asset_id": "77997400651011819054222158182618580861479123177562866576575031403070672671390", "price": "0.19", "size": "513.64", "side": "BUY", "hash": "b09ffe59cfce14e9abfd769f87864fb7f7ad3aca", "best_bid": "0.21", "best_ask": "0.24"}, {"asset_id": "40581037591963443982506549884210281226867122905421206884675003828040093511244", "price": "0.81", "size": "513.64", "side": "SELL", "hash": "c72dad359aa6752358e5b56fa80ad849840d810e", "best_bid": "0.76", "best_ask": "0.79"}], "timestamp": "1769384022597", "event_type": "price_change"}}
{"_local_timestamp": "2026-01-25T23:33:44.383404+00:00", "data": {"market": "0x61af02c9250c3917602e21c301e2f0cd032ea4e25bdef3751846b4d5f1c22799", "price_changes": [{"asset_id": "77997400651011819054222158182618580861479123177562866576575031403070672671390", "price": "0.19", "size": "503.64", "side": "BUY", "hash": "3abea6f5e71d0a4c34ec2623e7d449bb41f0cfd4", "best_bid": "0.21", "best_ask": "0.24"}, {"asset_id": "40581037591963443982506549884210281226867122905421206884675003828040093511244", "price": "0.81", "size": "503.64", "side": "SELL", "hash": "9cd3159e6144708b2bea8512f670fbf469abf5eb", "best_bid": "0.76", "best_ask": "0.79"}], "timestamp": "1769384024317", "event_type": "price_change"}}
{"_local_timestamp": "2026-01-25T23:33:44.502721+00:00", "data": {"market": "0x61af02c9250c3917602e21c301e2f0cd032ea4e25bdef3751846b4d5f1c22799", "price_changes": [{"asset_id": "40581037591963443982506549884210281226867122905421206884675003828040093511244", "price": "0.75", "size": "1210", "side": "BUY", "hash": "161aaa158f8fa33ad25a8d304d447b953096707c", "best_bid": "0.76", "best_ask": "0.79"}, {"asset_id": "77997400651011819054222158182618580861479123177562866576575031403070672671390", "price": "0.25", "size": "1210", "side": "SELL", "hash": "293763c56205e26bd2e82b579b3065d32294d3b8", "best_bid": "0.21", "best_ask": "0.24"}], "timestamp": "1769384024435", "event_type": "price_change"}}
{"_local_timestamp": "2026-01-25T23:33:46.714248+00:00", "data": {"market": "0x61af02c9250c3917602e21c301e2f0cd032ea4e25bdef3751846b4d5f1c22799", "price_changes": [{"asset_id": "40581037591963443982506549884210281226867122905421206884675003828040093511244", "price": "0.75", "size": "1200", "side": "BUY", "hash": "d1c6cc96583edb3a63039be115c9e60921ff61de", "best_bid": "0.76", "best_ask": "0.79"}, {"asset_id": "77997400651011819054222158182618580861479123177562866576575031403070672671390", "price": "0.25", "size": "1200", "side": "SELL", "hash": "5b6ed97db23a5f4866c638bad88b314c013a59f4", "best_bid": "0.21", "best_ask": "0.24"}], "timestamp": "1769384026646", "event_type": "price_change"}}
{"_local_timestamp": "2026-01-25T23:33:46.837729+00:00", "data": {"market": "0x61af02c9250c3917602e21c301e2f0cd032ea4e25bdef3751846b4d5f1c22799", "price_changes": [{"asset_id": "77997400651011819054222158182618580861479123177562866576575031403070672671390", "price": "0.19", "size": "513.64", "side": "BUY", "hash": "968bbe96ab9c5ec73483b110f36c6f535863a692", "best_bid": "0.21", "best_ask": "0.24"}, {"asset_id": "40581037591963443982506549884210281226867122905421206884675003828040093511244", "price": "0.81", "size": "513.64", "side": "SELL", "hash": "8ab2b0a6947e8548f933ef18656d696cb7217947", "best_bid": "0.76", "best_ask": "0.79"}], "timestamp": "1769384026769", "event_type": "price_change"}}
{"_local_timestamp": "2026-01-25T23:33:47.123892+00:00", "data": {"market": "0x61af02c9250c3917602e21c301e2f0cd032ea4e25bdef3751846b4d5f1c22799", "price_changes": [{"asset_id": "77997400651011819054222158182618580861479123177562866576575031403070672671390", "price": "0.19", "size": "503.64", "side": "BUY", "hash": "a851a154f4a7e8c57e23aa7f539c293b14e13b8b", "best_bid": "0.21", "best_ask": "0.24"}, {"asset_id": "40581037591963443982506549884210281226867122905421206884675003828040093511244", "price": "0.81", "size": "503.64", "side": "SELL", "hash": "42c713ca25ea61d2dc2a7c1dae09b227c7f7de34", "best_bid": "0.76", "best_ask": "0.79"}], "timestamp": "1769384027056", "event_type": "price_change"}}
{"_local_timestamp": "2026-01-25T23:33:48.317075+00:00", "data": {"market": "0x61af02c9250c3917602e21c301e2f0cd032ea4e25bdef3751846b4d5f1c22799", "price_changes": [{"asset_id": "40581037591963443982506549884210281226867122905421206884675003828040093511244", "price": "0.75", "size": "1210", "side": "BUY", "hash": "ed2cac71176563f3a84c75c0d85d55e976502f0f", "best_bid": "0.76", "best_ask": "0.79"}, {"asset_id": "77997400651011819054222158182618580861479123177562866576575031403070672671390", "price": "0.25", "size": "1210", "side": "SELL", "hash": "2d66d25f1f44726a6f8049e9274e4bc45280088d", "best_bid": "0.21", "best_ask": "0.24"}], "timestamp": "1769384028248", "event_type": "price_change"}}
{"_local_timestamp": "2026-01-25T23:33:52.309474+00:00", "data": {"market": "0x61af02c9250c3917602e21c301e2f0cd032ea4e25bdef3751846b4d5f1c22799", "price_changes": [{"asset_id": "40581037591963443982506549884210281226867122905421206884675003828040093511244", "price": "0.17", "size": "1240", "side": "BUY", "hash": "d3c76298a7e329c41171614acd8357ba54590138", "best_bid": "0.76", "best_ask": "0.79"}, {"asset_id": "77997400651011819054222158182618580861479123177562866576575031403070672671390", "price": "0.83", "size": "1240", "side": "SELL", "hash": "031ae9b6e803b0d0faf323a825309d64420e256e", "best_bid": "0.21", "best_ask": "0.24"}], "timestamp": "1769384032223", "event_type": "price_change"}}
{"_local_timestamp": "2026-01-25T23:33:52.621641+00:00", "data": {"market": "0x61af02c9250c3917602e21c301e2f0cd032ea4e25bdef3751846b4d5f1c22799", "price_changes": [{"asset_id": "40581037591963443982506549884210281226867122905421206884675003828040093511244", "price": "0.19", "size": "2260", "side": "BUY", "hash": "1fabd893921c8d64157f527c9a4a2217eed1721d", "best_bid": "0.76", "best_ask": "0.79"}, {"asset_id": "77997400651011819054222158182618580861479123177562866576575031403070672671390", "price": "0.81", "size": "2260", "side": "SELL", "hash": "0bb4de335a05f55a168ff1f2ad89f33271ef4232", "best_bid": "0.21", "best_ask": "0.24"}], "timestamp": "1769384032542", "event_type": "price_change"}}
{"_local_timestamp": "2026-01-25T23:33:52.896603+00:00", "data": {"market": "0x61af02c9250c3917602e21c301e2f0cd032ea4e25bdef3751846b4d5f1c22799", "price_changes": [{"asset_id": "40581037591963443982506549884210281226867122905421206884675003828040093511244", "price": "0.75", "size": "1200", "side": "BUY", "hash": "3703d9c97cefa12cb4ee8f0a899859d1be05f1c9", "best_bid": "0.76", "best_ask": "0.79"}, {"asset_id": "77997400651011819054222158182618580861479123177562866576575031403070672671390", "price": "0.25", "size": "1200", "side": "SELL", "hash": "8253fc0bcfab87132441227d71ad12ea9fb55b1c", "best_bid": "0.21", "best_ask": "0.24"}], "timestamp": "1769384032830", "event_type": "price_change"}}
{"_local_timestamp": "2026-01-25T23:33:54.457172+00:00", "data": {"market": "0x61af02c9250c3917602e21c301e2f0cd032ea4e25bdef3751846b4d5f1c22799", "price_changes": [{"asset_id": "40581037591963443982506549884210281226867122905421206884675003828040093511244", "price": "0.75", "size": "1210", "side": "BUY", "hash": "2de6098275abe83e4103d18030a79860e062c03c", "best_bid": "0.76", "best_ask": "0.79"}, {"asset_id": "77997400651011819054222158182618580861479123177562866576575031403070672671390", "price": "0.25", "size": "1210", "side": "SELL", "hash": "3e043784e633d4ebe14f6d2fd4254a5f2cf38cdc", "best_bid": "0.21", "best_ask": "0.24"}], "timestamp": "1769384034387", "event_type": "price_change"}}
{"_local_timestamp": "2026-01-25T23:33:54.653670+00:00", "data": {"market": "0x61af02c9250c3917602e21c301e2f0cd032ea4e25bdef3751846b4d5f1c22799", "price_changes": [{"asset_id": "40581037591963443982506549884210281226867122905421206884675003828040093511244", "price": "0.75", "size": "1200", "side": "BUY", "hash": "b267a533c7e878abff34622b371133c188479abb", "best_bid": "0.76", "best_ask": "0.79"}, {"asset_id": "77997400651011819054222158182618580861479123177562866576575031403070672671390", "price": "0.25", "size": "1200", "side": "SELL", "hash": "958b5e4ccb73321a41b2fad2017d47e61c1b993b", "best_bid": "0.21", "best_ask": "0.24"}], "timestamp": "1769384034584", "event_type": "price_change"}}
{"_local_timestamp": "2026-01-25T23:33:56.449101+00:00", "data": {"market": "0x61af02c9250c3917602e21c301e2f0cd032ea4e25bdef3751846b4d5f1c22799", "price_changes": [{"asset_id": "77997400651011819054222158182618580861479123177562866576575031403070672671390", "price": "0.19", "size": "513.64", "side": "BUY", "hash": "f40f58533bed6952e573d6834cbd03f9f76a07dd", "best_bid": "0.21", "best_ask": "0.24"}, {"asset_id": "40581037591963443982506549884210281226867122905421206884675003828040093511244", "price": "0.81", "size": "513.64", "side": "SELL", "hash": "c197eeb48ec9fbcd58552942ec0753ef8a1fa0e7", "best_bid": "0.76", "best_ask": "0.79"}], "timestamp": "1769384036383", "event_type": "price_change"}}
{"_local_timestamp": "2026-01-25T23:33:58.696661+00:00", "data": {"market": "0x61af02c9250c3917602e21c301e2f0cd032ea4e25bdef3751846b4d5f1c22799", "price_changes": [{"asset_id": "77997400651011819054222158182618580861479123177562866576575031403070672671390", "price": "0.19", "size": "503.64", "side": "BUY", "hash": "d24c7905b71cb5b41a1a622b5becc71e96829dcf", "best_bid": "0.21", "best_ask": "0.24"}, {"asset_id": "40581037591963443982506549884210281226867122905421206884675003828040093511244", "price": "0.81", "size": "503.64", "side": "SELL", "hash": "3ef7bf03ed21c37dfb2c1207e71151547829cc3a", "best_bid": "0.76", "best_ask": "0.79"}], "timestamp": "1769384038621", "event_type": "price_change"}}
{"_local_timestamp": "2026-01-25T23:33:59.502474+00:00", "data": {"market": "0x61af02c9250c3917602e21c301e2f0cd032ea4e25bdef3751846b4d5f1c22799", "price_changes": [{"asset_id": "40581037591963443982506549884210281226867122905421206884675003828040093511244", "price": "0.75", "size": "1210", "side": "BUY", "hash": "fcd86eb8abac7f7f119f202ed003fc9753530e66", "best_bid": "0.76", "best_ask": "0.79"}, {"asset_id": "77997400651011819054222158182618580861479123177562866576575031403070672671390", "price": "0.25", "size": "1210", "side": "SELL", "hash": "780252994819ba01b56abdeb2f7f0eaf4f300ab2", "best_bid": "0.21", "best_ask": "0.24"}], "timestamp": "1769384039433", "event_type": "price_change"}}
{"_local_timestamp": "2026-01-25T23:33:59.986751+00:00", "data": {"market": "0x61af02c9250c3917602e21c301e2f0cd032ea4e25bdef3751846b4d5f1c22799", "price_changes": [{"asset_id": "40581037591963443982506549884210281226867122905421206884675003828040093511244", "price": "0.75", "size": "1200", "side": "BUY", "hash": "7b330901a9d448fca6172be23b5af5ae64bc46e9", "best_bid": "0.76", "best_ask": "0.79"}, {"asset_id": "77997400651011819054222158182618580861479123177562866576575031403070672671390", "price": "0.25", "size": "1200", "side": "SELL", "hash": "f6e26290f418a92394954b41e11d35fde6674e66", "best_bid": "0.21", "best_ask": "0.24"}], "timestamp": "1769384039922", "event_type": "price_change"}}
{"_local_timestamp": "2026-01-25T23:34:00.041359+00:00", "data": {"market": "0x61af02c9250c3917602e21c301e2f0cd032ea4e25bdef3751846b4d5f1c22799", "price_changes": [{"asset_id": "77997400651011819054222158182618580861479123177562866576575031403070672671390", "price": "0.19", "size": "513.64", "side": "BUY", "hash": "0903153b34ed0121564ed4606c01041a824f8aff", "best_bid": "0.21", "best_ask": "0.24"}, {"asset_id": "40581037591963443982506549884210281226867122905421206884675003828040093511244", "price": "0.81", "size": "513.64", "side": "SELL", "hash": "abfd3c638a189ea0ede8a640ae9b113a861379bc", "best_bid": "0.76", "best_ask": "0.79"}], "timestamp": "1769384039974", "event_type": "price_change"}}
{"_local_timestamp": "2026-01-25T23:34:01.394295+00:00", "data": {"market": "0x61af02c9250c3917602e21c301e2f0cd032ea4e25bdef3751846b4d5f1c22799", "price_changes": [{"asset_id": "77997400651011819054222158182618580861479123177562866576575031403070672671390", "price": "0.19", "size": "503.64", "side": "BUY", "hash": "74b12dd2408fb69a69f0622b6a5b9527960bce9e", "best_bid": "0.21", "best_ask": "0.24"}, {"asset_id": "40581037591963443982506549884210281226867122905421206884675003828040093511244", "price": "0.81", "size": "503.64", "side": "SELL", "hash": "fe627abde3d3ebb01082adf4b8571fc6c08c6416", "best_bid": "0.76", "best_ask": "0.79"}], "timestamp": "1769384041322", "event_type": "price_change"}}
{"_local_timestamp": "2026-01-25T23:34:02.064773+00:00", "data": {"market": "0x61af02c9250c3917602e21c301e2f0cd032ea4e25bdef3751846b4d5f1c22799", "price_changes": [{"asset_id": "40581037591963443982506549884210281226867122905421206884675003828040093511244", "price": "0.75", "size": "1210", "side": "BUY", "hash": "347689c770cd11b110fe994332f358422aa9be44", "best_bid": "0.76", "best_ask": "0.79"}, {"asset_id": "77997400651011819054222158182618580861479123177562866576575031403070672671390", "price": "0.25", "size": "1210", "side": "SELL", "hash": "a468c81169077c99035323530e841b28671522bd", "best_bid": "0.21", "best_ask": "0.24"}], "timestamp": "1769384041989", "event_type": "price_change"}}
{"_local_timestamp": "2026-01-25T23:34:02.154355+00:00", "data": {"market": "0x61af02c9250c3917602e21c301e2f0cd032ea4e25bdef3751846b4d5f1c22799", "price_changes": [{"asset_id": "40581037591963443982506549884210281226867122905421206884675003828040093511244", "price": "0.75", "size": "1200", "side": "BUY", "hash": "864c7fd5f9bc1c12368462f4a78e773f9cb24626", "best_bid": "0.76", "best_ask": "0.79"}, {"asset_id": "77997400651011819054222158182618580861479123177562866576575031403070672671390", "price": "0.25", "size": "1200", "side": "SELL", "hash": "f35ada3d24f4facdea09d3f5ff1ec629f6559513", "best_bid": "0.21", "best_ask": "0.24"}], "timestamp": "1769384042084", "event_type": "price_change"}}
{"_local_timestamp": "2026-01-25T23:34:02.278189+00:00", "data": {"market": "0x61af02c9250c3917602e21c301e2f0cd032ea4e25bdef3751846b4d5f1c22799", "price_changes": [{"asset_id": "77997400651011819054222158182618580861479123177562866576575031403070672671390", "price": "0.19", "size": "513.64", "side": "BUY", "hash": "a6a63ecd01cda2aaac59a2c8987aba2618a15baf", "best_bid": "0.21", "best_ask": "0.24"}, {"asset_id": "40581037591963443982506549884210281226867122905421206884675003828040093511244", "price": "0.81", "size": "513.64", "side": "SELL", "hash": "cf53da2a69ff994cf72e20fd65f9f4fef5e5cff2", "best_bid": "0.76", "best_ask": "0.79"}], "timestamp": "1769384042202", "event_type": "price_change"}}
{"_local_timestamp": "2026-01-25T23:34:04.537368+00:00", "data": {"market": "0x61af02c9250c3917602e21c301e2f0cd032ea4e25bdef3751846b4d5f1c22799", "price_changes": [{"asset_id": "40581037591963443982506549884210281226867122905421206884675003828040093511244", "price": "0.17", "size": "1090", "side": "BUY", "hash": "f23049774d2652ba8d3b926c8df006e341483e4b", "best_bid": "0.76", "best_ask": "0.79"}, {"asset_id": "77997400651011819054222158182618580861479123177562866576575031403070672671390", "price": "0.83", "size": "1090", "side": "SELL", "hash": "2a6934226d989c6fd62f0499b282063893e867c5", "best_bid": "0.21", "best_ask": "0.24"}], "timestamp": "1769384044470", "event_type": "price_change"}}
{"_local_timestamp": "2026-01-25T23:34:05.048596+00:00", "data": {"market": "0x61af02c9250c3917602e21c301e2f0cd032ea4e25bdef3751846b4d5f1c22799", "price_changes": [{"asset_id": "40581037591963443982506549884210281226867122905421206884675003828040093511244", "price": "0.19", "size": "2410", "side": "BUY", "hash": "bea305eb5cd1885d3579d25f436f65132a84a7f4", "best_bid": "0.76", "best_ask": "0.79"}, {"asset_id": "77997400651011819054222158182618580861479123177562866576575031403070672671390", "price": "0.81", "size": "2410", "side": "SELL", "hash": "b319826bc7c13ea9ac39aa1cd34d48d2bc581144", "best_bid": "0.21", "best_ask": "0.24"}], "timestamp": "1769384044872", "event_type": "price_change"}}
{"_local_timestamp": "2026-01-25T23:34:05.948519+00:00", "data": {"market": "0x61af02c9250c3917602e21c301e2f0cd032ea4e25bdef3751846b4d5f1c22799", "price_changes": [{"asset_id": "77997400651011819054222158182618580861479123177562866576575031403070672671390", "price": "0.19", "size": "503.64", "side": "BUY", "hash": "2b51d4252d42c4b8b34ad0bc9f9c9955e0489a86", "best_bid": "0.21", "best_ask": "0.24"}, {"asset_id": "40581037591963443982506549884210281226867122905421206884675003828040093511244", "price": "0.81", "size": "503.64", "side": "SELL", "hash": "f8698af9059f9b77722dd0fddc7f685af881fe63", "best_bid": "0.76", "best_ask": "0.79"}], "timestamp": "1769384045875", "event_type": "price_change"}}
{"_local_timestamp": "2026-01-25T23:34:08.123113+00:00", "data": {"market": "0x61af02c9250c3917602e21c301e2f0cd032ea4e25bdef3751846b4d5f1c22799", "price_changes": [{"asset_id": "77997400651011819054222158182618580861479123177562866576575031403070672671390", "price": "0.19", "size": "513.64", "side": "BUY", "hash": "c520d12850af327296225a187b848d04c0a0375c", "best_bid": "0.21", "best_ask": "0.24"}, {"asset_id": "40581037591963443982506549884210281226867122905421206884675003828040093511244", "price": "0.81", "size": "513.64", "side": "SELL", "hash": "5e13f32d48979ea1b1963e0a3e62ce5e16c99954", "best_bid": "0.76", "best_ask": "0.79"}], "timestamp": "1769384048007", "event_type": "price_change"}}
{"_local_timestamp": "2026-01-25T23:34:12.503762+00:00", "data": {"market": "0x61af02c9250c3917602e21c301e2f0cd032ea4e25bdef3751846b4d5f1c22799", "price_changes": [{"asset_id": "77997400651011819054222158182618580861479123177562866576575031403070672671390", "price": "0.19", "size": "503.64", "side": "BUY", "hash": "50845da2d33c5bf7936d845936a47bc2452af157", "best_bid": "0.21", "best_ask": "0.24"}, {"asset_id": "40581037591963443982506549884210281226867122905421206884675003828040093511244", "price": "0.81", "size": "503.64", "side": "SELL", "hash": "ba67c1c931a7cff3aaeba57904512ef07f912152", "best_bid": "0.76", "best_ask": "0.79"}], "timestamp": "1769384052425", "event_type": "price_change"}}
{"_local_timestamp": "2026-01-25T23:34:14.461677+00:00", "data": {"market": "0x61af02c9250c3917602e21c301e2f0cd032ea4e25bdef3751846b4d5f1c22799", "price_changes": [{"asset_id": "77997400651011819054222158182618580861479123177562866576575031403070672671390", "price": "0.19", "size": "513.64", "side": "BUY", "hash": "4bdc054d68750267abe6982223ea06e53661b8da", "best_bid": "0.21", "best_ask": "0.24"}, {"asset_id": "40581037591963443982506549884210281226867122905421206884675003828040093511244", "price": "0.81", "size": "513.64", "side": "SELL", "hash": "d267295babd1cff59a7998f3fddcc7c47aa9ee27", "best_bid": "0.76", "best_ask": "0.79"}], "timestamp": "1769384054393", "event_type": "price_change"}}
{"_local_timestamp": "2026-01-25T23:34:18.152751+00:00", "data": {"market": "0x61af02c9250c3917602e21c301e2f0cd032ea4e25bdef3751846b4d5f1c22799", "price_changes": [{"asset_id": "77997400651011819054222158182618580861479123177562866576575031403070672671390", "price": "0.19", "size": "503.64", "side": "BUY", "hash": "7f5ea4f01565315fcd60c67cce1cc8bf0c66b45a", "best_bid": "0.21", "best_ask": "0.24"}, {"asset_id": "40581037591963443982506549884210281226867122905421206884675003828040093511244", "price": "0.81", "size": "503.64", "side": "SELL", "hash": "3573b41b699e7ee6350a6a28433176093f948c69", "best_bid": "0.76", "best_ask": "0.79"}], "timestamp": "1769384058086", "event_type": "price_change"}}
{"_local_timestamp": "2026-01-25T23:34:18.611691+00:00", "data": {"market": "0x61af02c9250c3917602e21c301e2f0cd032ea4e25bdef3751846b4d5f1c22799", "price_changes": [{"asset_id": "40581037591963443982506549884210281226867122905421206884675003828040093511244", "price": "0.75", "size": "1210", "side": "BUY", "hash": "4cf25c693c53315c0447487fadc77e09de087fd1", "best_bid": "0.76", "best_ask": "0.79"}, {"asset_id": "77997400651011819054222158182618580861479123177562866576575031403070672671390", "price": "0.25", "size": "1210", "side": "SELL", "hash": "7b127ce7ef6a80b75588c6fe95afe9cfdd676c95", "best_bid": "0.21", "best_ask": "0.24"}], "timestamp": "1769384058544", "event_type": "price_change"}}
{"_local_timestamp": "2026-01-25T23:34:19.646507+00:00", "data": {"market": "0x61af02c9250c3917602e21c301e2f0cd032ea4e25bdef3751846b4d5f1c22799", "price_changes": [{"asset_id": "40581037591963443982506549884210281226867122905421206884675003828040093511244", "price": "0.75", "size": "1200", "side": "BUY", "hash": "b405d1e1c26dd0c78886da7841e55a95c43f5bce", "best_bid": "0.76", "best_ask": "0.79"}, {"asset_id": "77997400651011819054222158182618580861479123177562866576575031403070672671390", "price": "0.25", "size": "1200", "side": "SELL", "hash": "66a51078b536b8a506ad7c4503d2f96c37452028", "best_bid": "0.21", "best_ask": "0.24"}], "timestamp": "1769384059578", "event_type": "price_change"}}
{"_local_timestamp": "2026-01-25T23:34:19.675543+00:00", "data": {"market": "0x61af02c9250c3917602e21c301e2f0cd032ea4e25bdef3751846b4d5f1c22799", "price_changes": [{"asset_id": "77997400651011819054222158182618580861479123177562866576575031403070672671390", "price": "0.19", "size": "513.64", "side": "BUY", "hash": "ce3888d1742876ea0fc12244b860f07473ed6743", "best_bid": "0.21", "best_ask": "0.24"}, {"asset_id": "40581037591963443982506549884210281226867122905421206884675003828040093511244", "price": "0.81", "size": "513.64", "side": "SELL", "hash": "0d10dee2f32e5d684153c453c49c84d1ec6b1779", "best_bid": "0.76", "best_ask": "0.79"}], "timestamp": "1769384059604", "event_type": "price_change"}}
{"_local_timestamp": "2026-01-25T23:34:19.901305+00:00", "data": {"market": "0x61af02c9250c3917602e21c301e2f0cd032ea4e25bdef3751846b4d5f1c22799", "price_changes": [{"asset_id": "40581037591963443982506549884210281226867122905421206884675003828040093511244", "price": "0.19", "size": "200", "side": "BUY", "hash": "bf9ae0d84ac950d96e2ae8a5150b119085c0974e", "best_bid": "0.76", "best_ask": "0.79"}, {"asset_id": "77997400651011819054222158182618580861479123177562866576575031403070672671390", "price": "0.81", "size": "200", "side": "SELL", "hash": "ac8532822ecb1e0242b510aa9095fa98726a8b18", "best_bid": "0.21", "best_ask": "0.24"}], "timestamp": "1769384059764", "event_type": "price_change"}}
{"_local_timestamp": "2026-01-25T23:34:20.515717+00:00", "data": {"market": "0x61af02c9250c3917602e21c301e2f0cd032ea4e25bdef3751846b4d5f1c22799", "price_changes": [{"asset_id": "77997400651011819054222158182618580861479123177562866576575031403070672671390", "price": "0.19", "size": "503.64", "side": "BUY", "hash": "996dbeeb458d6978c3bf69298cc0f6661e7f2fd1", "best_bid": "0.21", "best_ask": "0.24"}, {"asset_id": "40581037591963443982506549884210281226867122905421206884675003828040093511244", "price": "0.81", "size": "503.64", "side": "SELL", "hash": "44dd7af42fc91052d069ee9167cb896049b9a6d9", "best_bid": "0.76", "best_ask": "0.79"}], "timestamp": "1769384060442", "event_type": "price_change"}}
{"_local_timestamp": "2026-01-25T23:34:21.104294+00:00", "data": {"market": "0x61af02c9250c3917602e21c301e2f0cd032ea4e25bdef3751846b4d5f1c22799", "price_changes": [{"asset_id": "40581037591963443982506549884210281226867122905421206884675003828040093511244", "price": "0.75", "size": "1210", "side": "BUY", "hash": "4ba7023f17d2cfa1461fe0f3e00123cf86082167", "best_bid": "0.76", "best_ask": "0.79"}, {"asset_id": "77997400651011819054222158182618580861479123177562866576575031403070672671390", "price": "0.25", "size": "1210", "side": "SELL", "hash": "a3802d818cb85d4be7b3df31bbe6499da98b79cc", "best_bid": "0.21", "best_ask": "0.24"}], "timestamp": "1769384061012", "event_type": "price_change"}}
{"_local_timestamp": "2026-01-25T23:34:24.609404+00:00", "data": {"market": "0x61af02c9250c3917602e21c301e2f0cd032ea4e25bdef3751846b4d5f1c22799", "price_changes": [{"asset_id": "40581037591963443982506549884210281226867122905421206884675003828040093511244", "price": "0.18", "size": "2432", "side": "BUY", "hash": "b5fc2bfb89e66a7697b94ec89cd62bc57474d87c", "best_bid": "0.76", "best_ask": "0.79"}, {"asset_id": "77997400651011819054222158182618580861479123177562866576575031403070672671390", "price": "0.82", "size": "2432", "side": "SELL", "hash": "6e00ae183d43a6629a542c67bd68a9777e4eb934", "best_bid": "0.21", "best_ask": "0.24"}], "timestamp": "1769384064538", "event_type": "price_change"}}
{"_local_timestamp": "2026-01-25T23:34:24.890299+00:00", "data": {"market": "0x61af02c9250c3917602e21c301e2f0cd032ea4e25bdef3751846b4d5f1c22799", "price_changes": [{"asset_id": "40581037591963443982506549884210281226867122905421206884675003828040093511244", "price": "0.75", "size": "1200", "side": "BUY", "hash": "84e4efb29a464b6bab34a79e1fb8d66d8937b34e", "best_bid": "0.76", "best_ask": "0.79"}, {"asset_id": "77997400651011819054222158182618580861479123177562866576575031403070672671390", "price": "0.25", "size": "1200", "side": "SELL", "hash": "31cafe5e1ec1181e85294c6642bb7d0213d59cb8", "best_bid": "0.21", "best_ask": "0.24"}], "timestamp": "1769384064816", "event_type": "price_change"}}
{"_local_timestamp": "2026-01-25T23:34:25.577618+00:00", "data": {"market": "0x61af02c9250c3917602e21c301e2f0cd032ea4e25bdef3751846b4d5f1c22799", "price_changes": [{"asset_id": "77997400651011819054222158182618580861479123177562866576575031403070672671390", "price": "0.19", "size": "513.64", "side": "BUY", "hash": "ae75bd1f3ecde7d018905744fbefe0818daba818", "best_bid": "0.21", "best_ask": "0.24"}, {"asset_id": "40581037591963443982506549884210281226867122905421206884675003828040093511244", "price": "0.81", "size": "513.64", "side": "SELL", "hash": "aa4438e61a373fc5547a06eec7c91d3256af2734", "best_bid": "0.76", "best_ask": "0.79"}], "timestamp": "1769384065509", "event_type": "price_change"}}
{"_local_timestamp": "2026-01-25T23:34:26.532542+00:00", "data": {"market": "0x61af02c9250c3917602e21c301e2f0cd032ea4e25bdef3751846b4d5f1c22799", "price_changes": [{"asset_id": "77997400651011819054222158182618580861479123177562866576575031403070672671390", "price": "0.19", "size": "503.64", "side": "BUY", "hash": "b327a949746381e522ec1ecbb568abd70ddc2528", "best_bid": "0.21", "best_ask": "0.24"}, {"asset_id": "40581037591963443982506549884210281226867122905421206884675003828040093511244", "price": "0.81", "size": "503.64", "side": "SELL", "hash": "2292dae11d1206ccbe3d38c5b163e5d690d03077", "best_bid": "0.76", "best_ask": "0.79"}], "timestamp": "1769384066467", "event_type": "price_change"}}
{"_local_timestamp": "2026-01-25T23:34:27.040508+00:00", "data": {"market": "0x61af02c9250c3917602e21c301e2f0cd032ea4e25bdef3751846b4d5f1c22799", "price_changes": [{"asset_id": "40581037591963443982506549884210281226867122905421206884675003828040093511244", "price": "0.75", "size": "1210", "side": "BUY", "hash": "c53f31078093e15133b5fb276add225d4e510354", "best_bid": "0.76", "best_ask": "0.79"}, {"asset_id": "77997400651011819054222158182618580861479123177562866576575031403070672671390", "price": "0.25", "size": "1210", "side": "SELL", "hash": "20df739693eeb2d5f24da633636ba71b2407fc43", "best_bid": "0.21", "best_ask": "0.24"}], "timestamp": "1769384066930", "event_type": "price_change"}}
{"_local_timestamp": "2026-01-25T23:34:27.867836+00:00", "data": {"market": "0x61af02c9250c3917602e21c301e2f0cd032ea4e25bdef3751846b4d5f1c22799", "price_changes": [{"asset_id": "40581037591963443982506549884210281226867122905421206884675003828040093511244", "price": "0.17", "size": "940", "side": "BUY", "hash": "f2bacb8a0c8355b1f65c1851184b7dd7224cf628", "best_bid": "0.76", "best_ask": "0.79"}, {"asset_id": "77997400651011819054222158182618580861479123177562866576575031403070672671390", "price": "0.83", "size": "940", "side": "SELL", "hash": "2513822b94a3a1ffd76209365211dcda78080be3", "best_bid": "0.21", "best_ask": "0.24"}], "timestamp": "1769384067609", "event_type": "price_change"}}
{"_local_timestamp": "2026-01-25T23:34:28.565350+00:00", "data": {"market": "0x61af02c9250c3917602e21c301e2f0cd032ea4e25bdef3751846b4d5f1c22799", "price_changes": [{"asset_id": "40581037591963443982506549884210281226867122905421206884675003828040093511244", "price": "0.18", "size": "2582", "side": "BUY", "hash": "43d5b9d0c0d82fbf7dd4ce1f6eff11858bc06dc1", "best_bid": "0.76", "best_ask": "0.79"}, {"asset_id": "77997400651011819054222158182618580861479123177562866576575031403070672671390", "price": "0.82", "size": "2582", "side": "SELL", "hash": "f3c87ce1b9fe758b6e3a683cf6c505ba442b2896", "best_bid": "0.21", "best_ask": "0.24"}], "timestamp": "1769384068151", "event_type": "price_change"}}
{"_local_timestamp": "2026-01-25T23:34:29.144736+00:00", "data": {"market": "0x61af02c9250c3917602e21c301e2f0cd032ea4e25bdef3751846b4d5f1c22799", "price_changes": [{"asset_id": "40581037591963443982506549884210281226867122905421206884675003828040093511244", "price": "0.75", "size": "1200", "side": "BUY", "hash": "4d7d72358e65bd71d616e35a12f0d2716338d5b8", "best_bid": "0.76", "best_ask": "0.79"}, {"asset_id": "77997400651011819054222158182618580861479123177562866576575031403070672671390", "price": "0.25", "size": "1200", "side": "SELL", "hash": "c6cdda2d470c0b3891f56459c3e660eac05635a2", "best_bid": "0.21", "best_ask": "0.24"}], "timestamp": "1769384068974", "event_type": "price_change"}}
{"_local_timestamp": "2026-01-25T23:34:30.514099+00:00", "data": {"market": "0x61af02c9250c3917602e21c301e2f0cd032ea4e25bdef3751846b4d5f1c22799", "price_changes": [{"asset_id": "40581037591963443982506549884210281226867122905421206884675003828040093511244", "price": "0.75", "size": "1210", "side": "BUY", "hash": "8ae07b225ee568a9890b8722512ff75b6da86a48", "best_bid": "0.76", "best_ask": "0.79"}, {"asset_id": "77997400651011819054222158182618580861479123177562866576575031403070672671390", "price": "0.25", "size": "1210", "side": "SELL", "hash": "5941279c5d6b02bf25173d2932ef33c21e77f5b0", "best_bid": "0.21", "best_ask": "0.24"}], "timestamp": "1769384070340", "event_type": "price_change"}}
{"_local_timestamp": "2026-01-25T23:34:30.852481+00:00", "data": {"market": "0x61af02c9250c3917602e21c301e2f0cd032ea4e25bdef3751846b4d5f1c22799", "price_changes": [{"asset_id": "40581037591963443982506549884210281226867122905421206884675003828040093511244", "price": "0.75", "size": "1200", "side": "BUY", "hash": "66e2cb211bc964d9016710a11f46fc02b430f363", "best_bid": "0.76", "best_ask": "0.79"}, {"asset_id": "77997400651011819054222158182618580861479123177562866576575031403070672671390", "price": "0.25", "size": "1200", "side": "SELL", "hash": "7253786937e696e6b5a0b1a4ada62b5d1d8879f8", "best_bid": "0.21", "best_ask": "0.24"}], "timestamp": "1769384070785", "event_type": "price_change"}}
{"_local_timestamp": "2026-01-25T23:34:32.005241+00:00", "data": {"market": "0x61af02c9250c3917602e21c301e2f0cd032ea4e25bdef3751846b4d5f1c22799", "price_changes": [{"asset_id": "77997400651011819054222158182618580861479123177562866576575031403070672671390", "price": "0.19", "size": "513.64", "side": "BUY", "hash": "081a6a765e858eb4a9732135b8aa9935d026a1df", "best_bid": "0.21", "best_ask": "0.24"}, {"asset_id": "40581037591963443982506549884210281226867122905421206884675003828040093511244", "price": "0.81", "size": "513.64", "side": "SELL", "hash": "ce1c76a9d22f6368b8ee4094addeadc1992c7757", "best_bid": "0.76", "best_ask": "0.79"}], "timestamp": "1769384071936", "event_type": "price_change"}}
{"_local_timestamp": "2026-01-25T23:34:32.469043+00:00", "data": {"market": "0x61af02c9250c3917602e21c301e2f0cd032ea4e25bdef3751846b4d5f1c22799", "price_changes": [{"asset_id": "77997400651011819054222158182618580861479123177562866576575031403070672671390", "price": "0.19", "size": "523.64", "side": "BUY", "hash": "edf0c9c937cbdf9bf43b6734f26f627654384c8f", "best_bid": "0.21", "best_ask": "0.24"}, {"asset_id": "40581037591963443982506549884210281226867122905421206884675003828040093511244", "price": "0.81", "size": "523.64", "side": "SELL", "hash": "c07cf22a56576f9f62e45dd0c25a40d983af26f3", "best_bid": "0.76", "best_ask": "0.79"}], "timestamp": "1769384072396", "event_type": "price_change"}}
{"_local_timestamp": "2026-01-25T23:34:35.151000+00:00", "data": {"market": "0x61af02c9250c3917602e21c301e2f0cd032ea4e25bdef3751846b4d5f1c22799", "price_changes": [{"asset_id": "77997400651011819054222158182618580861479123177562866576575031403070672671390", "price": "0.19", "size": "503.64", "side": "BUY", "hash": "93ea3217b98b1352189e88c5446a4c652d2908e2", "best_bid": "0.21", "best_ask": "0.24"}, {"asset_id": "40581037591963443982506549884210281226867122905421206884675003828040093511244", "price": "0.81", "size": "503.64", "side": "SELL", "hash": "ad8cf98d45b754e5c7f9caa54ae53863f5a2a99d", "best_bid": "0.76", "best_ask": "0.79"}], "timestamp": "1769384075079", "event_type": "price_change"}}
{"_local_timestamp": "2026-01-25T23:34:35.314072+00:00", "data": {"market": "0x61af02c9250c3917602e21c301e2f0cd032ea4e25bdef3751846b4d5f1c22799", "price_changes": [{"asset_id": "40581037591963443982506549884210281226867122905421206884675003828040093511244", "price": "0.75", "size": "1210", "side": "BUY", "hash": "aaa7081ca154e8ce2fb0a9fab463a2f27b2da32d", "best_bid": "0.76", "best_ask": "0.79"}, {"asset_id": "77997400651011819054222158182618580861479123177562866576575031403070672671390", "price": "0.25", "size": "1210", "side": "SELL", "hash": "ccac3018bd46e45767f5f197eccd6d0f9723418e", "best_bid": "0.21", "best_ask": "0.24"}], "timestamp": "1769384075248", "event_type": "price_change"}}
{"_local_timestamp": "2026-01-25T23:34:36.497753+00:00", "data": {"market": "0x61af02c9250c3917602e21c301e2f0cd032ea4e25bdef3751846b4d5f1c22799", "price_changes": [{"asset_id": "40581037591963443982506549884210281226867122905421206884675003828040093511244", "price": "0.75", "size": "1200", "side": "BUY", "hash": "ed47549ed2a680a4e4c22fb6234fdc9c903bd80b", "best_bid": "0.76", "best_ask": "0.79"}, {"asset_id": "77997400651011819054222158182618580861479123177562866576575031403070672671390", "price": "0.25", "size": "1200", "side": "SELL", "hash": "2641888a68b8edd4ac859ab0c75b5354f399a1ce", "best_bid": "0.21", "best_ask": "0.24"}], "timestamp": "1769384076429", "event_type": "price_change"}}
{"_local_timestamp": "2026-01-25T23:34:36.559741+00:00", "data": {"market": "0x61af02c9250c3917602e21c301e2f0cd032ea4e25bdef3751846b4d5f1c22799", "price_changes": [{"asset_id": "40581037591963443982506549884210281226867122905421206884675003828040093511244", "price": "0.75", "size": "1210", "side": "BUY", "hash": "b1386057ba58ec9d54fc32d38dcda2a9b3974dc0", "best_bid": "0.76", "best_ask": "0.79"}, {"asset_id": "77997400651011819054222158182618580861479123177562866576575031403070672671390", "price": "0.25", "size": "1210", "side": "SELL", "hash": "61a4f78b7f3c9f900f9b88abe77c704ca8d27802", "best_bid": "0.21", "best_ask": "0.24"}], "timestamp": "1769384076485", "event_type": "price_change"}}
{"_local_timestamp": "2026-01-25T23:34:38.383530+00:00", "data": {"market": "0x61af02c9250c3917602e21c301e2f0cd032ea4e25bdef3751846b4d5f1c22799", "price_changes": [{"asset_id": "40581037591963443982506549884210281226867122905421206884675003828040093511244", "price": "0.75", "size": "1200", "side": "BUY", "hash": "32b0e096471588f5b257f1146933407f479a1fb8", "best_bid": "0.76", "best_ask": "0.79"}, {"asset_id": "77997400651011819054222158182618580861479123177562866576575031403070672671390", "price": "0.25", "size": "1200", "side": "SELL", "hash": "712f0db6c65fad3cc9b018761062129ea9b1028e", "best_bid": "0.21", "best_ask": "0.24"}], "timestamp": "1769384078317", "event_type": "price_change"}}
{"_local_timestamp": "2026-01-25T23:34:38.654778+00:00", "data": {"market": "0x61af02c9250c3917602e21c301e2f0cd032ea4e25bdef3751846b4d5f1c22799", "price_changes": [{"asset_id": "77997400651011819054222158182618580861479123177562866576575031403070672671390", "price": "0.19", "size": "513.64", "side": "BUY", "hash": "3984e5eac3ed027643bbb3d746f6d37bb8d5e706", "best_bid": "0.21", "best_ask": "0.24"}, {"asset_id": "40581037591963443982506549884210281226867122905421206884675003828040093511244", "price": "0.81", "size": "513.64", "side": "SELL", "hash": "f2686c64d859f3a576fd55967fd754dac4b7c201", "best_bid": "0.76", "best_ask": "0.79"}], "timestamp": "1769384078582", "event_type": "price_change"}}
{"_local_timestamp": "2026-01-25T23:34:40.006926+00:00", "data": {"market": "0x61af02c9250c3917602e21c301e2f0cd032ea4e25bdef3751846b4d5f1c22799", "price_changes": [{"asset_id": "77997400651011819054222158182618580861479123177562866576575031403070672671390", "price": "0.19", "size": "503.64", "side": "BUY", "hash": "af820bfe1347060824ca74e1503f223b1764d9a3", "best_bid": "0.21", "best_ask": "0.24"}, {"asset_id": "40581037591963443982506549884210281226867122905421206884675003828040093511244", "price": "0.81", "size": "503.64", "side": "SELL", "hash": "10202191e95df9756e613044f97f6d4069680717", "best_bid": "0.76", "best_ask": "0.79"}], "timestamp": "1769384079827", "event_type": "price_change"}}
{"_local_timestamp": "2026-01-25T23:34:40.286226+00:00", "data": {"market": "0x61af02c9250c3917602e21c301e2f0cd032ea4e25bdef3751846b4d5f1c22799", "price_changes": [{"asset_id": "40581037591963443982506549884210281226867122905421206884675003828040093511244", "price": "0.75", "size": "1210", "side": "BUY", "hash": "a73a8722cebbe53c83faad91cc6d46c85261f843", "best_bid": "0.76", "best_ask": "0.79"}, {"asset_id": "77997400651011819054222158182618580861479123177562866576575031403070672671390", "price": "0.25", "size": "1210", "side": "SELL", "hash": "f583ba6aaddabebe70a56bfef0cc6f9e1ad1f218", "best_bid": "0.21", "best_ask": "0.24"}], "timestamp": "1769384080146", "event_type": "price_change"}}
{"_local_timestamp": "2026-01-25T23:34:43.835654+00:00", "data": {"market": "0x61af02c9250c3917602e21c301e2f0cd032ea4e25bdef3751846b4d5f1c22799", "price_changes": [{"asset_id": "40581037591963443982506549884210281226867122905421206884675003828040093511244", "price": "0.75", "size": "1200", "side": "BUY", "hash": "77bd2e44c3629c30895d025c947d129daffbb697", "best_bid": "0.76", "best_ask": "0.79"}, {"asset_id": "77997400651011819054222158182618580861479123177562866576575031403070672671390", "price": "0.25", "size": "1200", "side": "SELL", "hash": "7b3c93063eae903131fd96fbebe7655531e3acd7", "best_bid": "0.21", "best_ask": "0.24"}], "timestamp": "1769384083770", "event_type": "price_change"}}
{"_local_timestamp": "2026-01-25T23:34:45.458076+00:00", "data": {"market": "0x61af02c9250c3917602e21c301e2f0cd032ea4e25bdef3751846b4d5f1c22799", "price_changes": [{"asset_id": "77997400651011819054222158182618580861479123177562866576575031403070672671390", "price": "0.19", "size": "513.64", "side": "BUY", "hash": "0bd8348bdb58cb981cecef393eae13268b633900", "best_bid": "0.21", "best_ask": "0.24"}, {"asset_id": "40581037591963443982506549884210281226867122905421206884675003828040093511244", "price": "0.81", "size": "513.64", "side": "SELL", "hash": "57ff57de080f08ef80b36c74eeb85aa010bdeb96", "best_bid": "0.76", "best_ask": "0.79"}], "timestamp": "1769384085388", "event_type": "price_change"}}
{"_local_timestamp": "2026-01-25T23:34:47.493306+00:00", "data": {"market": "0x61af02c9250c3917602e21c301e2f0cd032ea4e25bdef3751846b4d5f1c22799", "price_changes": [{"asset_id": "77997400651011819054222158182618580861479123177562866576575031403070672671390", "price": "0.19", "size": "503.64", "side": "BUY", "hash": "cc5b1274c34b2254c966a419480f484c93b1f3e4", "best_bid": "0.21", "best_ask": "0.24"}, {"asset_id": "40581037591963443982506549884210281226867122905421206884675003828040093511244", "price": "0.81", "size": "503.64", "side": "SELL", "hash": "12d8ba1fb409cd2a99ac6668f36face0980db4c4", "best_bid": "0.76", "best_ask": "0.79"}], "timestamp": "1769384087430", "event_type": "price_change"}}
{"_local_timestamp": "2026-01-25T23:34:49.113376+00:00", "data": {"market": "0x61af02c9250c3917602e21c301e2f0cd032ea4e25bdef3751846b4d5f1c22799", "price_changes": [{"asset_id": "77997400651011819054222158182618580861479123177562866576575031403070672671390", "price": "0.19", "size": "513.64", "side": "BUY", "hash": "7a935b89525d6289c148388751bb1c856294f424", "best_bid": "0.21", "best_ask": "0.24"}, {"asset_id": "40581037591963443982506549884210281226867122905421206884675003828040093511244", "price": "0.81", "size": "513.64", "side": "SELL", "hash": "199de2c367c696399cab7b842d3be10276a4b02e", "best_bid": "0.76", "best_ask": "0.79"}], "timestamp": "1769384089037", "event_type": "price_change"}}
{"_local_timestamp": "2026-01-25T23:34:49.181159+00:00", "data": {"market": "0x61af02c9250c3917602e21c301e2f0cd032ea4e25bdef3751846b4d5f1c22799", "price_changes": [{"asset_id": "77997400651011819054222158182618580861479123177562866576575031403070672671390", "price": "0.19", "size": "503.64", "side": "BUY", "hash": "40d9214be7269796cf2e0d0c092f073791bb82ae", "best_bid": "0.21", "best_ask": "0.24"}, {"asset_id": "40581037591963443982506549884210281226867122905421206884675003828040093511244", "price": "0.81", "size": "503.64", "side": "SELL", "hash": "3d172c0aaf79774b56c892e97ac24bc16a60e745", "best_bid": "0.76", "best_ask": "0.79"}], "timestamp": "1769384089116", "event_type": "price_change"}}
{"_local_timestamp": "2026-01-25T23:34:49.328814+00:00", "data": {"market": "0x61af02c9250c3917602e21c301e2f0cd032ea4e25bdef3751846b4d5f1c22799", "price_changes": [{"asset_id": "40581037591963443982506549884210281226867122905421206884675003828040093511244", "price": "0.75", "size": "1210", "side": "BUY", "hash": "95ce96ea32230f39e33bc7339e9ceb3f5d4f2495", "best_bid": "0.76", "best_ask": "0.79"}, {"asset_id": "77997400651011819054222158182618580861479123177562866576575031403070672671390", "price": "0.25", "size": "1210", "side": "SELL", "hash": "e1b361affe27115053c459e470ebc0dea8a7b5df", "best_bid": "0.21", "best_ask": "0.24"}], "timestamp": "1769384089262", "event_type": "price_change"}}
{"_local_timestamp": "2026-01-25T23:34:52.261044+00:00", "data": {"market": "0x61af02c9250c3917602e21c301e2f0cd032ea4e25bdef3751846b4d5f1c22799", "price_changes": [{"asset_id": "40581037591963443982506549884210281226867122905421206884675003828040093511244", "price": "0.75", "size": "1200", "side": "BUY", "hash": "cdc8b79d350e6b8368eabb0069a4543bc1d3de2a", "best_bid": "0.76", "best_ask": "0.79"}, {"asset_id": "77997400651011819054222158182618580861479123177562866576575031403070672671390", "price": "0.25", "size": "1200", "side": "SELL", "hash": "0c1c9b012aeac092c43983801cddce635950f33f", "best_bid": "0.21", "best_ask": "0.24"}], "timestamp": "1769384092196", "event_type": "price_change"}}
{"_local_timestamp": "2026-01-25T23:34:53.752270+00:00", "data": {"market": "0x61af02c9250c3917602e21c301e2f0cd032ea4e25bdef3751846b4d5f1c22799", "price_changes": [{"asset_id": "40581037591963443982506549884210281226867122905421206884675003828040093511244", "price": "0.75", "size": "1210", "side": "BUY", "hash": "63acc7b7929f6248aa28326a24106665e2fdd213", "best_bid": "0.76", "best_ask": "0.79"}, {"asset_id": "77997400651011819054222158182618580861479123177562866576575031403070672671390", "price": "0.25", "size": "1210", "side": "SELL", "hash": "deeca0620e7c1c9edd55afb5869641438f8074ec", "best_bid": "0.21", "best_ask": "0.24"}], "timestamp": "1769384093687", "event_type": "price_change"}}
{"_local_timestamp": "2026-01-25T23:34:58.357001+00:00", "data": {"market": "0x61af02c9250c3917602e21c301e2f0cd032ea4e25bdef3751846b4d5f1c22799", "price_changes": [{"asset_id": "40581037591963443982506549884210281226867122905421206884675003828040093511244", "price": "0.75", "size": "1200", "side": "BUY", "hash": "bdab6242d4b941be1a06986e9dd04630a0d8ce67", "best_bid": "0.76", "best_ask": "0.79"}, {"asset_id": "77997400651011819054222158182618580861479123177562866576575031403070672671390", "price": "0.25", "size": "1200", "side": "SELL", "hash": "db78adfbaa9be75f47b3cbcef1670b5b1a3cc910", "best_bid": "0.21", "best_ask": "0.24"}], "timestamp": "1769384098290", "event_type": "price_change"}}
{"_local_timestamp": "2026-01-25T23:34:59.090082+00:00", "data": {"market": "0x61af02c9250c3917602e21c301e2f0cd032ea4e25bdef3751846b4d5f1c22799", "price_changes": [{"asset_id": "40581037591963443982506549884210281226867122905421206884675003828040093511244", "price": "0.75", "size": "1210", "side": "BUY", "hash": "efca6d3939d322fc418d2bdb5bff7bfc192535f5", "best_bid": "0.76", "best_ask": "0.79"}, {"asset_id": "77997400651011819054222158182618580861479123177562866576575031403070672671390", "price": "0.25", "size": "1210", "side": "SELL", "hash": "b89bf79bc055e40bc88d9187290d43133bb60c90", "best_bid": "0.21", "best_ask": "0.24"}], "timestamp": "1769384099020", "event_type": "price_change"}}
{"_local_timestamp": "2026-01-25T23:35:00.035648+00:00", "data": {"market": "0x61af02c9250c3917602e21c301e2f0cd032ea4e25bdef3751846b4d5f1c22799", "price_changes": [{"asset_id": "40581037591963443982506549884210281226867122905421206884675003828040093511244", "price": "0.75", "size": "1200", "side": "BUY", "hash": "9a44666c9a9a4cd59b532fd74266e70f187e7973", "best_bid": "0.76", "best_ask": "0.79"}, {"asset_id": "77997400651011819054222158182618580861479123177562866576575031403070672671390", "price": "0.25", "size": "1200", "side": "SELL", "hash": "2c489b192cfe8d021fe09d47ad36a6d25befd4fb", "best_bid": "0.21", "best_ask": "0.24"}], "timestamp": "1769384099969", "event_type": "price_change"}}
{"_local_timestamp": "2026-01-25T23:35:01.744449+00:00", "data": {"market": "0x61af02c9250c3917602e21c301e2f0cd032ea4e25bdef3751846b4d5f1c22799", "price_changes": [{"asset_id": "77997400651011819054222158182618580861479123177562866576575031403070672671390", "price": "0.19", "size": "513.64", "side": "BUY", "hash": "8b330f3add0e9595a3339e9908446aecfe0fad53", "best_bid": "0.21", "best_ask": "0.24"}, {"asset_id": "40581037591963443982506549884210281226867122905421206884675003828040093511244", "price": "0.81", "size": "513.64", "side": "SELL", "hash": "dec795b0744ef93d4d02c5e05ec9fc8c84b8d34a", "best_bid": "0.76", "best_ask": "0.79"}], "timestamp": "1769384101676", "event_type": "price_change"}}
{"_local_timestamp": "2026-01-25T23:35:04.112420+00:00", "data": {"market": "0x61af02c9250c3917602e21c301e2f0cd032ea4e25bdef3751846b4d5f1c22799", "price_changes": [{"asset_id": "77997400651011819054222158182618580861479123177562866576575031403070672671390", "price": "0.19", "size": "503.64", "side": "BUY", "hash": "fe26d996b53b4ee72bbabd29faa0ed7dd615fe69", "best_bid": "0.21", "best_ask": "0.24"}, {"asset_id": "40581037591963443982506549884210281226867122905421206884675003828040093511244", "price": "0.81", "size": "503.64", "side": "SELL", "hash": "48f6540de80ff66eeb4abbc1a0d305ccd3a71269", "best_bid": "0.76", "best_ask": "0.79"}], "timestamp": "1769384104041", "event_type": "price_change"}}
{"_local_timestamp": "2026-01-25T23:35:05.996080+00:00", "data": {"market": "0x61af02c9250c3917602e21c301e2f0cd032ea4e25bdef3751846b4d5f1c22799", "price_changes": [{"asset_id": "40581037591963443982506549884210281226867122905421206884675003828040093511244", "price": "0.75", "size": "1210", "side": "BUY", "hash": "1f16a91d56343cf9286a25f53fca93060f91a793", "best_bid": "0.76", "best_ask": "0.79"}, {"asset_id": "77997400651011819054222158182618580861479123177562866576575031403070672671390", "price": "0.25", "size": "1210", "side": "SELL", "hash": "8f00620b045047283b60f4b15ffb0834855b7076", "best_bid": "0.21", "best_ask": "0.24"}], "timestamp": "1769384105927", "event_type": "price_change"}}
{"_local_timestamp": "2026-01-25T23:35:09.046077+00:00", "data": {"market": "0x61af02c9250c3917602e21c301e2f0cd032ea4e25bdef3751846b4d5f1c22799", "price_changes": [{"asset_id": "40581037591963443982506549884210281226867122905421206884675003828040093511244", "price": "0.75", "size": "1200", "side": "BUY", "hash": "1b693916424758391e5017bfe498d4c13cbbbe8e", "best_bid": "0.76", "best_ask": "0.79"}, {"asset_id": "77997400651011819054222158182618580861479123177562866576575031403070672671390", "price": "0.25", "size": "1200", "side": "SELL", "hash": "9b6d6a6f317e368995a089c75dbdcc7fdf3af36c", "best_bid": "0.21", "best_ask": "0.24"}], "timestamp": "1769384108975", "event_type": "price_change"}}
{"_local_timestamp": "2026-01-25T23:35:09.180310+00:00", "data": {"market": "0x61af02c9250c3917602e21c301e2f0cd032ea4e25bdef3751846b4d5f1c22799", "price_changes": [{"asset_id": "77997400651011819054222158182618580861479123177562866576575031403070672671390", "price": "0.19", "size": "513.64", "side": "BUY", "hash": "a76d4ab79131bb336c11570e6b8fc5e4cfe3699b", "best_bid": "0.21", "best_ask": "0.24"}, {"asset_id": "40581037591963443982506549884210281226867122905421206884675003828040093511244", "price": "0.81", "size": "513.64", "side": "SELL", "hash": "c1d35dfa854023e7f5a32bbabe2878cf04c42ba1", "best_bid": "0.76", "best_ask": "0.79"}], "timestamp": "1769384109101", "event_type": "price_change"}}
{"_local_timestamp": "2026-01-25T23:35:09.847063+00:00", "data": {"market": "0x61af02c9250c3917602e21c301e2f0cd032ea4e25bdef3751846b4d5f1c22799", "price_changes": [{"asset_id": "77997400651011819054222158182618580861479123177562866576575031403070672671390", "price": "0.19", "size": "503.64", "side": "BUY", "hash": "9387ef9827f9123251db736b219526f15aec6649", "best_bid": "0.21", "best_ask": "0.24"}, {"asset_id": "40581037591963443982506549884210281226867122905421206884675003828040093511244", "price": "0.81", "size": "503.64", "side": "SELL", "hash": "326f7cbd4203629dcf841be11a24abd5cfa509f4", "best_bid": "0.76", "best_ask": "0.79"}], "timestamp": "1769384109774", "event_type": "price_change"}}
{"_local_timestamp": "2026-01-25T23:35:10.261640+00:00", "data": {"market": "0x61af02c9250c3917602e21c301e2f0cd032ea4e25bdef3751846b4d5f1c22799", "price_changes": [{"asset_id": "77997400651011819054222158182618580861479123177562866576575031403070672671390", "price": "0.19", "size": "513.64", "side": "BUY", "hash": "6c2d5ef5ff99e8a2c1c7f3c9cd4f163cfc5ea19e", "best_bid": "0.21", "best_ask": "0.24"}, {"asset_id": "40581037591963443982506549884210281226867122905421206884675003828040093511244", "price": "0.81", "size": "513.64", "side": "SELL", "hash": "42e422912256ca33350c79c670577fc50219cfaa", "best_bid": "0.76", "best_ask": "0.79"}], "timestamp": "1769384110185", "event_type": "price_change"}}
{"_local_timestamp": "2026-01-25T23:35:13.151511+00:00", "data": {"market": "0x61af02c9250c3917602e21c301e2f0cd032ea4e25bdef3751846b4d5f1c22799", "price_changes": [{"asset_id": "77997400651011819054222158182618580861479123177562866576575031403070672671390", "price": "0.19", "size": "503.64", "side": "BUY", "hash": "1826b1959a4da0da6cd0c83a0262f49c89075db2", "best_bid": "0.21", "best_ask": "0.24"}, {"asset_id": "40581037591963443982506549884210281226867122905421206884675003828040093511244", "price": "0.81", "size": "503.64", "side": "SELL", "hash": "4eeef0ecc3f9092d905df4f943d8273df22b5dad", "best_bid": "0.76", "best_ask": "0.79"}], "timestamp": "1769384113067", "event_type": "price_change"}}
{"_local_timestamp": "2026-01-25T23:35:14.888864+00:00", "data": {"market": "0x61af02c9250c3917602e21c301e2f0cd032ea4e25bdef3751846b4d5f1c22799", "price_changes": [{"asset_id": "77997400651011819054222158182618580861479123177562866576575031403070672671390", "price": "0.19", "size": "513.64", "side": "BUY", "hash": "fb02ff216f1a305010a8447bba6372cc5dda76a5", "best_bid": "0.21", "best_ask": "0.24"}, {"asset_id": "40581037591963443982506549884210281226867122905421206884675003828040093511244", "price": "0.81", "size": "513.64", "side": "SELL", "hash": "1333d3454a0c55fe3d17885185ba5c3145ddebf3", "best_bid": "0.76", "best_ask": "0.79"}], "timestamp": "1769384114818", "event_type": "price_change"}}
{"_local_timestamp": "2026-01-25T23:35:18.667941+00:00", "data": {"market": "0x61af02c9250c3917602e21c301e2f0cd032ea4e25bdef3751846b4d5f1c22799", "price_changes": [{"asset_id": "77997400651011819054222158182618580861479123177562866576575031403070672671390", "price": "0.19", "size": "503.64", "side": "BUY", "hash": "1c7ddeed7fcab4a4a1f51cb1be75b4da211ae073", "best_bid": "0.21", "best_ask": "0.24"}, {"asset_id": "40581037591963443982506549884210281226867122905421206884675003828040093511244", "price": "0.81", "size": "503.64", "side": "SELL", "hash": "5546608d28bb34c5164aa77745239fafd1fb0c97", "best_bid": "0.76", "best_ask": "0.79"}], "timestamp": "1769384118598", "event_type": "price_change"}}
{"_local_timestamp": "2026-01-25T23:35:20.724260+00:00", "data": {"market": "0x61af02c9250c3917602e21c301e2f0cd032ea4e25bdef3751846b4d5f1c22799", "price_changes": [{"asset_id": "77997400651011819054222158182618580861479123177562866576575031403070672671390", "price": "0.19", "size": "513.64", "side": "BUY", "hash": "004e8fe09e70592e18cec51cdbc202e8ca6ccbc5", "best_bid": "0.21", "best_ask": "0.24"}, {"asset_id": "40581037591963443982506549884210281226867122905421206884675003828040093511244", "price": "0.81", "size": "513.64", "side": "SELL", "hash": "7d377ecf654f6a3aa4a3d13d53a0550d9183db7d", "best_bid": "0.76", "best_ask": "0.79"}], "timestamp": "1769384120658", "event_type": "price_change"}}
{"_local_timestamp": "2026-01-25T23:35:23.793444+00:00", "data": {"market": "0x61af02c9250c3917602e21c301e2f0cd032ea4e25bdef3751846b4d5f1c22799", "price_changes": [{"asset_id": "40581037591963443982506549884210281226867122905421206884675003828040093511244", "price": "0.19", "size": "50", "side": "BUY", "hash": "5bdd68a37d6869badbd9703de62ce039a9a54db1", "best_bid": "0.76", "best_ask": "0.79"}, {"asset_id": "77997400651011819054222158182618580861479123177562866576575031403070672671390", "price": "0.81", "size": "50", "side": "SELL", "hash": "8bddd0cbfda330a9024ff14511021e9a2c8d14fb", "best_bid": "0.21", "best_ask": "0.24"}], "timestamp": "1769384123678", "event_type": "price_change"}}
{"_local_timestamp": "2026-01-25T23:35:24.209220+00:00", "data": {"market": "0x61af02c9250c3917602e21c301e2f0cd032ea4e25bdef3751846b4d5f1c22799", "price_changes": [{"asset_id": "40581037591963443982506549884210281226867122905421206884675003828040093511244", "price": "0.18", "size": "2732", "side": "BUY", "hash": "c1cb725c6a05382e6506b85eab55a6c97ae44c09", "best_bid": "0.76", "best_ask": "0.79"}, {"asset_id": "77997400651011819054222158182618580861479123177562866576575031403070672671390", "price": "0.82", "size": "2732", "side": "SELL", "hash": "9cb8405a8dc251e8a78e2f0ff5ac219cf2df6e7b", "best_bid": "0.21", "best_ask": "0.24"}], "timestamp": "1769384123936", "event_type": "price_change"}}
{"_local_timestamp": "2026-01-25T23:35:24.609592+00:00", "data": {"market": "0x61af02c9250c3917602e21c301e2f0cd032ea4e25bdef3751846b4d5f1c22799", "price_changes": [{"asset_id": "77997400651011819054222158182618580861479123177562866576575031403070672671390", "price": "0.19", "size": "503.64", "side": "BUY", "hash": "71c9ec59d9113388dce49969fd5cc6b8baa8d08f", "best_bid": "0.21", "best_ask": "0.24"}, {"asset_id": "40581037591963443982506549884210281226867122905421206884675003828040093511244", "price": "0.81", "size": "503.64", "side": "SELL", "hash": "b871f03d0d17b189a5e2b7b2a0dccf31966fa646", "best_bid": "0.76", "best_ask": "0.79"}], "timestamp": "1769384124378", "event_type": "price_change"}}
{"_local_timestamp": "2026-01-25T23:35:25.878868+00:00", "data": {"market": "0x61af02c9250c3917602e21c301e2f0cd032ea4e25bdef3751846b4d5f1c22799", "price_changes": [{"asset_id": "77997400651011819054222158182618580861479123177562866576575031403070672671390", "price": "0.19", "size": "513.64", "side": "BUY", "hash": "61e6fde0532ca37ea98cccb8087d35b114d6f50e", "best_bid": "0.21", "best_ask": "0.24"}, {"asset_id": "40581037591963443982506549884210281226867122905421206884675003828040093511244", "price": "0.81", "size": "513.64", "side": "SELL", "hash": "7af744e794769ec01209280d032fb4fe3d9fd753", "best_bid": "0.76", "best_ask": "0.79"}], "timestamp": "1769384125810", "event_type": "price_change"}}
{"_local_timestamp": "2026-01-25T23:35:25.907176+00:00", "data": {"market": "0x61af02c9250c3917602e21c301e2f0cd032ea4e25bdef3751846b4d5f1c22799", "price_changes": [{"asset_id": "77997400651011819054222158182618580861479123177562866576575031403070672671390", "price": "0.19", "size": "503.64", "side": "BUY", "hash": "89a56f8a23f5edcc15c2863bc1737e7c4a5a6357", "best_bid": "0.21", "best_ask": "0.24"}, {"asset_id": "40581037591963443982506549884210281226867122905421206884675003828040093511244", "price": "0.81", "size": "503.64", "side": "SELL", "hash": "5035d1450137b356982cc1492879ca094edee748", "best_bid": "0.76", "best_ask": "0.79"}], "timestamp": "1769384125843", "event_type": "price_change"}}
{"_local_timestamp": "2026-01-25T23:35:26.633238+00:00", "data": {"market": "0x61af02c9250c3917602e21c301e2f0cd032ea4e25bdef3751846b4d5f1c22799", "price_changes": [{"asset_id": "40581037591963443982506549884210281226867122905421206884675003828040093511244", "price": "0.18", "size": "2632", "side": "BUY", "hash": "4a5e11ba04320f78eae2068968f2e23e8ad2f766", "best_bid": "0.76", "best_ask": "0.79"}, {"asset_id": "77997400651011819054222158182618580861479123177562866576575031403070672671390", "price": "0.82", "size": "2632", "side": "SELL", "hash": "12f2b27c5b84b18e0c06b1f1d30c49e367f73999", "best_bid": "0.21", "best_ask": "0.24"}], "timestamp": "1769384126553", "event_type": "price_change"}}
{"_local_timestamp": "2026-01-25T23:35:27.141359+00:00", "data": {"market": "0x61af02c9250c3917602e21c301e2f0cd032ea4e25bdef3751846b4d5f1c22799", "price_changes": [{"asset_id": "40581037591963443982506549884210281226867122905421206884675003828040093511244", "price": "0.19", "size": "150", "side": "BUY", "hash": "0e80eba771c477a038fadcacd1fc1e8e7970734f", "best_bid": "0.76", "best_ask": "0.79"}, {"asset_id": "77997400651011819054222158182618580861479123177562866576575031403070672671390", "price": "0.81", "size": "150", "side": "SELL", "hash": "cbb751111fc0ced9d0bd818e641181f768d9e781", "best_bid": "0.21", "best_ask": "0.24"}], "timestamp": "1769384126909", "event_type": "price_change"}}
{"_local_timestamp": "2026-01-25T23:35:27.306184+00:00", "data": {"market": "0x61af02c9250c3917602e21c301e2f0cd032ea4e25bdef3751846b4d5f1c22799", "price_changes": [{"asset_id": "40581037591963443982506549884210281226867122905421206884675003828040093511244", "price": "0.75", "size": "1210", "side": "BUY", "hash": "50fbb65ff71d577764aca2723647a1fef16feae9", "best_bid": "0.76", "best_ask": "0.79"}, {"asset_id": "77997400651011819054222158182618580861479123177562866576575031403070672671390", "price": "0.25", "size": "1210", "side": "SELL", "hash": "63bc91dff308b7c582a5d4e277b10e77f19096a5", "best_bid": "0.21", "best_ask": "0.24"}], "timestamp": "1769384127093", "event_type": "price_change"}}
{"_local_timestamp": "2026-01-25T23:35:30.819678+00:00", "data": {"market": "0x61af02c9250c3917602e21c301e2f0cd032ea4e25bdef3751846b4d5f1c22799", "price_changes": [{"asset_id": "40581037591963443982506549884210281226867122905421206884675003828040093511244", "price": "0.19", "size": "100", "side": "BUY", "hash": "cd220a3462260427a1043fc73b7573e9afede11e", "best_bid": "0.76", "best_ask": "0.79"}, {"asset_id": "77997400651011819054222158182618580861479123177562866576575031403070672671390", "price": "0.81", "size": "100", "side": "SELL", "hash": "6ef02bbf8c0102d60d28d5114fa1c1e8d95f8a24", "best_bid": "0.21", "best_ask": "0.24"}], "timestamp": "1769384130720", "event_type": "price_change"}}
{"_local_timestamp": "2026-01-25T23:35:31.092179+00:00", "data": {"market": "0x61af02c9250c3917602e21c301e2f0cd032ea4e25bdef3751846b4d5f1c22799", "price_changes": [{"asset_id": "40581037591963443982506549884210281226867122905421206884675003828040093511244", "price": "0.8", "size": "85.22", "side": "SELL", "hash": "ac4d8cd2d16a3c06fa22e636a58406bffe8487d7", "best_bid": "0.76", "best_ask": "0.79"}, {"asset_id": "77997400651011819054222158182618580861479123177562866576575031403070672671390", "price": "0.2", "size": "85.22", "side": "BUY", "hash": "1199e79341c881ec583b32b8291b3dd3e14b1c29", "best_bid": "0.21", "best_ask": "0.24"}], "timestamp": "1769384131000", "event_type": "price_change"}}
{"_local_timestamp": "2026-01-25T23:35:31.101191+00:00", "data": {"market": "0x61af02c9250c3917602e21c301e2f0cd032ea4e25bdef3751846b4d5f1c22799", "price_changes": [{"asset_id": "40581037591963443982506549884210281226867122905421206884675003828040093511244", "price": "0.18", "size": "2682", "side": "BUY", "hash": "3d3721074062b87ce070d63a09c908825454191d", "best_bid": "0.76", "best_ask": "0.79"}, {"asset_id": "77997400651011819054222158182618580861479123177562866576575031403070672671390", "price": "0.82", "size": "2682", "side": "SELL", "hash": "e976c0feb675f27128686d29d24d0c4fc675fa4d", "best_bid": "0.21", "best_ask": "0.24"}], "timestamp": "1769384131022", "event_type": "price_change"}}
{"_local_timestamp": "2026-01-25T23:35:31.580610+00:00", "data": {"market": "0x61af02c9250c3917602e21c301e2f0cd032ea4e25bdef3751846b4d5f1c22799", "price_changes": [{"asset_id": "40581037591963443982506549884210281226867122905421206884675003828040093511244", "price": "0.75", "size": "1200", "side": "BUY", "hash": "e9c3b3da461fc884b0618d4f18e36f2f97e23389", "best_bid": "0.76", "best_ask": "0.79"}, {"asset_id": "77997400651011819054222158182618580861479123177562866576575031403070672671390", "price": "0.25", "size": "1200", "side": "SELL", "hash": "1c851578422e9ff33705adfb1eda7a6712fef559", "best_bid": "0.21", "best_ask": "0.24"}], "timestamp": "1769384131471", "event_type": "price_change"}}
{"_local_timestamp": "2026-01-25T23:35:31.964291+00:00", "data": {"market": "0x61af02c9250c3917602e21c301e2f0cd032ea4e25bdef3751846b4d5f1c22799", "price_changes": [{"asset_id": "77997400651011819054222158182618580861479123177562866576575031403070672671390", "price": "0.19", "size": "513.64", "side": "BUY", "hash": "2f460da8a9e82d038a4797b16b057e2191b10736", "best_bid": "0.21", "best_ask": "0.24"}, {"asset_id": "40581037591963443982506549884210281226867122905421206884675003828040093511244", "price": "0.81", "size": "513.64", "side": "SELL", "hash": "ae2c88c075cb21d7c272eca26f8d8bb8274c8daa", "best_bid": "0.76", "best_ask": "0.79"}], "timestamp": "1769384131898", "event_type": "price_change"}}
{"_local_timestamp": "2026-01-25T23:35:32.510099+00:00", "data": {"market": "0x61af02c9250c3917602e21c301e2f0cd032ea4e25bdef3751846b4d5f1c22799", "price_changes": [{"asset_id": "77997400651011819054222158182618580861479123177562866576575031403070672671390", "price": "0.19", "size": "503.64", "side": "BUY", "hash": "f73638e4e149be03235fd236151a7dc5b813d462", "best_bid": "0.21", "best_ask": "0.24"}, {"asset_id": "40581037591963443982506549884210281226867122905421206884675003828040093511244", "price": "0.81", "size": "503.64", "side": "SELL", "hash": "5cb23f9fca57dd58a9474a08e3bb7b40218c9c1e", "best_bid": "0.76", "best_ask": "0.79"}], "timestamp": "1769384132439", "event_type": "price_change"}}
{"_local_timestamp": "2026-01-25T23:35:32.642437+00:00", "data": {"market": "0x61af02c9250c3917602e21c301e2f0cd032ea4e25bdef3751846b4d5f1c22799", "price_changes": [{"asset_id": "40581037591963443982506549884210281226867122905421206884675003828040093511244", "price": "0.75", "size": "1210", "side": "BUY", "hash": "ec3c27f50c6f0dc8421e5290a7e0235849659041", "best_bid": "0.76", "best_ask": "0.79"}, {"asset_id": "77997400651011819054222158182618580861479123177562866576575031403070672671390", "price": "0.25", "size": "1210", "side": "SELL", "hash": "43d0501abca0cce6a8d0680631aa5906d068e8d5", "best_bid": "0.21", "best_ask": "0.24"}], "timestamp": "1769384132575", "event_type": "price_change"}}
{"_local_timestamp": "2026-01-25T23:35:34.292160+00:00", "data": {"market": "0x61af02c9250c3917602e21c301e2f0cd032ea4e25bdef3751846b4d5f1c22799", "price_changes": [{"asset_id": "40581037591963443982506549884210281226867122905421206884675003828040093511244", "price": "0.75", "size": "1200", "side": "BUY", "hash": "1f0a71f75df8e4b3fea7101df3a0ab1a70e8c44c", "best_bid": "0.76", "best_ask": "0.79"}, {"asset_id": "77997400651011819054222158182618580861479123177562866576575031403070672671390", "price": "0.25", "size": "1200", "side": "SELL", "hash": "303b1132f564c283bf883e5191f4ca0ebf880ef9", "best_bid": "0.21", "best_ask": "0.24"}], "timestamp": "1769384134198", "event_type": "price_change"}}
{"_local_timestamp": "2026-01-25T23:35:35.484565+00:00", "data": {"market": "0x61af02c9250c3917602e21c301e2f0cd032ea4e25bdef3751846b4d5f1c22799", "price_changes": [{"asset_id": "77997400651011819054222158182618580861479123177562866576575031403070672671390", "price": "0.19", "size": "513.64", "side": "BUY", "hash": "ad4865eeedfa2f65c50ac835661cc2ef70283004", "best_bid": "0.21", "best_ask": "0.24"}, {"asset_id": "40581037591963443982506549884210281226867122905421206884675003828040093511244", "price": "0.81", "size": "513.64", "side": "SELL", "hash": "4694c5adc378976ec0860b913608847194bdee51", "best_bid": "0.76", "best_ask": "0.79"}], "timestamp": "1769384135406", "event_type": "price_change"}}
{"_local_timestamp": "2026-01-25T23:35:36.162360+00:00", "data": {"market": "0x61af02c9250c3917602e21c301e2f0cd032ea4e25bdef3751846b4d5f1c22799", "price_changes": [{"asset_id": "77997400651011819054222158182618580861479123177562866576575031403070672671390", "price": "0.19", "size": "503.64", "side": "BUY", "hash": "9c0a0871e8bb82405cf7ee30f1208d9cf180c227", "best_bid": "0.21", "best_ask": "0.24"}, {"asset_id": "40581037591963443982506549884210281226867122905421206884675003828040093511244", "price": "0.81", "size": "503.64", "side": "SELL", "hash": "f5fb55b44f4b0263e6c235800dcea9ba7b2d8a52", "best_bid": "0.76", "best_ask": "0.79"}], "timestamp": "1769384136082", "event_type": "price_change"}}
{"_local_timestamp": "2026-01-25T23:35:36.387655+00:00", "data": {"market": "0x61af02c9250c3917602e21c301e2f0cd032ea4e25bdef3751846b4d5f1c22799", "price_changes": [{"asset_id": "40581037591963443982506549884210281226867122905421206884675003828040093511244", "price": "0.75", "size": "1210", "side": "BUY", "hash": "95aec9b368f7e122d15e1466de56a98890792013", "best_bid": "0.76", "best_ask": "0.79"}, {"asset_id": "77997400651011819054222158182618580861479123177562866576575031403070672671390", "price": "0.25", "size": "1210", "side": "SELL", "hash": "c7da0a6a3c25066101fef1f91353643a910b9a19", "best_bid": "0.21", "best_ask": "0.24"}], "timestamp": "1769384136319", "event_type": "price_change"}}
{"_local_timestamp": "2026-01-25T23:35:38.563724+00:00", "data": {"market": "0x61af02c9250c3917602e21c301e2f0cd032ea4e25bdef3751846b4d5f1c22799", "price_changes": [{"asset_id": "40581037591963443982506549884210281226867122905421206884675003828040093511244", "price": "0.75", "size": "1200", "side": "BUY", "hash": "620ee4fbfecf7fbb2ae555daa6f1ea960d13d103", "best_bid": "0.76", "best_ask": "0.79"}, {"asset_id": "77997400651011819054222158182618580861479123177562866576575031403070672671390", "price": "0.25", "size": "1200", "side": "SELL", "hash": "a841ae253202c0c9ada4a44beeaa5af6174a2557", "best_bid": "0.21", "best_ask": "0.24"}], "timestamp": "1769384138497", "event_type": "price_change"}}
{"_local_timestamp": "2026-01-25T23:35:40.148479+00:00", "data": {"market": "0x61af02c9250c3917602e21c301e2f0cd032ea4e25bdef3751846b4d5f1c22799", "price_changes": [{"asset_id": "77997400651011819054222158182618580861479123177562866576575031403070672671390", "price": "0.19", "size": "513.64", "side": "BUY", "hash": "c3953ed846fd895480cef599de4d82c4e7a6aa2a", "best_bid": "0.21", "best_ask": "0.24"}, {"asset_id": "40581037591963443982506549884210281226867122905421206884675003828040093511244", "price": "0.81", "size": "513.64", "side": "SELL", "hash": "0058e53c1f5f1340c78319be7e49877ebb484e1f", "best_bid": "0.76", "best_ask": "0.79"}], "timestamp": "1769384140080", "event_type": "price_change"}}
{"_local_timestamp": "2026-01-25T23:35:43.687092+00:00", "data": {"market": "0x61af02c9250c3917602e21c301e2f0cd032ea4e25bdef3751846b4d5f1c22799", "price_changes": [{"asset_id": "77997400651011819054222158182618580861479123177562866576575031403070672671390", "price": "0.19", "size": "503.64", "side": "BUY", "hash": "c08663a02596e321454265f6fc1bdbb88c8b02d6", "best_bid": "0.21", "best_ask": "0.24"}, {"asset_id": "40581037591963443982506549884210281226867122905421206884675003828040093511244", "price": "0.81", "size": "503.64", "side": "SELL", "hash": "84d877b0d38d94d2bdd116211e436d738bec26a3", "best_bid": "0.76", "best_ask": "0.79"}], "timestamp": "1769384143619", "event_type": "price_change"}}
{"_local_timestamp": "2026-01-25T23:35:44.830784+00:00", "data": {"market": "0x61af02c9250c3917602e21c301e2f0cd032ea4e25bdef3751846b4d5f1c22799", "price_changes": [{"asset_id": "77997400651011819054222158182618580861479123177562866576575031403070672671390", "price": "0.19", "size": "513.64", "side": "BUY", "hash": "05c85d823dd9e1f0c363446ab221828f1ca357a8", "best_bid": "0.21", "best_ask": "0.24"}, {"asset_id": "40581037591963443982506549884210281226867122905421206884675003828040093511244", "price": "0.81", "size": "513.64", "side": "SELL", "hash": "26f82ad3707526c82d3f3c43475103522b831c63", "best_bid": "0.76", "best_ask": "0.79"}], "timestamp": "1769384144765", "event_type": "price_change"}}
{"_local_timestamp": "2026-01-25T23:35:45.199194+00:00", "data": {"market": "0x61af02c9250c3917602e21c301e2f0cd032ea4e25bdef3751846b4d5f1c22799", "price_changes": [{"asset_id": "77997400651011819054222158182618580861479123177562866576575031403070672671390", "price": "0.19", "size": "503.64", "side": "BUY", "hash": "d7c647dd25fb59f4bf78d424bee255369ec78c6e", "best_bid": "0.21", "best_ask": "0.24"}, {"asset_id": "40581037591963443982506549884210281226867122905421206884675003828040093511244", "price": "0.81", "size": "503.64", "side": "SELL", "hash": "054a13424d7eb52a2168f9099b7a05cd54a1b2d7", "best_bid": "0.76", "best_ask": "0.79"}], "timestamp": "1769384145134", "event_type": "price_change"}}
{"_local_timestamp": "2026-01-25T23:35:46.963758+00:00", "data": {"market": "0x61af02c9250c3917602e21c301e2f0cd032ea4e25bdef3751846b4d5f1c22799", "price_changes": [{"asset_id": "40581037591963443982506549884210281226867122905421206884675003828040093511244", "price": "0.75", "size": "1210", "side": "BUY", "hash": "64351f2b4d16e69a5126344e2a666db29d7d347f", "best_bid": "0.76", "best_ask": "0.79"}, {"asset_id": "77997400651011819054222158182618580861479123177562866576575031403070672671390", "price": "0.25", "size": "1210", "side": "SELL", "hash": "7bad151471bb876fd8375607c777e5581e67b91a", "best_bid": "0.21", "best_ask": "0.24"}], "timestamp": "1769384146898", "event_type": "price_change"}}
{"_local_timestamp": "2026-01-25T23:35:50.105856+00:00", "data": {"market": "0x61af02c9250c3917602e21c301e2f0cd032ea4e25bdef3751846b4d5f1c22799", "price_changes": [{"asset_id": "77997400651011819054222158182618580861479123177562866576575031403070672671390", "price": "0.13", "size": "854", "side": "BUY", "hash": "b1be3f8e494e69c912a868c21dcfeacb8a1f265a", "best_bid": "0.21", "best_ask": "0.24"}, {"asset_id": "40581037591963443982506549884210281226867122905421206884675003828040093511244", "price": "0.87", "size": "854", "side": "SELL", "hash": "e628ffd860f459330d6973125066e1250dc04f97", "best_bid": "0.76", "best_ask": "0.79"}], "timestamp": "1769384150000", "event_type": "price_change"}}
{"_local_timestamp": "2026-01-25T23:35:50.112114+00:00", "data": {"market": "0x61af02c9250c3917602e21c301e2f0cd032ea4e25bdef3751846b4d5f1c22799", "price_changes": [{"asset_id": "77997400651011819054222158182618580861479123177562866576575031403070672671390", "price": "0.18", "size": "2521.54", "side": "BUY", "hash": "05a174687407fc9d7482b41444cbee59ea1793dd", "best_bid": "0.21", "best_ask": "0.24"}, {"asset_id": "40581037591963443982506549884210281226867122905421206884675003828040093511244", "price": "0.82", "size": "2521.54", "side": "SELL", "hash": "2dcacb984e97ae0bf83563b2cde8b9b91a3d58ee", "best_bid": "0.76", "best_ask": "0.79"}], "timestamp": "1769384150005", "event_type": "price_change"}}
{"_local_timestamp": "2026-01-25T23:35:50.121534+00:00", "data": {"market": "0x61af02c9250c3917602e21c301e2f0cd032ea4e25bdef3751846b4d5f1c22799", "price_changes": [{"asset_id": "77997400651011819054222158182618580861479123177562866576575031403070672671390", "price": "0.16", "size": "383", "side": "BUY", "hash": "ae732ff677acaed240e35056cdc8c42e1e23710d", "best_bid": "0.21", "best_ask": "0.24"}, {"asset_id": "40581037591963443982506549884210281226867122905421206884675003828040093511244", "price": "0.84", "size": "383", "side": "SELL", "hash": "d77baeafc9ea69fa93d0b9c767b4279a5307a08b", "best_bid": "0.76", "best_ask": "0.79"}], "timestamp": "1769384150006", "event_type": "price_change"}}
{"_local_timestamp": "2026-01-25T23:35:50.122395+00:00", "data": {"market": "0x61af02c9250c3917602e21c301e2f0cd032ea4e25bdef3751846b4d5f1c22799", "price_changes": [{"asset_id": "77997400651011819054222158182618580861479123177562866576575031403070672671390", "price": "0.11", "size": "2110", "side": "BUY", "hash": "51371221a7bbd323433e040f52269b6aa7f29caf", "best_bid": "0.21", "best_ask": "0.24"}, {"asset_id": "40581037591963443982506549884210281226867122905421206884675003828040093511244", "price": "0.89", "size": "2110", "side": "SELL", "hash": "27169fd4091dd76a06fcfbeeb1a0ba70b70362af", "best_bid": "0.76", "best_ask": "0.79"}], "timestamp": "1769384150007", "event_type": "price_change"}}
{"_local_timestamp": "2026-01-25T23:35:50.252697+00:00", "data": {"market": "0x61af02c9250c3917602e21c301e2f0cd032ea4e25bdef3751846b4d5f1c22799", "price_changes": [{"asset_id": "77997400651011819054222158182618580861479123177562866576575031403070672671390", "price": "0.13", "size": "731", "side": "BUY", "hash": "2afa62394ee30a1aae52e18d0dda192c8184cc40", "best_bid": "0.21", "best_ask": "0.24"}, {"asset_id": "40581037591963443982506549884210281226867122905421206884675003828040093511244", "price": "0.87", "size": "731", "side": "SELL", "hash": "bcab3e330c302813170810cd8a27a4c1d48f237d", "best_bid": "0.76", "best_ask": "0.79"}], "timestamp": "1769384150185", "event_type": "price_change"}}
{"_local_timestamp": "2026-01-25T23:35:50.253459+00:00", "data": {"market": "0x61af02c9250c3917602e21c301e2f0cd032ea4e25bdef3751846b4d5f1c22799", "price_changes": [{"asset_id": "77997400651011819054222158182618580861479123177562866576575031403070672671390", "price": "0.11", "size": "1828", "side": "BUY", "hash": "2afa62394ee30a1aae52e18d0dda192c8184cc40", "best_bid": "0.21", "best_ask": "0.24"}, {"asset_id": "40581037591963443982506549884210281226867122905421206884675003828040093511244", "price": "0.89", "size": "1828", "side": "SELL", "hash": "bcab3e330c302813170810cd8a27a4c1d48f237d", "best_bid": "0.76", "best_ask": "0.79"}], "timestamp": "1769384150185", "event_type": "price_change"}}
{"_local_timestamp": "2026-01-25T23:35:50.254211+00:00", "data": {"market": "0x61af02c9250c3917602e21c301e2f0cd032ea4e25bdef3751846b4d5f1c22799", "price_changes": [{"asset_id": "77997400651011819054222158182618580861479123177562866576575031403070672671390", "price": "0.16", "size": "333", "side": "BUY", "hash": "2afa62394ee30a1aae52e18d0dda192c8184cc40", "best_bid": "0.21", "best_ask": "0.24"}, {"asset_id": "40581037591963443982506549884210281226867122905421206884675003828040093511244", "price": "0.84", "size": "333", "side": "SELL", "hash": "bcab3e330c302813170810cd8a27a4c1d48f237d", "best_bid": "0.76", "best_ask": "0.79"}], "timestamp": "1769384150185", "event_type": "price_change"}}
{"_local_timestamp": "2026-01-25T23:35:50.322115+00:00", "data": {"market": "0x61af02c9250c3917602e21c301e2f0cd032ea4e25bdef3751846b4d5f1c22799", "price_changes": [{"asset_id": "77997400651011819054222158182618580861479123177562866576575031403070672671390", "price": "0.11", "size": "2074", "side": "BUY", "hash": "47ab4d8caf5e834e06d061f4adf39ad0a0b2a8c7", "best_bid": "0.21", "best_ask": "0.24"}, {"asset_id": "40581037591963443982506549884210281226867122905421206884675003828040093511244", "price": "0.89", "size": "2074", "side": "SELL", "hash": "6ce38862c7fcf8c8664bd08bfcf3fbf383094992", "best_bid": "0.76", "best_ask": "0.79"}], "timestamp": "1769384150246", "event_type": "price_change"}}
{"_local_timestamp": "2026-01-25T23:35:50.348200+00:00", "data": {"market": "0x61af02c9250c3917602e21c301e2f0cd032ea4e25bdef3751846b4d5f1c22799", "price_changes": [{"asset_id": "77997400651011819054222158182618580861479123177562866576575031403070672671390", "price": "0.16", "size": "377", "side": "BUY", "hash": "3bbfb154bc3775fdf2ba5e951603e29e17ce0437", "best_bid": "0.21", "best_ask": "0.24"}, {"asset_id": "40581037591963443982506549884210281226867122905421206884675003828040093511244", "price": "0.84", "size": "377", "side": "SELL", "hash": "65afdc54db0efbb4001d46cf1384e93d868a8b45", "best_bid": "0.76", "best_ask": "0.79"}], "timestamp": "1769384150246", "event_type": "price_change"}}
{"_local_timestamp": "2026-01-25T23:35:50.351152+00:00", "data": {"market": "0x61af02c9250c3917602e21c301e2f0cd032ea4e25bdef3751846b4d5f1c22799", "price_changes": [{"asset_id": "77997400651011819054222158182618580861479123177562866576575031403070672671390", "price": "0.13", "size": "838", "side": "BUY", "hash": "ec5dd80744a5c21ea9b19254e2852ee41b790a29", "best_bid": "0.21", "best_ask": "0.24"}, {"asset_id": "40581037591963443982506549884210281226867122905421206884675003828040093511244", "price": "0.87", "size": "838", "side": "SELL", "hash": "6779b3e36a45c9cceea22a758edbc0446abab58f", "best_bid": "0.76", "best_ask": "0.79"}], "timestamp": "1769384150247", "event_type": "price_change"}}
{"_local_timestamp": "2026-01-25T23:35:51.125439+00:00", "data": {"market": "0x61af02c9250c3917602e21c301e2f0cd032ea4e25bdef3751846b4d5f1c22799", "price_changes": [{"asset_id": "40581037591963443982506549884210281226867122905421206884675003828040093511244", "price": "0.75", "size": "1200", "side": "BUY", "hash": "230d30dd9868e95ba7ff8e689912d7832151decd", "best_bid": "0.76", "best_ask": "0.79"}, {"asset_id": "77997400651011819054222158182618580861479123177562866576575031403070672671390", "price": "0.25", "size": "1200", "side": "SELL", "hash": "c43b0276cbe0946d126e261461735d31326be4c4", "best_bid": "0.21", "best_ask": "0.24"}], "timestamp": "1769384151010", "event_type": "price_change"}}
{"_local_timestamp": "2026-01-25T23:35:51.796243+00:00", "data": {"market": "0x61af02c9250c3917602e21c301e2f0cd032ea4e25bdef3751846b4d5f1c22799", "price_changes": [{"asset_id": "40581037591963443982506549884210281226867122905421206884675003828040093511244", "price": "0.75", "size": "1210", "side": "BUY", "hash": "4b7a0ace2ff83f5eff5cce4bf0abdd5c0f95b28a", "best_bid": "0.76", "best_ask": "0.79"}, {"asset_id": "77997400651011819054222158182618580861479123177562866576575031403070672671390", "price": "0.25", "size": "1210", "side": "SELL", "hash": "8a1bdb0b6b3b45428c4af908ffe5ba966f7ff2e5", "best_bid": "0.21", "best_ask": "0.24"}], "timestamp": "1769384151730", "event_type": "price_change"}}
{"_local_timestamp": "2026-01-25T23:35:52.650131+00:00", "data": {"market": "0x61af02c9250c3917602e21c301e2f0cd032ea4e25bdef3751846b4d5f1c22799", "price_changes": [{"asset_id": "40581037591963443982506549884210281226867122905421206884675003828040093511244", "price": "0.75", "size": "1200", "side": "BUY", "hash": "2401a1ed9d2e7391fc9b8edac3034061abcf0aaf", "best_bid": "0.76", "best_ask": "0.79"}, {"asset_id": "77997400651011819054222158182618580861479123177562866576575031403070672671390", "price": "0.25", "size": "1200", "side": "SELL", "hash": "d0d1d1a7ed5e02689f13710dd4ecca28fe2f722d", "best_bid": "0.21", "best_ask": "0.24"}], "timestamp": "1769384152573", "event_type": "price_change"}}
{"_local_timestamp": "2026-01-25T23:35:53.151353+00:00", "data": {"market": "0x61af02c9250c3917602e21c301e2f0cd032ea4e25bdef3751846b4d5f1c22799", "price_changes": [{"asset_id": "77997400651011819054222158182618580861479123177562866576575031403070672671390", "price": "0.19", "size": "513.64", "side": "BUY", "hash": "46a480f5aa63b1253b8c2b60f9103ff78fa270fb", "best_bid": "0.21", "best_ask": "0.24"}, {"asset_id": "40581037591963443982506549884210281226867122905421206884675003828040093511244", "price": "0.81", "size": "513.64", "side": "SELL", "hash": "5ea401ed3a9982f4a6b69b8dba1557fe384a80e6", "best_bid": "0.76", "best_ask": "0.79"}], "timestamp": "1769384153079", "event_type": "price_change"}}
{"_local_timestamp": "2026-01-25T23:35:53.284232+00:00", "data": {"market": "0x61af02c9250c3917602e21c301e2f0cd032ea4e25bdef3751846b4d5f1c22799", "price_changes": [{"asset_id": "77997400651011819054222158182618580861479123177562866576575031403070672671390", "price": "0.19", "size": "503.64", "side": "BUY", "hash": "d854974df9d88e739e5defdeb8a42e6c8d882c34", "best_bid": "0.21", "best_ask": "0.24"}, {"asset_id": "40581037591963443982506549884210281226867122905421206884675003828040093511244", "price": "0.81", "size": "503.64", "side": "SELL", "hash": "5f833f7c37b78a4dbc3509647643d1a826f12a82", "best_bid": "0.76", "best_ask": "0.79"}], "timestamp": "1769384153206", "event_type": "price_change"}}
{"_local_timestamp": "2026-01-25T23:35:55.463386+00:00", "data": {"market": "0x61af02c9250c3917602e21c301e2f0cd032ea4e25bdef3751846b4d5f1c22799", "price_changes": [{"asset_id": "77997400651011819054222158182618580861479123177562866576575031403070672671390", "price": "0.19", "size": "513.64", "side": "BUY", "hash": "452a0763d5dca88086267caab08bb1bdfb7de69e", "best_bid": "0.21", "best_ask": "0.24"}, {"asset_id": "40581037591963443982506549884210281226867122905421206884675003828040093511244", "price": "0.81", "size": "513.64", "side": "SELL", "hash": "6ef6d2109285de9ef3b786b5ea17ddba053ef200", "best_bid": "0.76", "best_ask": "0.79"}], "timestamp": "1769384155397", "event_type": "price_change"}}
{"_local_timestamp": "2026-01-25T23:35:58.196195+00:00", "data": {"market": "0x61af02c9250c3917602e21c301e2f0cd032ea4e25bdef3751846b4d5f1c22799", "price_changes": [{"asset_id": "40581037591963443982506549884210281226867122905421206884675003828040093511244", "price": "0.18", "size": "350", "side": "BUY", "hash": "750c6205e8777f97a8137d272d185854b27fc0ef", "best_bid": "0.76", "best_ask": "0.79"}, {"asset_id": "77997400651011819054222158182618580861479123177562866576575031403070672671390", "price": "0.82", "size": "350", "side": "SELL", "hash": "84bdb7eb9f7138e598ca780de97239e2a67935a0", "best_bid": "0.21", "best_ask": "0.24"}], "timestamp": "1769384158076", "event_type": "price_change"}}
{"_local_timestamp": "2026-01-25T23:35:59.461236+00:00", "data": {"market": "0x61af02c9250c3917602e21c301e2f0cd032ea4e25bdef3751846b4d5f1c22799", "price_changes": [{"asset_id": "77997400651011819054222158182618580861479123177562866576575031403070672671390", "price": "0.19", "size": "503.64", "side": "BUY", "hash": "45d0c26f12968329135e2abd40211c5f5f8c0733", "best_bid": "0.21", "best_ask": "0.24"}, {"asset_id": "40581037591963443982506549884210281226867122905421206884675003828040093511244", "price": "0.81", "size": "503.64", "side": "SELL", "hash": "6d47d5a4e219b7038b7c2a4bee072ab3d83ade92", "best_bid": "0.76", "best_ask": "0.79"}], "timestamp": "1769384159396", "event_type": "price_change"}}
