{"_local_timestamp": "2026-01-25T23:40:32.967442+00:00", "data": [{"market": "0x61af02c9250c3917602e21c301e2f0cd032ea4e25bdef3751846b4d5f1c22799", "asset_id": "40581037591963443982506549884210281226867122905421206884675003828040093511244", "timestamp": "1769384431633", "hash": "0da3d5c40b8f4eeebaf75b3d019595dad4daac6b", "bids": [{"price": "0.01", "size": "15809.73"}, {"price": "0.02", "size": "3450"}, {"price": "0.03", "size": "7.99"}, {"price": "0.08", "size": "950"}, {"price": "0.09", "size": "7.36"}, {"price": "0.12", "size": "283.33"}, {"price": "0.13", "size": "550"}, {"price": "0.16", "size": "200"}, {"price": "0.17", "size": "1140"}, {"price": "0.2", "size": "390"}, {"price": "0.25", "size": "504"}, {"price": "0.29", "size": "82.75"}, {"price": "0.3", "size": "3957"}, {"price": "0.31", "size": "306"}, {"price": "0.33", "size": "60.6"}, {"price": "0.34", "size": "125"}, {"price": "0.45", "size": "249.98"}, {"price": "0.54", "size": "200"}, {"price": "0.56", "size": "267.07"}, {"price": "0.57", "size": "5"}, {"price": "0.6", "size": "10"}, {"price": "0.62", "size": "2000"}, {"price": "0.65", "size": "189.97"}, {"price": "0.71", "size": "59.38"}, {"price": "0.72", "size": "15.27"}, {"price": "0.73", "size": "67.8"}, {"price": "0.75", "size": "1310"}, {"price": "0.76", "size": "200"}, {"price": "0.77", "size": "49.99"}], "asks": [{"price": "0.99", "size": "3025.36"}, {"price": "0.98", "size": "4282"}, {"price": "0.97", "size": "13.38"}, {"price": "0.96", "size": "250"}, {"price": "0.95", "size": "576.92"}, {"price": "0.92", "size": "200"}, {"price": "0.91", "size": "1005.82"}, {"price": "0.9", "size": "630"}, {"price": "0.89", "size": "2219"}, {"price": "0.88", "size": "550"}, {"price": "0.87", "size": "900"}, {"price": "0.85", "size": "250"}, {"price": "0.84", "size": "402"}, {"price": "0.82", "size": "2532.54"}, {"price": "0.81", "size": "503.64"}, {"price": "0.8", "size": "125.22"}, {"price": "0.79", "size": "130"}], "event_type": "book", "last_trade_price": "0.780"}, {"market": "0x61af02c9250c3917602e21c301e2f0cd032ea4e25bdef3751846b4d5f1c22799", "asset_id": "77997400651011819054222158182618580861479123177562866576575031403070672671390", "timestamp": "1769384431633", "hash": "7413241547bbc1b4e4e08efb53e2933ab0be7b55", "bids": [{"price": "0.01", "size": "3025.36"}, {"price": "0.02", "size": "4282"}, {"price": "0.03", "size": "13.38"}, {"price": "0.04", "size": "250"}, {"price": "0.05", "size": "576.92"}, {"price": "0.08", "size": "200"}, {"price": "0.09", "size": "1005.82"}, {"price": "0.1", "size": "630"}, {"price": "0.11", "size": "2219"}, {"price": "0.12", "size": "550"}, {"price": "0.13", "size": "900"}, {"price": "0.15", "size": "250"}, {"price": "0.16", "size": "402"}, {"price": "0.18", "size": "2532.54"}, {"price": "0.19", "size": "503.64"}, {"price": "0.2", "size": "125.22"}, {"price": "0.21", "size": "130"}], "asks": [{"price": "0.99", "size": "15809.73"}, {"price": "0.98", "size": "3450"}, {"price": "0.97", "size": "7.99"}, {"price": "0.92", "size": "950"}, {"price": "0.91", "size": "7.36"}, {"price": "0.88", "size": "283.33"}, {"price": "0.87", "size": "550"}, {"price": "0.84", "size": "200"}, {"price": "0.83", "size": "1140"}, {"price": "0.8", "size": "390"}, {"price": "0.75", "size": "504"}, {"price": "0.71", "size": "82.75"}, {"price": "0.7", "size": "3957"}, {"price": "0.69", "size": "306"}, {"price": "0.67", "size": "60.6"}, {"price": "0.66", "size": "125"}, {"price": "0.55", "size": "249.98"}, {"price": "0.46", "size": "200"}, {"price": "0.44", "size": "267.07"}, {"price": "0.43", "size": "5"}, {"price": "0.4", "size": "10"}, {"price": "0.38", "size": "2000"}, {"price": "0.35", "size": "189.97"}, {"price": "0.29", "size": "59.38"}, {"price": "0.28", "size": "15.27"}, {"price": "0.27", "size": "67.8"}, {"price": "0.25", "size": "1310"}, {"price": "0.24", "size": "200"}, {"price": "0.23", "size": "49.99"}], "event_type": "book", "last_trade_price": "0.780"}]}
{"_local_timestamp": "2026-01-25T23:40:33.538258+00:00", "data": {"market": "0x61af02c9250c3917602e21c301e2f0cd032ea4e25bdef3751846b4d5f1c22799", "price_changes": [{"asset_id": "40581037591963443982506549884210281226867122905421206884675003828040093511244", "price": "0.75", "size": "1300", "side": "BUY", "hash": "e788163ea71576a237c47f6f15e897fcc6a25e44", "best_bid": "0.77", "best_ask": "0.79"}, {"asset_id": "77997400651011819054222158182618580861479123177562866576575031403070672671390", "price": "0.25", "size": "1300", "side": "SELL", "hash": "ff44939e9b2f1a903da01ff7fd1ffd959c64ae49", "best_bid": "0.21", "best_ask": "0.23"}], "timestamp": "1769384433476", "event_type": "price_change"}}
{"_local_timestamp": "2026-01-25T23:40:34.733230+00:00", "data": {"market": "0x61af02c9250c3917602e21c301e2f0cd032ea4e25bdef3751846b4d5f1c22799", "price_changes": [{"asset_id": "77997400651011819054222158182618580861479123177562866576575031403070672671390", "price": "0.18", "size": "2542.54", "side": "BUY", "hash": "a2f46e97e2d4368d5ff3c225158f7cfddea54088", "best_bid": "0.21", "best_ask": "0.23"}, {"asset_id": "40581037591963443982506549884210281226867122905421206884675003828040093511244", "price": "0.82", "size": "2542.54", "side": "SELL", "hash": "6d4f009b31d84408392a7221db5c6b5027154d45", "best_bid": "0.77", "best_ask": "0.79"}], "timestamp": "1769384434667", "event_type": "price_change"}}
{"_local_timestamp": "2026-01-25T23:40:34.843875+00:00", "data": {"market": "0x61af02c9250c3917602e21c301e2f0cd032ea4e25bdef3751846b4d5f1c22799", "price_changes": [{"asset_id": "77997400651011819054222158182618580861479123177562866576575031403070672671390", "price": "0.18", "size": "2532.54", "side": "BUY", "hash": "bd74b3e95e24fee8b13a3f5d2d4034d39d6afbae", "best_bid": "0.21", "best_ask": "0.23"}, {"asset_id": "40581037591963443982506549884210281226867122905421206884675003828040093511244", "price": "0.82", "size": "2532.54", "side": "SELL", "hash": "648f74480962beaae12f2603e319226f86786380", "best_bid": "0.77", "best_ask": "0.79"}], "timestamp": "1769384434774", "event_type": "price_change"}}
{"_local_timestamp": "2026-01-25T23:40:36.949905+00:00", "data": {"market": "0x61af02c9250c3917602e21c301e2f0cd032ea4e25bdef3751846b4d5f1c22799", "price_changes": [{"asset_id": "40581037591963443982506549884210281226867122905421206884675003828040093511244", "price": "0.75", "size": "1310", "side": "BUY", "hash": "28744d2373f695aa5a0fc0e90b4cbd0019d191c0", "best_bid": "0.77", "best_ask": "0.79"}, {"asset_id": "77997400651011819054222158182618580861479123177562866576575031403070672671390", "price": "0.25", "size": "1310", "side": "SELL", "hash": "a5b3c881d4c44cd5a31f680ce3560fe8b7ab5ca7", "best_bid": "0.21", "best_ask": "0.23"}], "timestamp": "1769384436881", "event_type": "price_change"}}
{"_local_timestamp": "2026-01-25T23:40:39.147732+00:00", "data": {"market": "0x61af02c9250c3917602e21c301e2f0cd032ea4e25bdef3751846b4d5f1c22799", "price_changes": [{"asset_id": "40581037591963443982506549884210281226867122905421206884675003828040093511244", "price": "0.75", "size": "1300", "side": "BUY", "hash": "98906b136691705178ae81a0064197d1881124b2", "best_bid": "0.77", "best_ask": "0.79"}, {"asset_id": "77997400651011819054222158182618580861479123177562866576575031403070672671390", "price": "0.25", "size": "1300", "side": "SELL", "hash": "9692182650fd9d9624e23f1642977edbea493180", "best_bid": "0.21", "best_ask": "0.23"}], "timestamp": "1769384439077", "event_type": "price_change"}}
{"_local_timestamp": "2026-01-25T23:40:40.328573+00:00", "data": {"market": "0x61af02c9250c3917602e21c301e2f0cd032ea4e25bdef3751846b4d5f1c22799", "price_changes": [{"asset_id": "40581037591963443982506549884210281226867122905421206884675003828040093511244", "price": "0.2", "size": "290", "side": "BUY", "hash": "c7dbcbe56f6ae004235228575ecf340a1511eb49", "best_bid": "0.77", "best_ask": "0.79"}, {"asset_id": "77997400651011819054222158182618580861479123177562866576575031403070672671390", "price": "0.8", "size": "290", "side": "SELL", "hash": "cfc1db61dd23d90e8a10209dfa6ac6a6397a2d81", "best_bid": "0.21", "best_ask": "0.23"}], "timestamp": "1769384440246", "event_type": "price_change"}}
{"_local_timestamp": "2026-01-25T23:40:40.522361+00:00", "data": {"market": "0x61af02c9250c3917602e21c301e2f0cd032ea4e25bdef3751846b4d5f1c22799", "price_changes": [{"asset_id": "40581037591963443982506549884210281226867122905421206884675003828040093511244", "price": "0.75", "size": "1310", "side": "BUY", "hash": "43739f4cca1ee7d159b6f1fe725f6bbf8c980404", "best_bid": "0.77", "best_ask": "0.79"}, {"asset_id": "77997400651011819054222158182618580861479123177562866576575031403070672671390", "price": "0.25", "size": "1310", "side": "SELL", "hash": "c7225a45fc1717074a0552651231c6e5bd499658", "best_bid": "0.21", "best_ask": "0.23"}], "timestamp": "1769384440356", "event_type": "price_change"}}
{"_local_timestamp": "2026-01-25T23:40:40.750703+00:00", "data": {"market": "0x61af02c9250c3917602e21c301e2f0cd032ea4e25bdef3751846b4d5f1c22799", "price_changes": [{"asset_id": "40581037591963443982506549884210281226867122905421206884675003828040093511244", "price": "0.19", "size": "100", "side": "BUY", "hash": "5ad2b5b976b72c6196d9eb5f85ef7a101fe38a85", "best_bid": "0.77", "best_ask": "0.79"}, {"asset_id": "77997400651011819054222158182618580861479123177562866576575031403070672671390", "price": "0.81", "size": "100", "side": "SELL", "hash": "8c36e3fbddc0f21c81c891a0a5e4729a3b08dc3f", "best_bid": "0.21", "best_ask": "0.23"}], "timestamp": "1769384440578", "event_type": "price_change"}}
