{"_local_timestamp": "2026-01-25T23:33:21.044097+00:00", "data": [{"market": "0x61af02c9250c3917602e21c301e2f0cd032ea4e25bdef3751846b4d5f1c22799", "asset_id": "40581037591963443982506549884210281226867122905421206884675003828040093511244", "timestamp": "1769384000370", "hash": "c94e29a3ee96524fb6ca5e78ebf1ceadf2fd441c", "bids": [{"price": "0.01", "size": "15809.73"}, {"price": "0.02", "size": "3450"}, {"price": "0.03", "size": "7.99"}, {"price": "0.08", "size": "950"}, {"price": "0.09", "size": "7.36"}, {"price": "0.12", "size": "283.33"}, {"price": "0.13", "size": "550"}, {"price": "0.16", "size": "200"}, {"price": "0.17", "size": "1240"}, {"price": "0.18", "size": "150"}, {"price": "0.19", "size": "2210"}, {"price": "0.2", "size": "140"}, {"price": "0.23", "size": "50"}, {"price": "0.25", "size": "454"}, {"price": "0.29", "size": "82.75"}, {"price": "0.3", "size": "3957"}, {"price": "0.31", "size": "306"}, {"price": "0.33", "size": "60.6"}, {"price": "0.34", "size": "125"}, {"price": "0.45", "size": "249.98"}, {"price": "0.54", "size": "200"}, {"price": "0.56", "size": "267.07"}, {"price": "0.57", "size": "5"}, {"price": "0.6", "size": "10"}, {"price": "0.62", "size": "2000"}, {"price": "0.65", "size": "189.97"}, {"price": "0.71", "size": "59.38"}, {"price": "0.72", "size": "15.27"}, {"price": "0.73", "size": "167.8"}, {"price": "0.75", "size": "1200"}, {"price": "0.76", "size": "220"}], "asks": [{"price": "0.99", "size": "3025.36"}, {"price": "0.98", "size": "4282"}, {"price": "0.97", "size": "13.38"}, {"price": "0.96", "size": "250"}, {"price": "0.95", "size": "576.92"}, {"price": "0.92", "size": "200"}, {"price": "0.91", "size": "1005.82"}, {"price": "0.9", "size": "630"}, {"price": "0.89", "size": "2255"}, {"price": "0.88", "size": "550"}, {"price": "0.87", "size": "916"}, {"price": "0.85", "size": "250"}, {"price": "0.84", "size": "408"}, {"price": "0.82", "size": "2532.54"}, {"price": "0.81", "size": "503.64"}, {"price": "0.8", "size": "125.22"}, {"price": "0.79", "size": "100"}], "event_type": "book", "last_trade_price": "0.780"}, {"market": "0x61af02c9250c3917602e21c301e2f0cd032ea4e25bdef3751846b4d5f1c22799", "asset_id": "77997400651011819054222158182618580861479123177562866576575031403070672671390", "timestamp": "1769384000370", "hash": "9a42144b0940e919b433d8942e8a2d76f011d607", "bids": [{"price": "0.01", "size": "3025.36"}, {"price": "0.02", "size": "4282"}, {"price": "0.03", "size": "13.38"}, {"price": "0.04", "size": "250"}, {"price": "0.05", "size": "576.92"}, {"price": "0.08", "size": "200"}, {"price": "0.09", "size": "1005.82"}, {"price": "0.1", "size": "630"}, {"price": "0.11", "size": "2255"}, {"price": "0.12", "size": "550"}, {"price": "0.13", "size": "916"}, {"price": "0.15", "size": "250"}, {"price": "0.16", "size": "408"}, {"price": "0.18", "size": "2532.54"}, {"price": "0.19", "size": "503.64"}, {"price": "0.2", "size": "125.22"}, {"price": "0.21", "size": "100"}], "asks": [{"price": "0.99", "size": "15809.73"}, {"price": "0.98", "size": "3450"}, {"price": "0.97", "size": "7.99"}, {"price": "0.92", "size": "950"}, {"price": "0.91", "size": "7.36"}, {"price": "0.88", "size": "283.33"}, {"price": "0.87", "size": "550"}, {"price": "0.84", "size": "200"}, {"price": "0.83", "size": "1240"}, {"price": "0.82", "size": "150"}, {"price": "0.81", "size": "2210"}, {"price": "0.8", "size": "140"}, {"price": "0.77", "size": "50"}, {"price": "0.75", "size": "454"}, {"price": "0.71", "size": "82.75"}, {"price": "0.7", "size": "3957"}, {"price": "0.69", "size": "306"}, {"price": "0.67", "size": "60.6"}, {"price": "0.66", "size": "125"}, {"price": "0.55", "size": "249.98"}, {"price": "0.46", "size": "200"}, {"price": "0.44", "size": "267.07"}, {"price": "0.43", "size": "5"}, {"price": "0.4", "size": "10"}, {"price": "0.38", "size": "2000"}, {"price": "0.35", "size": "189.97"}, {"price": "0.29", "size": "59.38"}, {"price": "0.28", "size": "15.27"}, {"price": "0.27", "size": "167.8"}, {"price": "0.25", "size": "1200"}, {"price": "0.24", "size": "220"}], "event_type": "book", "last_trade_price": "0.780"}]}
{"_local_timestamp": "2026-01-25T23:33:22.373571+00:00", "data": {"market": "0x61af02c9250c3917602e21c301e2f0cd032ea4e25bdef3751846b4d5f1c22799", "price_changes": [{"asset_id": "40581037591963443982506549884210281226867122905421206884675003828040093511244", "price": "0.75", "size": "1210", "side": "BUY", "hash": "fbc9933d330bb1fb9e8976d8117f19825118ef0a", "best_bid": "0.76", "best_ask": "0.79"}, {"asset_id": "77997400651011819054222158182618580861479123177562866576575031403070672671390", "price": "0.25", "size": "1210", "side": "SELL", "hash": "f92096516789b3075f48af68c16c73870690ec40", "best_bid": "0.21", "best_ask": "0.24"}], "timestamp": "1769384002308", "event_type": "price_change"}}
{"_local_timestamp": "2026-01-25T23:33:22.527075+00:00", "data": {"market": "0x61af02c9250c3917602e21c301e2f0cd032ea4e25bdef3751846b4d5f1c22799", "price_changes": [{"asset_id": "40581037591963443982506549884210281226867122905421206884675003828040093511244", "price": "0.75", "size": "1200", "side": "BUY", "hash": "d3fb7cbb05c54832fd8ed53be15c8cd60b1a866c", "best_bid": "0.76", "best_ask": "0.79"}, {"asset_id": "77997400651011819054222158182618580861479123177562866576575031403070672671390", "price": "0.25", "size": "1200", "side": "SELL", "hash": "dce2386151bc98e2b901c745209b2106505d32f2", "best_bid": "0.21", "best_ask": "0.24"}], "timestamp": "1769384002460", "event_type": "price_change"}}
{"_local_timestamp": "2026-01-25T23:33:23.842260+00:00", "data": {"market": "0x61af02c9250c3917602e21c301e2f0cd032ea4e25bdef3751846b4d5f1c22799", "price_changes": [{"asset_id": "40581037591963443982506549884210281226867122905421206884675003828040093511244", "price": "0.18", "size": "0", "side": "BUY", "hash": "d043664faa5bbf766cc89f86d3916adeb5850197", "best_bid": "0.76", "best_ask": "0.79"}, {"asset_id": "77997400651011819054222158182618580861479123177562866576575031403070672671390", "price": "0.82", "size": "0", "side": "SELL", "hash": "8d4a1a66f72800ef1145a18d72229e058b5cda50", "best_bid": "0.21", "best_ask": "0.24"}], "timestamp": "1769384003774", "event_type": "price_change"}}
{"_local_timestamp": "2026-01-25T23:33:24.380067+00:00", "data": {"market": "0x61af02c9250c3917602e21c301e2f0cd032ea4e25bdef3751846b4d5f1c22799", "price_changes": [{"asset_id": "40581037591963443982506549884210281226867122905421206884675003828040093511244", "price": "0.17", "size": "1390", "side": "BUY", "hash": "e02aa9239e1261cad514e7f8a2faa9bb3eb0f262", "best_bid": "0.76", "best_ask": "0.79"}, {"asset_id": "77997400651011819054222158182618580861479123177562866576575031403070672671390", "price": "0.83", "size": "1390", "side": "SELL", "hash": "efb1cbd01f315c77c0a926a27a8d7750a42977bb", "best_bid": "0.21", "best_ask": "0.24"}], "timestamp": "1769384004279", "event_type": "price_change"}}
{"_local_timestamp": "2026-01-25T23:33:24.764394+00:00", "data": {"market": "0x61af02c9250c3917602e21c301e2f0cd032ea4e25bdef3751846b4d5f1c22799", "price_changes": [{"asset_id": "77997400651011819054222158182618580861479123177562866576575031403070672671390", "price": "0.19", "size": "513.64", "side": "BUY", "hash": "1a58a02a2c46cc09c88f67df502769e7d2d7d22e", "best_bid": "0.21", "best_ask": "0.24"}, {"asset_id": "40581037591963443982506549884210281226867122905421206884675003828040093511244", "price": "0.81", "size": "513.64", "side": "SELL", "hash": "fdbf2966e6a22a4476368c6b88c0283406b6ea60", "best_bid": "0.76", "best_ask": "0.79"}], "timestamp": "1769384004696", "event_type": "price_change"}}
{"_local_timestamp": "2026-01-25T23:33:27.430705+00:00", "data": {"market": "0x61af02c9250c3917602e21c301e2f0cd032ea4e25bdef3751846b4d5f1c22799", "price_changes": [{"asset_id": "77997400651011819054222158182618580861479123177562866576575031403070672671390", "price": "0.19", "size": "503.64", "side": "BUY", "hash": "0ca442746364f143a5722129b81f78607a1e67af", "best_bid": "0.21", "best_ask": "0.24"}, {"asset_id": "40581037591963443982506549884210281226867122905421206884675003828040093511244", "price": "0.81", "size": "503.64", "side": "SELL", "hash": "cc6b586fb6661941dd5b37adbce7484522d1edba", "best_bid": "0.76", "best_ask": "0.79"}], "timestamp": "1769384007357", "event_type": "price_change"}}
{"_local_timestamp": "2026-01-25T23:33:29.118707+00:00", "data": {"market": "0x61af02c9250c3917602e21c301e2f0cd032ea4e25bdef3751846b4d5f1c22799", "price_changes": [{"asset_id": "40581037591963443982506549884210281226867122905421206884675003828040093511244", "price": "0.75", "size": "1210", "side": "BUY", "hash": "4b37c0e9fcd9015c10f0f22c4d3370da348562e7", "best_bid": "0.76", "best_ask": "0.79"}, {"asset_id": "77997400651011819054222158182618580861479123177562866576575031403070672671390", "price": "0.25", "size": "1210", "side": "SELL", "hash": "2fce1727ea500e6da61eee094ddc621ece266118", "best_bid": "0.21", "best_ask": "0.24"}], "timestamp": "1769384009044", "event_type": "price_change"}}
{"_local_timestamp": "2026-01-25T23:33:29.188344+00:00", "data": {"market": "0x61af02c9250c3917602e21c301e2f0cd032ea4e25bdef3751846b4d5f1c22799", "price_changes": [{"asset_id": "40581037591963443982506549884210281226867122905421206884675003828040093511244", "price": "0.75", "size": "1200", "side": "BUY", "hash": "c62b40bd82e95549f7dba5795fb6f048ab070695", "best_bid": "0.76", "best_ask": "0.79"}, {"asset_id": "77997400651011819054222158182618580861479123177562866576575031403070672671390", "price": "0.25", "size": "1200", "side": "SELL", "hash": "94db1a924e7d01a0957016486f2408b8ac7a94ad", "best_bid": "0.21", "best_ask": "0.24"}], "timestamp": "1769384009121", "event_type": "price_change"}}
{"_local_timestamp": "2026-01-25T23:33:31.335367+00:00", "data": {"market": "0x61af02c9250c3917602e21c301e2f0cd032ea4e25bdef3751846b4d5f1c22799", "price_changes": [{"asset_id": "77997400651011819054222158182618580861479123177562866576575031403070672671390", "price": "0.19", "size": "513.64", "side": "BUY", "hash": "597550625487c4cbab0dfa22ca6a27f6ef47f578", "best_bid": "0.21", "best_ask": "0.24"}, {"asset_id": "40581037591963443982506549884210281226867122905421206884675003828040093511244", "price": "0.81", "size": "513.64", "side": "SELL", "hash": "0439a6e6256684a26c70b89282f2b0c90d8cd27e", "best_bid": "0.76", "best_ask": "0.79"}], "timestamp": "1769384011262", "event_type": "price_change"}}
{"_local_timestamp": "2026-01-25T23:33:33.115764+00:00", "data": {"market": "0x61af02c9250c3917602e21c301e2f0cd032ea4e25bdef3751846b4d5f1c22799", "price_changes": [{"asset_id": "40581037591963443982506549884210281226867122905421206884675003828040093511244", "price": "0.23", "size": "0", "side": "BUY", "hash": "c360812674127c23cf58e43884e4bc15641ce1db", "best_bid": "0.76", "best_ask": "0.79"}, {"asset_id": "77997400651011819054222158182618580861479123177562866576575031403070672671390", "price": "0.77", "size": "0", "side": "SELL", "hash": "99ad7ba89c7f86949e0f2b3765e12d72f85c9310", "best_bid": "0.21", "best_ask": "0.24"}], "timestamp": "1769384013008", "event_type": "price_change"}}
{"_local_timestamp": "2026-01-25T23:33:33.429983+00:00", "data": {"market": "0x61af02c9250c3917602e21c301e2f0cd032ea4e25bdef3751846b4d5f1c22799", "price_changes": [{"asset_id": "77997400651011819054222158182618580861479123177562866576575031403070672671390", "price": "0.19", "size": "503.64", "side": "BUY", "hash": "7db5aa371e8d30821a4468d55df39a08f844f57e", "best_bid": "0.21", "best_ask": "0.24"}, {"asset_id": "40581037591963443982506549884210281226867122905421206884675003828040093511244", "price": "0.81", "size": "503.64", "side": "SELL", "hash": "411f3d3ccd39ad283e53e89419549a81f0d06b60", "best_bid": "0.76", "best_ask": "0.79"}], "timestamp": "1769384013197", "event_type": "price_change"}}
{"_local_timestamp": "2026-01-25T23:33:33.626294+00:00", "data": {"market": "0x61af02c9250c3917602e21c301e2f0cd032ea4e25bdef3751846b4d5f1c22799", "price_changes": [{"asset_id": "40581037591963443982506549884210281226867122905421206884675003828040093511244", "price": "0.25", "size": "504", "side": "BUY", "hash": "c06f051ac8db09da98a4cee9a0937cffca078ef5", "best_bid": "0.76", "best_ask": "0.79"}, {"asset_id": "77997400651011819054222158182618580861479123177562866576575031403070672671390", "price": "0.75", "size": "504", "side": "SELL", "hash": "c526bc29664b3d1e3b06d5c6bc15a3adcb7cde12", "best_bid": "0.21", "best_ask": "0.24"}], "timestamp": "1769384013518", "event_type": "price_change"}}
{"_local_timestamp": "2026-01-25T23:33:34.080465+00:00", "data": {"market": "0x61af02c9250c3917602e21c301e2f0cd032ea4e25bdef3751846b4d5f1c22799", "price_changes": [{"asset_id": "77997400651011819054222158182618580861479123177562866576575031403070672671390", "price": "0.19", "size": "513.64", "side": "BUY", "hash": "17df34dc64465141b1b103437502fc3f6b05cb31", "best_bid": "0.21", "best_ask": "0.24"}, {"asset_id": "40581037591963443982506549884210281226867122905421206884675003828040093511244", "price": "0.81", "size": "513.64", "side": "SELL", "hash": "3f03163e736553c663eaa82d0b8d3db6689290b9", "best_bid": "0.76", "best_ask": "0.79"}], "timestamp": "1769384014000", "event_type": "price_change"}}
{"_local_timestamp": "2026-01-25T23:33:34.476368+00:00", "data": {"market": "0x61af02c9250c3917602e21c301e2f0cd032ea4e25bdef3751846b4d5f1c22799", "price_changes": [{"asset_id": "77997400651011819054222158182618580861479123177562866576575031403070672671390", "price": "0.19", "size": "503.64", "side": "BUY", "hash": "7f21d55c505b0335ed5e4f432b299e5db8ba0557", "best_bid": "0.21", "best_ask": "0.24"}, {"asset_id": "40581037591963443982506549884210281226867122905421206884675003828040093511244", "price": "0.81", "size": "503.64", "side": "SELL", "hash": "7d0e8c78eec8b72f9a42e1813020bf368beb67f7", "best_bid": "0.76", "best_ask": "0.79"}], "timestamp": "1769384014402", "event_type": "price_change"}}
{"_local_timestamp": "2026-01-25T23:33:36.868152+00:00", "data": {"market": "0x61af02c9250c3917602e21c301e2f0cd032ea4e25bdef3751846b4d5f1c22799", "price_changes": [{"asset_id": "40581037591963443982506549884210281226867122905421206884675003828040093511244", "price": "0.75", "size": "1210", "side": "BUY", "hash": "fa7c8ad080d9bfa95cabd3d3bedda84f64553308", "best_bid": "0.76", "best_ask": "0.79"}, {"asset_id": "77997400651011819054222158182618580861479123177562866576575031403070672671390", "price": "0.25", "size": "1210", "side": "SELL", "hash": "e556d24ceb13f269a5090c6a94697e7d1d58955d", "best_bid": "0.21", "best_ask": "0.24"}], "timestamp": "1769384016802", "event_type": "price_change"}}
{"_local_timestamp": "2026-01-25T23:33:40.161802+00:00", "data": {"market": "0x61af02c9250c3917602e21c301e2f0cd032ea4e25bdef3751846b4d5f1c22799", "price_changes": [{"asset_id": "40581037591963443982506549884210281226867122905421206884675003828040093511244", "price": "0.17", "size": "1290", "side": "BUY", "hash": "7e55cedecbadd97cece3ff5c6e75ed624bbfe246", "best_bid": "0.76", "best_ask": "0.79"}, {"asset_id": "77997400651011819054222158182618580861479123177562866576575031403070672671390", "price": "0.83", "size": "1290", "side": "SELL", "hash": "0d6377a4e74cedc165117e4579d7380fb8dad639", "best_bid": "0.21", "best_ask": "0.24"}], "timestamp": "1769384020078", "event_type": "price_change"}}
{"_local_timestamp": "2026-01-25T23:33:40.393520+00:00", "data": {"market": "0x61af02c9250c3917602e21c301e2f0cd032ea4e25bdef3751846b4d5f1c22799", "price_changes": [{"asset_id": "40581037591963443982506549884210281226867122905421206884675003828040093511244", "price": "0.75", "size": "1200", "side": "BUY", "hash": "8f923de1036812ee501ce3a6cf2f0595de5b0a92", "best_bid": "0.76", "best_ask": "0.79"}, {"asset_id": "77997400651011819054222158182618580861479123177562866576575031403070672671390", "price": "0.25", "size": "1200", "side": "SELL", "hash": "a76424b616cc5ebce9979a5bb72c78774ca98e35", "best_bid": "0.21", "best_ask": "0.24"}], "timestamp": "1769384020194", "event_type": "price_change"}}
{"_local_timestamp": "2026-01-25T23:33:40.811584+00:00", "data": {"market": "0x61af02c9250c3917602e21c301e2f0cd032ea4e25bdef3751846b4d5f1c22799", "price_changes": [{"asset_id": "40581037591963443982506549884210281226867122905421206884675003828040093511244", "price": "0.18", "size": "100", "side": "BUY", "hash": "efcd389cb6779feccf43ad8b996aee0e442e33e9", "best_bid": "0.76", "best_ask": "0.79"}, {"asset_id": "77997400651011819054222158182618580861479123177562866576575031403070672671390", "price": "0.82", "size": "100", "side": "SELL", "hash": "d79e1aa43cce9374052d93e4d9d8d93abe0adef9", "best_bid": "0.21", "best_ask": "0.24"}], "timestamp": "1769384020563", "event_type": "price_change"}}
{"_local_timestamp": "2026-01-25T23:33:42.663176+00:00", "data": {"market": "0x61af02c9250c3917602e21c301e2f0cd032ea4e25bdef3751846b4d5f1c22799", "price_changes": [{"asset_id": "77997400651011819054222158182618580861479123177562866576575031403070672671390", "price": "0.19", "size": "513.64", "side": "BUY", "hash": "b09ffe59cfce14e9abfd769f87864fb7f7ad3aca", "best_bid": "0.21", "best_ask": "0.24"}, {"asset_id": "40581037591963443982506549884210281226867122905421206884675003828040093511244", "price": "0.81", "size": "513.64", "side": "SELL", "hash": "c72dad359aa6752358e5b56fa80ad849840d810e", "best_bid": "0.76", "best_ask": "0.79"}], "timestamp": "1769384022597", "event_type": "price_change"}}
{"_local_timestamp": "2026-01-25T23:33:44.383404+00:00", "data": {"market": "0x61af02c9250c3917602e21c301e2f0cd032ea4e25bdef3751846b4d5f1c22799", "price_changes": [{"asset_id": "77997400651011819054222158182618580861479123177562866576575031403070672671390", "price": "0.19", "size": "503.64", "side": "BUY", "hash": "3abea6f5e71d0a4c34ec2623e7d449bb41f0cfd4", "best_bid": "0.21", "best_ask": "0.24"}, {"asset_id": "40581037591963443982506549884210281226867122905421206884675003828040093511244", "price": "0.81", "size": "503.64", "side": "SELL", "hash": "9cd3159e6144708b2bea8512f670fbf469abf5eb", "best_bid": "0.76", "best_ask": "0.79"}], "timestamp": "1769384024317", "event_type": "price_change"}}
{"_local_timestamp": "2026-01-25T23:33:44.502721+00:00", "data": {"market": "0x61af02c9250c3917602e21c301e2f0cd032ea4e25bdef3751846b4d5f1c22799", "price_changes": [{"asset_id": "40581037591963443982506549884210281226867122905421206884675003828040093511244", "price": "0.75", "size": "1210", "side": "BUY", "hash": "161aaa158f8fa33ad25a8d304d447b953096707c", "best_bid": "0.76", "best_ask": "0.79"}, {"asset_id": "77997400651011819054222158182618580861479123177562866576575031403070672671390", "price": "0.25", "size": "1210", "side": "SELL", "hash": "293763c56205e26bd2e82b579b3065d32294d3b8", "best_bid": "0.21", "best_ask": "0.24"}], "timestamp": "1769384024435", "event_type": "price_change"}}
{"_local_timestamp": "2026-01-25T23:33:46.714248+00:00", "data": {"market": "0x61af02c9250c3917602e21c301e2f0cd032ea4e25bdef3751846b4d5f1c22799", "price_changes": [{"asset_id": "40581037591963443982506549884210281226867122905421206884675003828040093511244", "price": "0.75", "size": "1200", "side": "BUY", "hash": "d1c6cc96583edb3a63039be115c9e60921ff61de", "best_bid": "0.76", "best_ask": "0.79"}, {"asset_id": "77997400651011819054222158182618580861479123177562866576575031403070672671390", "price": "0.25", "size": "1200", "side": "SELL", "hash": "5b6ed97db23a5f4866c638bad88b314c013a59f4", "best_bid": "0.21", "best_ask": "0.24"}], "timestamp": "1769384026646", "event_type": "price_change"}}
{"_local_timestamp": "2026-01-25T23:33:46.837729+00:00", "data": {"market": "0x61af02c9250c3917602e21c301e2f0cd032ea4e25bdef3751846b4d5f1c22799", "price_changes": [{"asset_id": "77997400651011819054222158182618580861479123177562866576575031403070672671390", "price": "0.19", "size": "513.64", "side": "BUY", "hash": "968bbe96ab9c5ec73483b110f36c6f535863a692", "best_bid": "0.21", "best_ask": "0.24"}, {"asset_id": "40581037591963443982506549884210281226867122905421206884675003828040093511244", "price": "0.81", "size": "513.64", "side": "SELL", "hash": "8ab2b0a6947e8548f933ef18656d696cb7217947", "best_bid": "0.76", "best_ask": "0.79"}], "timestamp": "1769384026769", "event_type": "price_change"}}
{"_local_timestamp": "2026-01-25T23:33:47.123892+00:00", "data": {"market": "0x61af02c9250c3917602e21c301e2f0cd032ea4e25bdef3751846b4d5f1c22799", "price_changes": [{"asset_id": "77997400651011819054222158182618580861479123177562866576575031403070672671390", "price": "0.19", "size": "503.64", "side": "BUY", "hash": "a851a154f4a7e8c57e23aa7f539c293b14e13b8b", "best_bid": "0.21", "best_ask": "0.24"}, {"asset_id": "40581037591963443982506549884210281226867122905421206884675003828040093511244", "price": "0.81", "size": "503.64", "side": "SELL", "hash": "42c713ca25ea61d2dc2a7c1dae09b227c7f7de34", "best_bid": "0.76", "best_ask": "0.79"}], "timestamp": "1769384027056", "event_type": "price_change"}}
{"_local_timestamp": "2026-01-25T23:33:48.317075+00:00", "data": {"market": "0x61af02c9250c3917602e21c301e2f0cd032ea4e25bdef3751846b4d5f1c22799", "price_changes": [{"asset_id": "40581037591963443982506549884210281226867122905421206884675003828040093511244", "price": "0.75", "size": "1210", "side": "BUY", "hash": "ed2cac71176563f3a84c75c0d85d55e976502f0f", "best_bid": "0.76", "best_ask": "0.79"}, {"asset_id": "77997400651011819054222158182618580861479123177562866576575031403070672671390", "price": "0.25", "size": "1210", "side": "SELL", "hash": "2d66d25f1f44726a6f8049e9274e4bc45280088d", "best_bid": "0.21", "best_ask": "0.24"}], "timestamp": "1769384028248", "event_type": "price_change"}}
