{"_local_timestamp": "2026-01-25T23:40:32.967442+00:00", "data": [{"market": "0x61af02c9250c3917602e21c301e2f0cd032ea4e25bdef3751846b4d5f1c22799", "asset_id": "40581037591963443982506549884210281226867122905421206884675003828040093511244", "timestamp": "1769384431633", "hash": "0da3d5c40b8f4eeebaf75b3d019595dad4daac6b", "bids": [{"price": "0.01", "size": "15809.73"}, {"price": "0.02", "size": "3450"}, {"price": "0.03", "size": "7.99"}, {"price": "0.08", "size": "950"}, {"price": "0.09", "size": "7.36"}, {"price": "0.12", "size": "283.33"}, {"price": "0.13", "size": "550"}, {"price": "0.16", "size": "200"}, {"price": "0.17", "size": "1140"}, {"price": "0.2", "size": "390"}, {"price": "0.25", "size": "504"}, {"price": "0.29", "size": "82.75"}, {"price": "0.3", "size": "3957"}, {"price": "0.31", "size": "306"}, {"price": "0.33", "size": "60.6"}, {"price": "0.34", "size": "125"}, {"price": "0.45", "size": "249.98"}, {"price": "0.54", "size": "200"}, {"price": "0.56", "size": "267.07"}, {"price": "0.57", "size": "5"}, {"price": "0.6", "size": "10"}, {"price": "0.62", "size": "2000"}, {"price": "0.65", "size": "189.97"}, {"price": "0.71", "size": "59.38"}, {"price": "0.72", "size": "15.27"}, {"price": "0.73", "size": "67.8"}, {"price": "0.75", "size": "1310"}, {"price": "0.76", "size": "200"}, {"price": "0.77", "size": "49.99"}], "asks": [{"price": "0.99", "size": "3025.36"}, {"price": "0.98", "size": "4282"}, {"price": "0.97", "size": "13.38"}, {"price": "0.96", "size": "250"}, {"price": "0.95", "size": "576.92"}, {"price": "0.92", "size": "200"}, {"price": "0.91", "size": "1005.82"}, {"price": "0.9", "size": "630"}, {"price": "0.89", "size": "2219"}, {"price": "0.88", "size": "550"}, {"price": "0.87", "size": "900"}, {"price": "0.85", "size": "250"}, {"price": "0.84", "size": "402"}, {"price": "0.82", "size": "2532.54"}, {"price": "0.81", "size": "503.64"}, {"price": "0.8", "size": "125.22"}, {"price": "0.79", "size": "130"}], "event_type": "book", "last_trade_price": "0.780"}, {"market": "0x61af02c9250c3917602e21c301e2f0cd032ea4e25bdef3751846b4d5f1c22799", "asset_id": "77997400651011819054222158182618580861479123177562866576575031403070672671390", "timestamp": "1769384431633", "hash": "7413241547bbc1b4e4e08efb53e2933ab0be7b55", "bids": [{"price": "0.01", "size": "3025.36"}, {"price": "0.02", "size": "4282"}, {"price": "0.03", "size": "13.38"}, {"price": "0.04", "size": "250"}, {"price": "0.05", "size": "576.92"}, {"price": "0.08", "size": "200"}, {"price": "0.09", "size": "1005.82"}, {"price": "0.1", "size": "630"}, {"price": "0.11", "size": "2219"}, {"price": "0.12", "size": "550"}, {"price": "0.13", "size": "900"}, {"price": "0.15", "size": "250"}, {"price": "0.16", "size": "402"}, {"price": "0.18", "size": "2532.54"}, {"price": "0.19", "size": "503.64"}, {"price": "0.2", "size": "125.22"}, {"price": "0.21", "size": "130"}], "asks": [{"price": "0.99", "size": "15809.73"}, {"price": "0.98", "size": "3450"}, {"price": "0.97", "size": "7.99"}, {"price": "0.92", "size": "950"}, {"price": "0.91", "size": "7.36"}, {"price": "0.88", "size": "283.33"}, {"price": "0.87", "size": "550"}, {"price": "0.84", "size": "200"}, {"price": "0.83", "size": "1140"}, {"price": "0.8", "size": "390"}, {"price": "0.75", "size": "504"}, {"price": "0.71", "size": "82.75"}, {"price": "0.7", "size": "3957"}, {"price": "0.69", "size": "306"}, {"price": "0.67", "size": "60.6"}, {"price": "0.66", "size": "125"}, {"price": "0.55", "size": "249.98"}, {"price": "0.46", "size": "200"}, {"price": "0.44", "size": "267.07"}, {"price": "0.43", "size": "5"}, {"price": "0.4", "size": "10"}, {"price": "0.38", "size": "2000"}, {"price": "0.35", "size": "189.97"}, {"price": "0.29", "size": "59.38"}, {"price": "0.28", "size": "15.27"}, {"price": "0.27", "size": "67.8"}, {"price": "0.25", "size": "1310"}, {"price": "0.24", "size": "200"}, {"price": "0.23", "size": "49.99"}], "event_type": "book", "last_trade_price": "0.780"}]}
{"_local_timestamp": "2026-01-25T23:40:33.538258+00:00", "data": {"market": "0x61af02c9250c3917602e21c301e2f0cd032ea4e25bdef3751846b4d5f1c22799", "price_changes": [{"asset_id": "40581037591963443982506549884210281226867122905421206884675003828040093511244", "price": "0.75", "size": "1300", "side": "BUY", "hash": "e788163ea71576a237c47f6f15e897fcc6a25e44", "best_bid": "0.77", "best_ask": "0.79"}, {"asset_id": "77997400651011819054222158182618580861479123177562866576575031403070672671390", "price": "0.25", "size": "1300", "side": "SELL", "hash": "ff44939e9b2f1a903da01ff7fd1ffd959c64ae49", "best_bid": "0.21", "best_ask": "0.23"}], "timestamp": "1769384433476", "event_type": "price_change"}}
{"_local_timestamp": "2026-01-25T23:40:34.733230+00:00", "data": {"market": "0x61af02c9250c3917602e21c301e2f0cd032ea4e25bdef3751846b4d5f1c22799", "price_changes": [{"asset_id": "77997400651011819054222158182618580861479123177562866576575031403070672671390", "price": "0.18", "size": "2542.54", "side": "BUY", "hash": "a2f46e97e2d4368d5ff3c225158f7cfddea54088", "best_bid": "0.21", "best_ask": "0.23"}, {"asset_id": "40581037591963443982506549884210281226867122905421206884675003828040093511244", "price": "0.82", "size": "2542.54", "side": "SELL", "hash": "6d4f009b31d84408392a7221db5c6b5027154d45", "best_bid": "0.77", "best_ask": "0.79"}], "timestamp": "1769384434667", "event_type": "price_change"}}
{"_local_timestamp": "2026-01-25T23:40:34.843875+00:00", "data": {"market": "0x61af02c9250c3917602e21c301e2f0cd032ea4e25bdef3751846b4d5f1c22799", "price_changes": [{"asset_id": "77997400651011819054222158182618580861479123177562866576575031403070672671390", "price": "0.18", "size": "2532.54", "side": "BUY", "hash": "bd74b3e95e24fee8b13a3f5d2d4034d39d6afbae", "best_bid": "0.21", "best_ask": "0.23"}, {"asset_id": "40581037591963443982506549884210281226867122905421206884675003828040093511244", "price": "0.82", "size": "2532.54", "side": "SELL", "hash": "648f74480962beaae12f2603e319226f86786380", "best_bid": "0.77", "best_ask": "0.79"}], "timestamp": "1769384434774", "event_type": "price_change"}}
{"_local_timestamp": "2026-01-25T23:40:36.949905+00:00", "data": {"market": "0x61af02c9250c3917602e21c301e2f0cd032ea4e25bdef3751846b4d5f1c22799", "price_changes": [{"asset_id": "40581037591963443982506549884210281226867122905421206884675003828040093511244", "price": "0.75", "size": "1310", "side": "BUY", "hash": "28744d2373f695aa5a0fc0e90b4cbd0019d191c0", "best_bid": "0.77", "best_ask": "0.79"}, {"asset_id": "77997400651011819054222158182618580861479123177562866576575031403070672671390", "price": "0.25", "size": "1310", "side": "SELL", "hash": "a5b3c881d4c44cd5a31f680ce3560fe8b7ab5ca7", "best_bid": "0.21", "best_ask": "0.23"}], "timestamp": "1769384436881", "event_type": "price_change"}}
{"_local_timestamp": "2026-01-25T23:40:39.147732+00:00", "data": {"market": "0x61af02c9250c3917602e21c301e2f0cd032ea4e25bdef3751846b4d5f1c22799", "price_changes": [{"asset_id": "40581037591963443982506549884210281226867122905421206884675003828040093511244", "price": "0.75", "size": "1300", "side": "BUY", "hash": "98906b136691705178ae81a0064197d1881124b2", "best_bid": "0.77", "best_ask": "0.79"}, {"asset_id": "77997400651011819054222158182618580861479123177562866576575031403070672671390", "price": "0.25", "size": "1300", "side": "SELL", "hash": "9692182650fd9d9624e23f1642977edbea493180", "best_bid": "0.21", "best_ask": "0.23"}], "timestamp": "1769384439077", "event_type": "price_change"}}
{"_local_timestamp": "2026-01-25T23:40:40.328573+00:00", "data": {"market": "0x61af02c9250c3917602e21c301e2f0cd032ea4e25bdef3751846b4d5f1c22799", "price_changes": [{"asset_id": "40581037591963443982506549884210281226867122905421206884675003828040093511244", "price": "0.2", "size": "290", "side": "BUY", "hash": "c7dbcbe56f6ae004235228575ecf340a1511eb49", "best_bid": "0.77", "best_ask": "0.79"}, {"asset_id": "77997400651011819054222158182618580861479123177562866576575031403070672671390", "price": "0.8", "size": "290", "side": "SELL", "hash": "cfc1db61dd23d90e8a10209dfa6ac6a6397a2d81", "best_bid": "0.21", "best_ask": "0.23"}], "timestamp": "1769384440246", "event_type": "price_change"}}
{"_local_timestamp": "2026-01-25T23:40:40.522361+00:00", "data": {"market": "0x61af02c9250c3917602e21c301e2f0cd032ea4e25bdef3751846b4d5f1c22799", "price_changes": [{"asset_id": "40581037591963443982506549884210281226867122905421206884675003828040093511244", "price": "0.75", "size": "1310", "side": "BUY", "hash": "43739f4cca1ee7d159b6f1fe725f6bbf8c980404", "best_bid": "0.77", "best_ask": "0.79"}, {"asset_id": "77997400651011819054222158182618580861479123177562866576575031403070672671390", "price": "0.25", "size": "1310", "side": "SELL", "hash": "c7225a45fc1717074a0552651231c6e5bd499658", "best_bid": "0.21", "best_ask": "0.23"}], "timestamp": "1769384440356", "event_type": "price_change"}}
{"_local_timestamp": "2026-01-25T23:40:40.750703+00:00", "data": {"market": "0x61af02c9250c3917602e21c301e2f0cd032ea4e25bdef3751846b4d5f1c22799", "price_changes": [{"asset_id": "40581037591963443982506549884210281226867122905421206884675003828040093511244", "price": "0.19", "size": "100", "side": "BUY", "hash": "5ad2b5b976b72c6196d9eb5f85ef7a101fe38a85", "best_bid": "0.77", "best_ask": "0.79"}, {"asset_id": "77997400651011819054222158182618580861479123177562866576575031403070672671390", "price": "0.81", "size": "100", "side": "SELL", "hash": "8c36e3fbddc0f21c81c891a0a5e4729a3b08dc3f", "best_bid": "0.21", "best_ask": "0.23"}], "timestamp": "1769384440578", "event_type": "price_change"}}
{"_local_timestamp": "2026-01-25T23:40:41.450478+00:00", "data": {"market": "0x61af02c9250c3917602e21c301e2f0cd032ea4e25bdef3751846b4d5f1c22799", "price_changes": [{"asset_id": "40581037591963443982506549884210281226867122905421206884675003828040093511244", "price": "0.21", "size": "1998", "side": "BUY", "hash": "6f1ee00991bbde25a78ad35610c211a95b46155a", "best_bid": "0.77", "best_ask": "0.79"}, {"asset_id": "77997400651011819054222158182618580861479123177562866576575031403070672671390", "price": "0.79", "size": "1998", "side": "SELL", "hash": "3657f5a2e011dd97865f16e9f3087d707b4c76a5", "best_bid": "0.21", "best_ask": "0.23"}], "timestamp": "1769384441389", "event_type": "price_change"}}
{"_local_timestamp": "2026-01-25T23:40:44.283377+00:00", "data": {"market": "0x61af02c9250c3917602e21c301e2f0cd032ea4e25bdef3751846b4d5f1c22799", "price_changes": [{"asset_id": "40581037591963443982506549884210281226867122905421206884675003828040093511244", "price": "0.75", "size": "1300", "side": "BUY", "hash": "1527451858b804f29bd5af5d484c429484a0d76f", "best_bid": "0.77", "best_ask": "0.79"}, {"asset_id": "77997400651011819054222158182618580861479123177562866576575031403070672671390", "price": "0.25", "size": "1300", "side": "SELL", "hash": "4434700eb286917200e5c472a32b3152b36751cb", "best_bid": "0.21", "best_ask": "0.23"}], "timestamp": "1769384444215", "event_type": "price_change"}}
{"_local_timestamp": "2026-01-25T23:40:44.795242+00:00", "data": {"market": "0x61af02c9250c3917602e21c301e2f0cd032ea4e25bdef3751846b4d5f1c22799", "price_changes": [{"asset_id": "77997400651011819054222158182618580861479123177562866576575031403070672671390", "price": "0.18", "size": "2542.54", "side": "BUY", "hash": "823f157764dcf3422ef684221d93c213128c13e2", "best_bid": "0.21", "best_ask": "0.23"}, {"asset_id": "40581037591963443982506549884210281226867122905421206884675003828040093511244", "price": "0.82", "size": "2542.54", "side": "SELL", "hash": "d60b0eb3b58dca2eaaf91b92af515e0cbd936fb9", "best_bid": "0.77", "best_ask": "0.79"}], "timestamp": "1769384444713", "event_type": "price_change"}}
{"_local_timestamp": "2026-01-25T23:40:45.820040+00:00", "data": {"market": "0x61af02c9250c3917602e21c301e2f0cd032ea4e25bdef3751846b4d5f1c22799", "price_changes": [{"asset_id": "77997400651011819054222158182618580861479123177562866576575031403070672671390", "price": "0.18", "size": "2532.54", "side": "BUY", "hash": "14ed9f1688e7ed415fc338a16d7bd9906e326672", "best_bid": "0.21", "best_ask": "0.23"}, {"asset_id": "40581037591963443982506549884210281226867122905421206884675003828040093511244", "price": "0.82", "size": "2532.54", "side": "SELL", "hash": "c8de083ebe06890edc66a00e6e0de4437cba131a", "best_bid": "0.77", "best_ask": "0.79"}], "timestamp": "1769384445736", "event_type": "price_change"}}
{"_local_timestamp": "2026-01-25T23:40:45.895484+00:00", "data": {"market": "0x61af02c9250c3917602e21c301e2f0cd032ea4e25bdef3751846b4d5f1c22799", "price_changes": [{"asset_id": "40581037591963443982506549884210281226867122905421206884675003828040093511244", "price": "0.75", "size": "1310", "side": "BUY", "hash": "a3a3adf17e8f2de91f285e1139ff73a9b0e680bf", "best_bid": "0.77", "best_ask": "0.79"}, {"asset_id": "77997400651011819054222158182618580861479123177562866576575031403070672671390", "price": "0.25", "size": "1310", "side": "SELL", "hash": "73423102aa5bd7e5d6e6374047b880dcbb005e4b", "best_bid": "0.21", "best_ask": "0.23"}], "timestamp": "1769384445812", "event_type": "price_change"}}
{"_local_timestamp": "2026-01-25T23:40:47.142922+00:00", "data": {"market": "0x61af02c9250c3917602e21c301e2f0cd032ea4e25bdef3751846b4d5f1c22799", "price_changes": [{"asset_id": "40581037591963443982506549884210281226867122905421206884675003828040093511244", "price": "0.75", "size": "1300", "side": "BUY", "hash": "36d92706af6f741076cbe52bc6c3a5dcd7b77050", "best_bid": "0.77", "best_ask": "0.79"}, {"asset_id": "77997400651011819054222158182618580861479123177562866576575031403070672671390", "price": "0.25", "size": "1300", "side": "SELL", "hash": "84e95c48adcc4206a8612dcf97d00951b52c2223", "best_bid": "0.21", "best_ask": "0.23"}], "timestamp": "1769384447066", "event_type": "price_change"}}
{"_local_timestamp": "2026-01-25T23:40:47.221645+00:00", "data": {"market": "0x61af02c9250c3917602e21c301e2f0cd032ea4e25bdef3751846b4d5f1c22799", "price_changes": [{"asset_id": "77997400651011819054222158182618580861479123177562866576575031403070672671390", "price": "0.18", "size": "2542.54", "side": "BUY", "hash": "0d7cbe160888986ff83fea62d767f58a7626a920", "best_bid": "0.21", "best_ask": "0.23"}, {"asset_id": "40581037591963443982506549884210281226867122905421206884675003828040093511244", "price": "0.82", "size": "2542.54", "side": "SELL", "hash": "771d49c4bede11c30923e1e160cc369bc58fb4c3", "best_bid": "0.77", "best_ask": "0.79"}], "timestamp": "1769384447152", "event_type": "price_change"}}
{"_local_timestamp": "2026-01-25T23:40:47.809076+00:00", "data": {"market": "0x61af02c9250c3917602e21c301e2f0cd032ea4e25bdef3751846b4d5f1c22799", "price_changes": [{"asset_id": "77997400651011819054222158182618580861479123177562866576575031403070672671390", "price": "0.18", "size": "2532.54", "side": "BUY", "hash": "19d90a54d3c53021cdb12ac6c6a2b237d591e7ce", "best_bid": "0.21", "best_ask": "0.23"}, {"asset_id": "40581037591963443982506549884210281226867122905421206884675003828040093511244", "price": "0.82", "size": "2532.54", "side": "SELL", "hash": "e8057152cb69e73b89d1aa3f1a0696eed34bbe92", "best_bid": "0.77", "best_ask": "0.79"}], "timestamp": "1769384447745", "event_type": "price_change"}}
{"_local_timestamp": "2026-01-25T23:40:48.084501+00:00", "data": {"market": "0x61af02c9250c3917602e21c301e2f0cd032ea4e25bdef3751846b4d5f1c22799", "price_changes": [{"asset_id": "40581037591963443982506549884210281226867122905421206884675003828040093511244", "price": "0.75", "size": "1310", "side": "BUY", "hash": "28279f71a92e6fc6c85ec6b217cd26b708438384", "best_bid": "0.77", "best_ask": "0.79"}, {"asset_id": "77997400651011819054222158182618580861479123177562866576575031403070672671390", "price": "0.25", "size": "1310", "side": "SELL", "hash": "f8a796f7b0e46ddc17122c623319aa2ec20d07f0", "best_bid": "0.21", "best_ask": "0.23"}], "timestamp": "1769384448004", "event_type": "price_change"}}
{"_local_timestamp": "2026-01-25T23:40:49.593074+00:00", "data": {"market": "0x61af02c9250c3917602e21c301e2f0cd032ea4e25bdef3751846b4d5f1c22799", "price_changes": [{"asset_id": "40581037591963443982506549884210281226867122905421206884675003828040093511244", "price": "0.75", "size": "1300", "side": "BUY", "hash": "d02224ad994717b1f70045e15aad745bee396980", "best_bid": "0.77", "best_ask": "0.79"}, {"asset_id": "77997400651011819054222158182618580861479123177562866576575031403070672671390", "price": "0.25", "size": "1300", "side": "SELL", "hash": "2609a54a791fb64849aee2470d59e2edd396d782", "best_bid": "0.21", "best_ask": "0.23"}], "timestamp": "1769384449525", "event_type": "price_change"}}
{"_local_timestamp": "2026-01-25T23:40:50.851643+00:00", "data": {"market": "0x61af02c9250c3917602e21c301e2f0cd032ea4e25bdef3751846b4d5f1c22799", "price_changes": [{"asset_id": "40581037591963443982506549884210281226867122905421206884675003828040093511244", "price": "0.75", "size": "1310", "side": "BUY", "hash": "280abb270747ff73f51f13ab3ccfd5356f60f305", "best_bid": "0.77", "best_ask": "0.79"}, {"asset_id": "77997400651011819054222158182618580861479123177562866576575031403070672671390", "price": "0.25", "size": "1310", "side": "SELL", "hash": "dad7aaf27d83778395d49ada424e146c3496d684", "best_bid": "0.21", "best_ask": "0.23"}], "timestamp": "1769384450778", "event_type": "price_change"}}
{"_local_timestamp": "2026-01-25T23:40:50.979232+00:00", "data": {"market": "0x61af02c9250c3917602e21c301e2f0cd032ea4e25bdef3751846b4d5f1c22799", "price_changes": [{"asset_id": "40581037591963443982506549884210281226867122905421206884675003828040093511244", "price": "0.75", "size": "1300", "side": "BUY", "hash": "dd27b4035e72d340f1ae30c64610303796e4b10d", "best_bid": "0.77", "best_ask": "0.79"}, {"asset_id": "77997400651011819054222158182618580861479123177562866576575031403070672671390", "price": "0.25", "size": "1300", "side": "SELL", "hash": "3af429e723806c3a403575647b4e18abf3c3f6fd", "best_bid": "0.21", "best_ask": "0.23"}], "timestamp": "1769384450907", "event_type": "price_change"}}
{"_local_timestamp": "2026-01-25T23:40:51.980998+00:00", "data": {"market": "0x61af02c9250c3917602e21c301e2f0cd032ea4e25bdef3751846b4d5f1c22799", "price_changes": [{"asset_id": "77997400651011819054222158182618580861479123177562866576575031403070672671390", "price": "0.18", "size": "2542.54", "side": "BUY", "hash": "d3c9bbaad8b7f17bac5fecf508e3e63c7b74558a", "best_bid": "0.21", "best_ask": "0.23"}, {"asset_id": "40581037591963443982506549884210281226867122905421206884675003828040093511244", "price": "0.82", "size": "2542.54", "side": "SELL", "hash": "53c2155fa00eab45b5af89b928ac6398c4262da1", "best_bid": "0.77", "best_ask": "0.79"}], "timestamp": "1769384451912", "event_type": "price_change"}}
{"_local_timestamp": "2026-01-25T23:40:52.171052+00:00", "data": {"market": "0x61af02c9250c3917602e21c301e2f0cd032ea4e25bdef3751846b4d5f1c22799", "price_changes": [{"asset_id": "77997400651011819054222158182618580861479123177562866576575031403070672671390", "price": "0.18", "size": "2532.54", "side": "BUY", "hash": "6f01826fca9c5d7afd3ff1d8e1153ac9f591a0c4", "best_bid": "0.21", "best_ask": "0.23"}, {"asset_id": "40581037591963443982506549884210281226867122905421206884675003828040093511244", "price": "0.82", "size": "2532.54", "side": "SELL", "hash": "6b672e69f6efaac01753d06114f6735715f82b2e", "best_bid": "0.77", "best_ask": "0.79"}], "timestamp": "1769384452102", "event_type": "price_change"}}
{"_local_timestamp": "2026-01-25T23:40:52.475240+00:00", "data": {"market": "0x61af02c9250c3917602e21c301e2f0cd032ea4e25bdef3751846b4d5f1c22799", "price_changes": [{"asset_id": "40581037591963443982506549884210281226867122905421206884675003828040093511244", "price": "0.75", "size": "1310", "side": "BUY", "hash": "56566b46f17a48d5e8a1a7f13e3daa0ff3eb63fb", "best_bid": "0.77", "best_ask": "0.79"}, {"asset_id": "77997400651011819054222158182618580861479123177562866576575031403070672671390", "price": "0.25", "size": "1310", "side": "SELL", "hash": "91c23a78d8b6f3b699b70ed9053653a959b7397e", "best_bid": "0.21", "best_ask": "0.23"}], "timestamp": "1769384452407", "event_type": "price_change"}}
{"_local_timestamp": "2026-01-25T23:40:52.591262+00:00", "data": {"market": "0x61af02c9250c3917602e21c301e2f0cd032ea4e25bdef3751846b4d5f1c22799", "price_changes": [{"asset_id": "40581037591963443982506549884210281226867122905421206884675003828040093511244", "price": "0.75", "size": "1300", "side": "BUY", "hash": "aadae0f63effe899b4dbc2ae477d50fe96e38ec0", "best_bid": "0.77", "best_ask": "0.79"}, {"asset_id": "77997400651011819054222158182618580861479123177562866576575031403070672671390", "price": "0.25", "size": "1300", "side": "SELL", "hash": "654fdac8b73ce8d90e44d9dc7f1830fe8318c8e2", "best_bid": "0.21", "best_ask": "0.23"}], "timestamp": "1769384452521", "event_type": "price_change"}}
{"_local_timestamp": "2026-01-25T23:40:52.884913+00:00", "data": {"market": "0x61af02c9250c3917602e21c301e2f0cd032ea4e25bdef3751846b4d5f1c22799", "price_changes": [{"asset_id": "77997400651011819054222158182618580861479123177562866576575031403070672671390", "price": "0.18", "size": "2542.54", "side": "BUY", "hash": "e170c361ab5d088d033f85053cb6ae922263447b", "best_bid": "0.21", "best_ask": "0.23"}, {"asset_id": "40581037591963443982506549884210281226867122905421206884675003828040093511244", "price": "0.82", "size": "2542.54", "side": "SELL", "hash": "c43cd756f4728a3184d61343e19d709e9813b519", "best_bid": "0.77", "best_ask": "0.79"}], "timestamp": "1769384452818", "event_type": "price_change"}}
{"_local_timestamp": "2026-01-25T23:40:52.935155+00:00", "data": {"market": "0x61af02c9250c3917602e21c301e2f0cd032ea4e25bdef3751846b4d5f1c22799", "price_changes": [{"asset_id": "77997400651011819054222158182618580861479123177562866576575031403070672671390", "price": "0.19", "size": "493.64", "side": "BUY", "hash": "374c1ab9e13b037b6e06286cee150ec04cf61304", "best_bid": "0.21", "best_ask": "0.23"}, {"asset_id": "40581037591963443982506549884210281226867122905421206884675003828040093511244", "price": "0.81", "size": "493.64", "side": "SELL", "hash": "807c30bb8dac92ed57c4ce867ee92415f44f919b", "best_bid": "0.77", "best_ask": "0.79"}], "timestamp": "1769384452867", "event_type": "price_change"}}
{"_local_timestamp": "2026-01-25T23:40:52.937199+00:00", "data": {"market": "0x61af02c9250c3917602e21c301e2f0cd032ea4e25bdef3751846b4d5f1c22799", "price_changes": [{"asset_id": "77997400651011819054222158182618580861479123177562866576575031403070672671390", "price": "0.2", "size": "120.22", "side": "BUY", "hash": "374c1ab9e13b037b6e06286cee150ec04cf61304", "best_bid": "0.21", "best_ask": "0.23"}, {"asset_id": "40581037591963443982506549884210281226867122905421206884675003828040093511244", "price": "0.8", "size": "120.22", "side": "SELL", "hash": "807c30bb8dac92ed57c4ce867ee92415f44f919b", "best_bid": "0.77", "best_ask": "0.79"}], "timestamp": "1769384452867", "event_type": "price_change"}}
{"_local_timestamp": "2026-01-25T23:40:52.938620+00:00", "data": {"market": "0x61af02c9250c3917602e21c301e2f0cd032ea4e25bdef3751846b4d5f1c22799", "price_changes": [{"asset_id": "77997400651011819054222158182618580861479123177562866576575031403070672671390", "price": "0.16", "size": "102", "side": "BUY", "hash": "374c1ab9e13b037b6e06286cee150ec04cf61304", "best_bid": "0.21", "best_ask": "0.23"}, {"asset_id": "40581037591963443982506549884210281226867122905421206884675003828040093511244", "price": "0.84", "size": "102", "side": "SELL", "hash": "807c30bb8dac92ed57c4ce867ee92415f44f919b", "best_bid": "0.77", "best_ask": "0.79"}], "timestamp": "1769384452867", "event_type": "price_change"}}
{"_local_timestamp": "2026-01-25T23:40:52.940268+00:00", "data": {"market": "0x61af02c9250c3917602e21c301e2f0cd032ea4e25bdef3751846b4d5f1c22799", "price_changes": [{"asset_id": "77997400651011819054222158182618580861479123177562866576575031403070672671390", "price": "0.13", "size": "169", "side": "BUY", "hash": "374c1ab9e13b037b6e06286cee150ec04cf61304", "best_bid": "0.21", "best_ask": "0.23"}, {"asset_id": "40581037591963443982506549884210281226867122905421206884675003828040093511244", "price": "0.87", "size": "169", "side": "SELL", "hash": "807c30bb8dac92ed57c4ce867ee92415f44f919b", "best_bid": "0.77", "best_ask": "0.79"}], "timestamp": "1769384452867", "event_type": "price_change"}}
{"_local_timestamp": "2026-01-25T23:40:52.941653+00:00", "data": {"market": "0x61af02c9250c3917602e21c301e2f0cd032ea4e25bdef3751846b4d5f1c22799", "price_changes": [{"asset_id": "77997400651011819054222158182618580861479123177562866576575031403070672671390", "price": "0.11", "size": "491", "side": "BUY", "hash": "374c1ab9e13b037b6e06286cee150ec04cf61304", "best_bid": "0.21", "best_ask": "0.23"}, {"asset_id": "40581037591963443982506549884210281226867122905421206884675003828040093511244", "price": "0.89", "size": "491", "side": "SELL", "hash": "807c30bb8dac92ed57c4ce867ee92415f44f919b", "best_bid": "0.77", "best_ask": "0.79"}], "timestamp": "1769384452867", "event_type": "price_change"}}
{"_local_timestamp": "2026-01-25T23:40:52.943607+00:00", "data": {"market": "0x61af02c9250c3917602e21c301e2f0cd032ea4e25bdef3751846b4d5f1c22799", "price_changes": [{"asset_id": "77997400651011819054222158182618580861479123177562866576575031403070672671390", "price": "0.18", "size": "2520.54", "side": "BUY", "hash": "374c1ab9e13b037b6e06286cee150ec04cf61304", "best_bid": "0.21", "best_ask": "0.23"}, {"asset_id": "40581037591963443982506549884210281226867122905421206884675003828040093511244", "price": "0.82", "size": "2520.54", "side": "SELL", "hash": "807c30bb8dac92ed57c4ce867ee92415f44f919b", "best_bid": "0.77", "best_ask": "0.79"}], "timestamp": "1769384452867", "event_type": "price_change"}}
{"_local_timestamp": "2026-01-25T23:40:53.131963+00:00", "data": {"market": "0x61af02c9250c3917602e21c301e2f0cd032ea4e25bdef3751846b4d5f1c22799", "price_changes": [{"asset_id": "77997400651011819054222158182618580861479123177562866576575031403070672671390", "price": "0.19", "size": "498.64", "side": "BUY", "hash": "539b8a643333be0c7bef6459dbb1897ef7d01be6", "best_bid": "0.21", "best_ask": "0.23"}, {"asset_id": "40581037591963443982506549884210281226867122905421206884675003828040093511244", "price": "0.81", "size": "498.64", "side": "SELL", "hash": "0213c0a604f4bf1afc63c4d05061401ba3635c84", "best_bid": "0.77", "best_ask": "0.79"}], "timestamp": "1769384453034", "event_type": "price_change"}}
{"_local_timestamp": "2026-01-25T23:40:53.133522+00:00", "data": {"market": "0x61af02c9250c3917602e21c301e2f0cd032ea4e25bdef3751846b4d5f1c22799", "price_changes": [{"asset_id": "77997400651011819054222158182618580861479123177562866576575031403070672671390", "price": "0.16", "size": "365", "side": "BUY", "hash": "f7816b4a1bb95fac2e03f8af477ea02777510893", "best_bid": "0.21", "best_ask": "0.23"}, {"asset_id": "40581037591963443982506549884210281226867122905421206884675003828040093511244", "price": "0.84", "size": "365", "side": "SELL", "hash": "15036ae4508fd288fe24dee74dbfe20c092dc072", "best_bid": "0.77", "best_ask": "0.79"}], "timestamp": "1769384453035", "event_type": "price_change"}}
{"_local_timestamp": "2026-01-25T23:40:53.134831+00:00", "data": {"market": "0x61af02c9250c3917602e21c301e2f0cd032ea4e25bdef3751846b4d5f1c22799", "price_changes": [{"asset_id": "77997400651011819054222158182618580861479123177562866576575031403070672671390", "price": "0.11", "size": "2019", "side": "BUY", "hash": "c2601a502976d31ed063662e6f4f08668e76f28b", "best_bid": "0.21", "best_ask": "0.23"}, {"asset_id": "40581037591963443982506549884210281226867122905421206884675003828040093511244", "price": "0.89", "size": "2019", "side": "SELL", "hash": "8790de3528e0d21ceeba8f853577d0327b23b3e2", "best_bid": "0.77", "best_ask": "0.79"}], "timestamp": "1769384453035", "event_type": "price_change"}}
{"_local_timestamp": "2026-01-25T23:40:53.137562+00:00", "data": {"market": "0x61af02c9250c3917602e21c301e2f0cd032ea4e25bdef3751846b4d5f1c22799", "price_changes": [{"asset_id": "77997400651011819054222158182618580861479123177562866576575031403070672671390", "price": "0.18", "size": "2525.54", "side": "BUY", "hash": "cc44984ae942928fbf28a78e039a6d24adf8e1b2", "best_bid": "0.21", "best_ask": "0.23"}, {"asset_id": "40581037591963443982506549884210281226867122905421206884675003828040093511244", "price": "0.82", "size": "2525.54", "side": "SELL", "hash": "9d64d40de86daeaecea4efc90f3dc1c332d23707", "best_bid": "0.77", "best_ask": "0.79"}], "timestamp": "1769384453036", "event_type": "price_change"}}
{"_local_timestamp": "2026-01-25T23:40:53.141025+00:00", "data": {"market": "0x61af02c9250c3917602e21c301e2f0cd032ea4e25bdef3751846b4d5f1c22799", "price_changes": [{"asset_id": "77997400651011819054222158182618580861479123177562866576575031403070672671390", "price": "0.13", "size": "816", "side": "BUY", "hash": "ea285166db184cc5ad3d91301e4ff6866ba66697", "best_bid": "0.21", "best_ask": "0.23"}, {"asset_id": "40581037591963443982506549884210281226867122905421206884675003828040093511244", "price": "0.87", "size": "816", "side": "SELL", "hash": "0db3abe6531102e4760623381d83d7056f8f1a3c", "best_bid": "0.77", "best_ask": "0.79"}], "timestamp": "1769384453037", "event_type": "price_change"}}
{"_local_timestamp": "2026-01-25T23:40:55.038905+00:00", "data": {"market": "0x61af02c9250c3917602e21c301e2f0cd032ea4e25bdef3751846b4d5f1c22799", "price_changes": [{"asset_id": "77997400651011819054222158182618580861479123177562866576575031403070672671390", "price": "0.18", "size": "2515.54", "side": "BUY", "hash": "b2c233f1d024d71d1e313e88dfbf92bae11327fc", "best_bid": "0.21", "best_ask": "0.23"}, {"asset_id": "40581037591963443982506549884210281226867122905421206884675003828040093511244", "price": "0.82", "size": "2515.54", "side": "SELL", "hash": "ac234c9a4823e83de0059649caad2006a2acac04", "best_bid": "0.77", "best_ask": "0.79"}], "timestamp": "1769384454963", "event_type": "price_change"}}
{"_local_timestamp": "2026-01-25T23:40:55.832123+00:00", "data": {"market": "0x61af02c9250c3917602e21c301e2f0cd032ea4e25bdef3751846b4d5f1c22799", "price_changes": [{"asset_id": "40581037591963443982506549884210281226867122905421206884675003828040093511244", "price": "0.75", "size": "1310", "side": "BUY", "hash": "a7a79fc3053fd76c33c22d55e4ab891e84ff6edf", "best_bid": "0.77", "best_ask": "0.79"}, {"asset_id": "77997400651011819054222158182618580861479123177562866576575031403070672671390", "price": "0.25", "size": "1310", "side": "SELL", "hash": "24dbb4efadda367f031066b452bc63910293e412", "best_bid": "0.21", "best_ask": "0.23"}], "timestamp": "1769384455761", "event_type": "price_change"}}
{"_local_timestamp": "2026-01-25T23:40:58.539434+00:00", "data": {"market": "0x61af02c9250c3917602e21c301e2f0cd032ea4e25bdef3751846b4d5f1c22799", "price_changes": [{"asset_id": "40581037591963443982506549884210281226867122905421206884675003828040093511244", "price": "0.75", "size": "1300", "side": "BUY", "hash": "e609164bd9927f861f27900bc9b0ec55f7f8d8d4", "best_bid": "0.77", "best_ask": "0.79"}, {"asset_id": "77997400651011819054222158182618580861479123177562866576575031403070672671390", "price": "0.25", "size": "1300", "side": "SELL", "hash": "b302f0373f47606cd1c5bacab2d81b5dff8a23d5", "best_bid": "0.21", "best_ask": "0.23"}], "timestamp": "1769384458474", "event_type": "price_change"}}
{"_local_timestamp": "2026-01-25T23:40:59.976974+00:00", "data": {"market": "0x61af02c9250c3917602e21c301e2f0cd032ea4e25bdef3751846b4d5f1c22799", "price_changes": [{"asset_id": "77997400651011819054222158182618580861479123177562866576575031403070672671390", "price": "0.18", "size": "2525.54", "side": "BUY", "hash": "8124bc5b703ef554cfd62200c4ac37bc2bf3a1b4", "best_bid": "0.21", "best_ask": "0.23"}, {"asset_id": "40581037591963443982506549884210281226867122905421206884675003828040093511244", "price": "0.82", "size": "2525.54", "side": "SELL", "hash": "5af8e8d4e365656b2e207b338bd04708477104a0", "best_bid": "0.77", "best_ask": "0.79"}], "timestamp": "1769384459908", "event_type": "price_change"}}
{"_local_timestamp": "2026-01-25T23:41:00.073206+00:00", "data": {"market": "0x61af02c9250c3917602e21c301e2f0cd032ea4e25bdef3751846b4d5f1c22799", "price_changes": [{"asset_id": "77997400651011819054222158182618580861479123177562866576575031403070672671390", "price": "0.18", "size": "2515.54", "side": "BUY", "hash": "c48c373071117d46b3e5d022aa894ddd07568682", "best_bid": "0.21", "best_ask": "0.23"}, {"asset_id": "40581037591963443982506549884210281226867122905421206884675003828040093511244", "price": "0.82", "size": "2515.54", "side": "SELL", "hash": "000237d8e2a01c237e1fb5e7dd302e4d07fd998f", "best_bid": "0.77", "best_ask": "0.79"}], "timestamp": "1769384460000", "event_type": "price_change"}}
{"_local_timestamp": "2026-01-25T23:41:00.084989+00:00", "data": {"market": "0x61af02c9250c3917602e21c301e2f0cd032ea4e25bdef3751846b4d5f1c22799", "price_changes": [{"asset_id": "40581037591963443982506549884210281226867122905421206884675003828040093511244", "price": "0.75", "size": "1310", "side": "BUY", "hash": "d0e8a995add3e8bb189c5de8ca1d3bc190de5089", "best_bid": "0.77", "best_ask": "0.79"}, {"asset_id": "77997400651011819054222158182618580861479123177562866576575031403070672671390", "price": "0.25", "size": "1310", "side": "SELL", "hash": "4636f91104ad01f76207e50b07efc44b19a0b23d", "best_bid": "0.21", "best_ask": "0.23"}], "timestamp": "1769384460007", "event_type": "price_change"}}
{"_local_timestamp": "2026-01-25T23:41:02.873857+00:00", "data": {"market": "0x61af02c9250c3917602e21c301e2f0cd032ea4e25bdef3751846b4d5f1c22799", "price_changes": [{"asset_id": "40581037591963443982506549884210281226867122905421206884675003828040093511244", "price": "0.75", "size": "1300", "side": "BUY", "hash": "1988f3c14417cf77717233553fab1b9cd4445070", "best_bid": "0.77", "best_ask": "0.79"}, {"asset_id": "77997400651011819054222158182618580861479123177562866576575031403070672671390", "price": "0.25", "size": "1300", "side": "SELL", "hash": "1a061ddb361e31c6c1dbe2ddfef77c7dead1c683", "best_bid": "0.21", "best_ask": "0.23"}], "timestamp": "1769384462779", "event_type": "price_change"}}
{"_local_timestamp": "2026-01-25T23:41:04.180207+00:00", "data": {"market": "0x61af02c9250c3917602e21c301e2f0cd032ea4e25bdef3751846b4d5f1c22799", "price_changes": [{"asset_id": "77997400651011819054222158182618580861479123177562866576575031403070672671390", "price": "0.18", "size": "2525.54", "side": "BUY", "hash": "0213e24802b53c6659e6aa70c82cfd21f33d20a3", "best_bid": "0.21", "best_ask": "0.23"}, {"asset_id": "40581037591963443982506549884210281226867122905421206884675003828040093511244", "price": "0.82", "size": "2525.54", "side": "SELL", "hash": "5be72572dd0959f475b0b8a6e0e3ef0819982af2", "best_bid": "0.77", "best_ask": "0.79"}], "timestamp": "1769384464111", "event_type": "price_change"}}
{"_local_timestamp": "2026-01-25T23:41:05.929054+00:00", "data": {"market": "0x61af02c9250c3917602e21c301e2f0cd032ea4e25bdef3751846b4d5f1c22799", "price_changes": [{"asset_id": "77997400651011819054222158182618580861479123177562866576575031403070672671390", "price": "0.18", "size": "2515.54", "side": "BUY", "hash": "92942d5eef033b8931bb3e7a9130386887a3f580", "best_bid": "0.21", "best_ask": "0.23"}, {"asset_id": "40581037591963443982506549884210281226867122905421206884675003828040093511244", "price": "0.82", "size": "2515.54", "side": "SELL", "hash": "48cd4543332bdeee7639d64364c4b973e30fd7bd", "best_bid": "0.77", "best_ask": "0.79"}], "timestamp": "1769384465859", "event_type": "price_change"}}
{"_local_timestamp": "2026-01-25T23:41:07.232723+00:00", "data": {"market": "0x61af02c9250c3917602e21c301e2f0cd032ea4e25bdef3751846b4d5f1c22799", "price_changes": [{"asset_id": "77997400651011819054222158182618580861479123177562866576575031403070672671390", "price": "0.18", "size": "2525.54", "side": "BUY", "hash": "c5f6dd4a0dc815626e0155ee45559bc2a6ee26a5", "best_bid": "0.21", "best_ask": "0.23"}, {"asset_id": "40581037591963443982506549884210281226867122905421206884675003828040093511244", "price": "0.82", "size": "2525.54", "side": "SELL", "hash": "3dae503c6c5ae8d9347cf12d39c7d9882aa49779", "best_bid": "0.77", "best_ask": "0.79"}], "timestamp": "1769384467146", "event_type": "price_change"}}
{"_local_timestamp": "2026-01-25T23:41:07.263360+00:00", "data": {"market": "0x61af02c9250c3917602e21c301e2f0cd032ea4e25bdef3751846b4d5f1c22799", "price_changes": [{"asset_id": "77997400651011819054222158182618580861479123177562866576575031403070672671390", "price": "0.18", "size": "2515.54", "side": "BUY", "hash": "93e5eda94edc9fa3640e7a31d9c26b76dafed9aa", "best_bid": "0.21", "best_ask": "0.23"}, {"asset_id": "40581037591963443982506549884210281226867122905421206884675003828040093511244", "price": "0.82", "size": "2515.54", "side": "SELL", "hash": "bfb867be2d211a479cadeb41b0cbc778acda1b9d", "best_bid": "0.77", "best_ask": "0.79"}], "timestamp": "1769384467148", "event_type": "price_change"}}
{"_local_timestamp": "2026-01-25T23:41:07.303827+00:00", "data": {"market": "0x61af02c9250c3917602e21c301e2f0cd032ea4e25bdef3751846b4d5f1c22799", "price_changes": [{"asset_id": "40581037591963443982506549884210281226867122905421206884675003828040093511244", "price": "0.75", "size": "1310", "side": "BUY", "hash": "566d3f743395383aa7b062be965cb82e6fc8d4e1", "best_bid": "0.77", "best_ask": "0.79"}, {"asset_id": "77997400651011819054222158182618580861479123177562866576575031403070672671390", "price": "0.25", "size": "1310", "side": "SELL", "hash": "6065cb30c9b7be4edc04506e8093115de6cf0dd2", "best_bid": "0.21", "best_ask": "0.23"}], "timestamp": "1769384467232", "event_type": "price_change"}}
{"_local_timestamp": "2026-01-25T23:41:08.723167+00:00", "data": {"market": "0x61af02c9250c3917602e21c301e2f0cd032ea4e25bdef3751846b4d5f1c22799", "price_changes": [{"asset_id": "40581037591963443982506549884210281226867122905421206884675003828040093511244", "price": "0.75", "size": "1300", "side": "BUY", "hash": "f3f6c35bfbe3f918e4db8cb51793800058c982ec", "best_bid": "0.77", "best_ask": "0.79"}, {"asset_id": "77997400651011819054222158182618580861479123177562866576575031403070672671390", "price": "0.25", "size": "1300", "side": "SELL", "hash": "fc72b86bc77bb80c56bd8f2d202c540e24368a70", "best_bid": "0.21", "best_ask": "0.23"}], "timestamp": "1769384468659", "event_type": "price_change"}}
{"_local_timestamp": "2026-01-25T23:41:09.863269+00:00", "data": {"market": "0x61af02c9250c3917602e21c301e2f0cd032ea4e25bdef3751846b4d5f1c22799", "price_changes": [{"asset_id": "77997400651011819054222158182618580861479123177562866576575031403070672671390", "price": "0.18", "size": "2525.54", "side": "BUY", "hash": "372f4aa5e881a6c2c09a4bcd9814c05754e02d60", "best_bid": "0.21", "best_ask": "0.23"}, {"asset_id": "40581037591963443982506549884210281226867122905421206884675003828040093511244", "price": "0.82", "size": "2525.54", "side": "SELL", "hash": "bdd93082e797d18c36aeade586f27a5ad3313212", "best_bid": "0.77", "best_ask": "0.79"}], "timestamp": "1769384469794", "event_type": "price_change"}}
{"_local_timestamp": "2026-01-25T23:41:09.922008+00:00", "data": {"market": "0x61af02c9250c3917602e21c301e2f0cd032ea4e25bdef3751846b4d5f1c22799", "price_changes": [{"asset_id": "77997400651011819054222158182618580861479123177562866576575031403070672671390", "price": "0.18", "size": "2515.54", "side": "BUY", "hash": "cdc133efd4dccacb4224b6793b4902503b6aa64b", "best_bid": "0.21", "best_ask": "0.23"}, {"asset_id": "40581037591963443982506549884210281226867122905421206884675003828040093511244", "price": "0.82", "size": "2515.54", "side": "SELL", "hash": "34e5332453a1e06e8580e804613fa99d8bbd49f6", "best_bid": "0.77", "best_ask": "0.79"}], "timestamp": "1769384469828", "event_type": "price_change"}}
{"_local_timestamp": "2026-01-25T23:41:11.734978+00:00", "data": {"market": "0x61af02c9250c3917602e21c301e2f0cd032ea4e25bdef3751846b4d5f1c22799", "price_changes": [{"asset_id": "40581037591963443982506549884210281226867122905421206884675003828040093511244", "price": "0.75", "size": "1310", "side": "BUY", "hash": "97840528812f27ff0562367b7e7212e598fba050", "best_bid": "0.77", "best_ask": "0.79"}, {"asset_id": "77997400651011819054222158182618580861479123177562866576575031403070672671390", "price": "0.25", "size": "1310", "side": "SELL", "hash": "b0fe190cc14567381718cbbd4ca000e96eded2d7", "best_bid": "0.21", "best_ask": "0.23"}], "timestamp": "1769384471660", "event_type": "price_change"}}
{"_local_timestamp": "2026-01-25T23:41:13.062421+00:00", "data": {"market": "0x61af02c9250c3917602e21c301e2f0cd032ea4e25bdef3751846b4d5f1c22799", "price_changes": [{"asset_id": "40581037591963443982506549884210281226867122905421206884675003828040093511244", "price": "0.75", "size": "1300", "side": "BUY", "hash": "83d6b91c20a1c08228fc560638e36cf3c8bf7684", "best_bid": "0.77", "best_ask": "0.79"}, {"asset_id": "77997400651011819054222158182618580861479123177562866576575031403070672671390", "price": "0.25", "size": "1300", "side": "SELL", "hash": "724a9751c1eb8ff41e76ad43bbf6c6fcfb3fd78a", "best_bid": "0.21", "best_ask": "0.23"}], "timestamp": "1769384472989", "event_type": "price_change"}}
{"_local_timestamp": "2026-01-25T23:41:14.534887+00:00", "data": {"market": "0x61af02c9250c3917602e21c301e2f0cd032ea4e25bdef3751846b4d5f1c22799", "price_changes": [{"asset_id": "77997400651011819054222158182618580861479123177562866576575031403070672671390", "price": "0.18", "size": "2525.54", "side": "BUY", "hash": "d6ff410f5c8042633d4aec36696ae3f412508c47", "best_bid": "0.21", "best_ask": "0.23"}, {"asset_id": "40581037591963443982506549884210281226867122905421206884675003828040093511244", "price": "0.82", "size": "2525.54", "side": "SELL", "hash": "d1b0e989f1fb1c7a0d6894740a94f76145ab0b84", "best_bid": "0.77", "best_ask": "0.79"}], "timestamp": "1769384474462", "event_type": "price_change"}}
{"_local_timestamp": "2026-01-25T23:41:14.540057+00:00", "data": {"market": "0x61af02c9250c3917602e21c301e2f0cd032ea4e25bdef3751846b4d5f1c22799", "price_changes": [{"asset_id": "77997400651011819054222158182618580861479123177562866576575031403070672671390", "price": "0.18", "size": "2515.54", "side": "BUY", "hash": "a0f2a55166d2f09e1a08c4d9ff79e284018a6243", "best_bid": "0.21", "best_ask": "0.23"}, {"asset_id": "40581037591963443982506549884210281226867122905421206884675003828040093511244", "price": "0.82", "size": "2515.54", "side": "SELL", "hash": "da47828c4f3c380c562d3bf795229abc76480be8", "best_bid": "0.77", "best_ask": "0.79"}], "timestamp": "1769384474470", "event_type": "price_change"}}
{"_local_timestamp": "2026-01-25T23:41:14.570139+00:00", "data": {"market": "0x61af02c9250c3917602e21c301e2f0cd032ea4e25bdef3751846b4d5f1c22799", "price_changes": [{"asset_id": "40581037591963443982506549884210281226867122905421206884675003828040093511244", "price": "0.75", "size": "1310", "side": "BUY", "hash": "5e0b0c6e75438becb1a74311fe9b106442be9478", "best_bid": "0.77", "best_ask": "0.79"}, {"asset_id": "77997400651011819054222158182618580861479123177562866576575031403070672671390", "price": "0.25", "size": "1310", "side": "SELL", "hash": "225975d421e88481e4eb4ce5e152674c5aa173c7", "best_bid": "0.21", "best_ask": "0.23"}], "timestamp": "1769384474492", "event_type": "price_change"}}
{"_local_timestamp": "2026-01-25T23:41:17.169924+00:00", "data": {"market": "0x61af02c9250c3917602e21c301e2f0cd032ea4e25bdef3751846b4d5f1c22799", "price_changes": [{"asset_id": "40581037591963443982506549884210281226867122905421206884675003828040093511244", "price": "0.75", "size": "1300", "side": "BUY", "hash": "2bb2c1778e94470d067a57f5b5285c6cdbe35a8e", "best_bid": "0.77", "best_ask": "0.79"}, {"asset_id": "77997400651011819054222158182618580861479123177562866576575031403070672671390", "price": "0.25", "size": "1300", "side": "SELL", "hash": "dbef555f6265a3f25b3e31e08eda7872ba8c7e8a", "best_bid": "0.21", "best_ask": "0.23"}], "timestamp": "1769384477098", "event_type": "price_change"}}
{"_local_timestamp": "2026-01-25T23:41:18.384555+00:00", "data": {"market": "0x61af02c9250c3917602e21c301e2f0cd032ea4e25bdef3751846b4d5f1c22799", "price_changes": [{"asset_id": "40581037591963443982506549884210281226867122905421206884675003828040093511244", "price": "0.75", "size": "1310", "side": "BUY", "hash": "a0591c068333bed9d1d4546d5ec05aa958261d44", "best_bid": "0.77", "best_ask": "0.79"}, {"asset_id": "77997400651011819054222158182618580861479123177562866576575031403070672671390", "price": "0.25", "size": "1310", "side": "SELL", "hash": "9b31cc63cfb6191e10147a49770aec7d03b96c6a", "best_bid": "0.21", "best_ask": "0.23"}], "timestamp": "1769384478249", "event_type": "price_change"}}
{"_local_timestamp": "2026-01-25T23:41:19.371974+00:00", "data": {"market": "0x61af02c9250c3917602e21c301e2f0cd032ea4e25bdef3751846b4d5f1c22799", "price_changes": [{"asset_id": "40581037591963443982506549884210281226867122905421206884675003828040093511244", "price": "0.75", "size": "1300", "side": "BUY", "hash": "f10a75e7ffa548444cc8dba913c9dd434a7fd5c3", "best_bid": "0.77", "best_ask": "0.79"}, {"asset_id": "77997400651011819054222158182618580861479123177562866576575031403070672671390", "price": "0.25", "size": "1300", "side": "SELL", "hash": "5612436bcf2d94ebcd0d875c377f12c0de5c536a", "best_bid": "0.21", "best_ask": "0.23"}], "timestamp": "1769384479301", "event_type": "price_change"}}
{"_local_timestamp": "2026-01-25T23:41:19.674289+00:00", "data": {"market": "0x61af02c9250c3917602e21c301e2f0cd032ea4e25bdef3751846b4d5f1c22799", "price_changes": [{"asset_id": "40581037591963443982506549884210281226867122905421206884675003828040093511244", "price": "0.75", "size": "1310", "side": "BUY", "hash": "e8fdb18328b9dc9ae54a4d57fc6e6bbcc6b1c36b", "best_bid": "0.77", "best_ask": "0.79"}, {"asset_id": "77997400651011819054222158182618580861479123177562866576575031403070672671390", "price": "0.25", "size": "1310", "side": "SELL", "hash": "182f320c9fe391bee031ead8a4c577e6fdee1fa6", "best_bid": "0.21", "best_ask": "0.23"}], "timestamp": "1769384479602", "event_type": "price_change"}}
{"_local_timestamp": "2026-01-25T23:41:21.963070+00:00", "data": {"market": "0x61af02c9250c3917602e21c301e2f0cd032ea4e25bdef3751846b4d5f1c22799", "price_changes": [{"asset_id": "40581037591963443982506549884210281226867122905421206884675003828040093511244", "price": "0.75", "size": "1300", "side": "BUY", "hash": "3da04af5d2fd34eac21e96e9a4e71c6199ae0e97", "best_bid": "0.77", "best_ask": "0.79"}, {"asset_id": "77997400651011819054222158182618580861479123177562866576575031403070672671390", "price": "0.25", "size": "1300", "side": "SELL", "hash": "a9187b45cf66850911f9990b26329675faaabf8b", "best_bid": "0.21", "best_ask": "0.23"}], "timestamp": "1769384481880", "event_type": "price_change"}}
{"_local_timestamp": "2026-01-25T23:41:22.040484+00:00", "data": {"market": "0x61af02c9250c3917602e21c301e2f0cd032ea4e25bdef3751846b4d5f1c22799", "price_changes": [{"asset_id": "77997400651011819054222158182618580861479123177562866576575031403070672671390", "price": "0.18", "size": "2525.54", "side": "BUY", "hash": "266a9aee689c60d4c43566506da1aa649ef3835c", "best_bid": "0.21", "best_ask": "0.23"}, {"asset_id": "40581037591963443982506549884210281226867122905421206884675003828040093511244", "price": "0.82", "size": "2525.54", "side": "SELL", "hash": "f7400af2f00679db3da5e0b0428aed390a3cdb29", "best_bid": "0.77", "best_ask": "0.79"}], "timestamp": "1769384481967", "event_type": "price_change"}}
{"_local_timestamp": "2026-01-25T23:41:22.839934+00:00", "data": {"market": "0x61af02c9250c3917602e21c301e2f0cd032ea4e25bdef3751846b4d5f1c22799", "price_changes": [{"asset_id": "77997400651011819054222158182618580861479123177562866576575031403070672671390", "price": "0.18", "size": "2515.54", "side": "BUY", "hash": "8edf47f40144b1943c99e7c810c1e39b5d214bb7", "best_bid": "0.21", "best_ask": "0.23"}, {"asset_id": "40581037591963443982506549884210281226867122905421206884675003828040093511244", "price": "0.82", "size": "2515.54", "side": "SELL", "hash": "cf0f7bfda0b23063efb3ee3fc200ed9b0901bd60", "best_bid": "0.77", "best_ask": "0.79"}], "timestamp": "1769384482766", "event_type": "price_change"}}
{"_local_timestamp": "2026-01-25T23:41:22.972336+00:00", "data": {"market": "0x61af02c9250c3917602e21c301e2f0cd032ea4e25bdef3751846b4d5f1c22799", "price_changes": [{"asset_id": "40581037591963443982506549884210281226867122905421206884675003828040093511244", "price": "0.75", "size": "1310", "side": "BUY", "hash": "820f2d57962fce6d745e82a11120414ab04aa54b", "best_bid": "0.77", "best_ask": "0.79"}, {"asset_id": "77997400651011819054222158182618580861479123177562866576575031403070672671390", "price": "0.25", "size": "1310", "side": "SELL", "hash": "93b0df280d721f09308d2194cd76c79da3ebf5c1", "best_bid": "0.21", "best_ask": "0.23"}], "timestamp": "1769384482897", "event_type": "price_change"}}
{"_local_timestamp": "2026-01-25T23:41:23.498034+00:00", "data": {"market": "0x61af02c9250c3917602e21c301e2f0cd032ea4e25bdef3751846b4d5f1c22799", "price_changes": [{"asset_id": "40581037591963443982506549884210281226867122905421206884675003828040093511244", "price": "0.75", "size": "1300", "side": "BUY", "hash": "5360a858a0a0dd0698131022f7b0f2584161e841", "best_bid": "0.77", "best_ask": "0.79"}, {"asset_id": "77997400651011819054222158182618580861479123177562866576575031403070672671390", "price": "0.25", "size": "1300", "side": "SELL", "hash": "5a6fa5e03c3cdf32775b062cc11bb0539e5b8f9a", "best_bid": "0.21", "best_ask": "0.23"}], "timestamp": "1769384483427", "event_type": "price_change"}}
{"_local_timestamp": "2026-01-25T23:41:23.736353+00:00", "data": {"market": "0x61af02c9250c3917602e21c301e2f0cd032ea4e25bdef3751846b4d5f1c22799", "price_changes": [{"asset_id": "77997400651011819054222158182618580861479123177562866576575031403070672671390", "price": "0.18", "size": "2525.54", "side": "BUY", "hash": "424d88ddf1cbace8ad810052382f5f178b411bbd", "best_bid": "0.21", "best_ask": "0.23"}, {"asset_id": "40581037591963443982506549884210281226867122905421206884675003828040093511244", "price": "0.82", "size": "2525.54", "side": "SELL", "hash": "87bf203402bf885415fb775db1a8a7eca96b2762", "best_bid": "0.77", "best_ask": "0.79"}], "timestamp": "1769384483663", "event_type": "price_change"}}
{"_local_timestamp": "2026-01-25T23:41:23.788010+00:00", "data": {"market": "0x61af02c9250c3917602e21c301e2f0cd032ea4e25bdef3751846b4d5f1c22799", "price_changes": [{"asset_id": "77997400651011819054222158182618580861479123177562866576575031403070672671390", "price": "0.18", "size": "2515.54", "side": "BUY", "hash": "efaced8fd6f99d29f62f9606898e8a72cb379645", "best_bid": "0.21", "best_ask": "0.23"}, {"asset_id": "40581037591963443982506549884210281226867122905421206884675003828040093511244", "price": "0.82", "size": "2515.54", "side": "SELL", "hash": "dec14dc99ffd3d81b2876be90df210e1898a9968", "best_bid": "0.77", "best_ask": "0.79"}], "timestamp": "1769384483721", "event_type": "price_change"}}
{"_local_timestamp": "2026-01-25T23:41:23.793018+00:00", "data": {"market": "0x61af02c9250c3917602e21c301e2f0cd032ea4e25bdef3751846b4d5f1c22799", "price_changes": [{"asset_id": "40581037591963443982506549884210281226867122905421206884675003828040093511244", "price": "0.75", "size": "1310", "side": "BUY", "hash": "c1d8d4ba9720fca0c9a2c5c73820696fcec95408", "best_bid": "0.77", "best_ask": "0.79"}, {"asset_id": "77997400651011819054222158182618580861479123177562866576575031403070672671390", "price": "0.25", "size": "1310", "side": "SELL", "hash": "1ab3e0686aec08c1a687e813e232481308410f45", "best_bid": "0.21", "best_ask": "0.23"}], "timestamp": "1769384483726", "event_type": "price_change"}}
{"_local_timestamp": "2026-01-25T23:41:25.769528+00:00", "data": {"market": "0x61af02c9250c3917602e21c301e2f0cd032ea4e25bdef3751846b4d5f1c22799", "price_changes": [{"asset_id": "40581037591963443982506549884210281226867122905421206884675003828040093511244", "price": "0.75", "size": "1300", "side": "BUY", "hash": "a73b28687f8c20c5609278373a8fbd9c04dbf9d2", "best_bid": "0.77", "best_ask": "0.79"}, {"asset_id": "77997400651011819054222158182618580861479123177562866576575031403070672671390", "price": "0.25", "size": "1300", "side": "SELL", "hash": "8d35bd66d6690142bad16ff01cace2098b683d81", "best_bid": "0.21", "best_ask": "0.23"}], "timestamp": "1769384485694", "event_type": "price_change"}}
{"_local_timestamp": "2026-01-25T23:41:26.887650+00:00", "data": {"market": "0x61af02c9250c3917602e21c301e2f0cd032ea4e25bdef3751846b4d5f1c22799", "price_changes": [{"asset_id": "40581037591963443982506549884210281226867122905421206884675003828040093511244", "price": "0.75", "size": "1310", "side": "BUY", "hash": "cf6551065692127a8fa18737702ffd9e619c13fd", "best_bid": "0.77", "best_ask": "0.79"}, {"asset_id": "77997400651011819054222158182618580861479123177562866576575031403070672671390", "price": "0.25", "size": "1310", "side": "SELL", "hash": "80fa26dc575949284b92b225ec3d8a2921c68764", "best_bid": "0.21", "best_ask": "0.23"}], "timestamp": "1769384486817", "event_type": "price_change"}}
{"_local_timestamp": "2026-01-25T23:41:26.916166+00:00", "data": {"market": "0x61af02c9250c3917602e21c301e2f0cd032ea4e25bdef3751846b4d5f1c22799", "price_changes": [{"asset_id": "40581037591963443982506549884210281226867122905421206884675003828040093511244", "price": "0.75", "size": "1300", "side": "BUY", "hash": "d94ef3f8148c4eaf6f3397f69279bb7b3332abeb", "best_bid": "0.77", "best_ask": "0.79"}, {"asset_id": "77997400651011819054222158182618580861479123177562866576575031403070672671390", "price": "0.25", "size": "1300", "side": "SELL", "hash": "f7427dd5244e355c711148024700afa4151e2a74", "best_bid": "0.21", "best_ask": "0.23"}], "timestamp": "1769384486846", "event_type": "price_change"}}
{"_local_timestamp": "2026-01-25T23:41:28.888346+00:00", "data": {"market": "0x61af02c9250c3917602e21c301e2f0cd032ea4e25bdef3751846b4d5f1c22799", "price_changes": [{"asset_id": "77997400651011819054222158182618580861479123177562866576575031403070672671390", "price": "0.18", "size": "2525.54", "side": "BUY", "hash": "fcb25286716a9f72b12c8dc08f6079a0351d8409", "best_bid": "0.21", "best_ask": "0.23"}, {"asset_id": "40581037591963443982506549884210281226867122905421206884675003828040093511244", "price": "0.82", "size": "2525.54", "side": "SELL", "hash": "3914d39ed12ad12defb087336928276c753ad27a", "best_bid": "0.77", "best_ask": "0.79"}], "timestamp": "1769384488816", "event_type": "price_change"}}
{"_local_timestamp": "2026-01-25T23:41:30.911717+00:00", "data": {"market": "0x61af02c9250c3917602e21c301e2f0cd032ea4e25bdef3751846b4d5f1c22799", "price_changes": [{"asset_id": "77997400651011819054222158182618580861479123177562866576575031403070672671390", "price": "0.18", "size": "2515.54", "side": "BUY", "hash": "fabb6a3d62a25a63ae7d5950ad33039226556b18", "best_bid": "0.21", "best_ask": "0.23"}, {"asset_id": "40581037591963443982506549884210281226867122905421206884675003828040093511244", "price": "0.82", "size": "2515.54", "side": "SELL", "hash": "36391a4da2083da1eed16a10f621f6676e447433", "best_bid": "0.77", "best_ask": "0.79"}], "timestamp": "1769384490841", "event_type": "price_change"}}
{"_local_timestamp": "2026-01-25T23:41:32.238522+00:00", "data": {"market": "0x61af02c9250c3917602e21c301e2f0cd032ea4e25bdef3751846b4d5f1c22799", "price_changes": [{"asset_id": "77997400651011819054222158182618580861479123177562866576575031403070672671390", "price": "0.18", "size": "2525.54", "side": "BUY", "hash": "8424c2946d5573d005721819e8c0ec897e35a7ac", "best_bid": "0.21", "best_ask": "0.23"}, {"asset_id": "40581037591963443982506549884210281226867122905421206884675003828040093511244", "price": "0.82", "size": "2525.54", "side": "SELL", "hash": "9a3222d690baec861adc9bff48ba778636379a7a", "best_bid": "0.77", "best_ask": "0.79"}], "timestamp": "1769384492162", "event_type": "price_change"}}
{"_local_timestamp": "2026-01-25T23:41:32.310671+00:00", "data": {"market": "0x61af02c9250c3917602e21c301e2f0cd032ea4e25bdef3751846b4d5f1c22799", "price_changes": [{"asset_id": "77997400651011819054222158182618580861479123177562866576575031403070672671390", "price": "0.18", "size": "2515.54", "side": "BUY", "hash": "0c7219c86fc5fe21abc1418de7b7e6ac4045dae2", "best_bid": "0.21", "best_ask": "0.23"}, {"asset_id": "40581037591963443982506549884210281226867122905421206884675003828040093511244", "price": "0.82", "size": "2515.54", "side": "SELL", "hash": "b3d59c979de4de28bffbaf5a2e002db2fbd9c55b", "best_bid": "0.77", "best_ask": "0.79"}], "timestamp": "1769384492241", "event_type": "price_change"}}
{"_local_timestamp": "2026-01-25T23:41:33.707560+00:00", "data": {"market": "0x61af02c9250c3917602e21c301e2f0cd032ea4e25bdef3751846b4d5f1c22799", "price_changes": [{"asset_id": "40581037591963443982506549884210281226867122905421206884675003828040093511244", "price": "0.75", "size": "1310", "side": "BUY", "hash": "b1be20eb127abba3601121e1b8373dbb0c9742b9", "best_bid": "0.77", "best_ask": "0.79"}, {"asset_id": "77997400651011819054222158182618580861479123177562866576575031403070672671390", "price": "0.25", "size": "1310", "side": "SELL", "hash": "4059d9c7a04ed3935a17c02a12237e420f3ffb04", "best_bid": "0.21", "best_ask": "0.23"}], "timestamp": "1769384493635", "event_type": "price_change"}}
