{"_local_timestamp": "2026-01-25T23:41:23.064357+00:00", "data": [{"market": "0x90f8a93472571abd370d88d86fab939f0adfb0deb4896195f3bdf84eedebe188", "asset_id": "59765375222182454025188140802676844967680898532502842666446703354730163823514", "timestamp": "1769382495743", "hash": "7801bfa98fab5124bc1d5a10bb13d66d234efff1", "bids": [{"price": "0.01", "size": "644.79"}, {"price": "0.02", "size": "13.72"}, {"price": "0.03", "size": "16"}, {"price": "0.04", "size": "6.21"}, {"price": "0.05", "size": "90"}, {"price": "0.06", "size": "48.48"}], "asks": [{"price": "0.99", "size": "644.79"}, {"price": "0.98", "size": "26.16"}, {"price": "0.95", "size": "100"}, {"price": "0.94", "size": "53.95"}], "event_type": "book", "last_trade_price": ""}, {"market": "0x63fe8423e094333aeba0c694cea9b617edbc01fdf2797c480c48568d5c6a84b3", "asset_id": "112943484635050774672838604400564231987243302964882529179719406909379621144120", "timestamp": "1769384334618", "hash": "2d67663f958b0c9bfb9c657673849f271fe4bcbd", "bids": [{"price": "0.01", "size": "544.79"}, {"price": "0.02", "size": "42.6"}, {"price": "0.05", "size": "15.47"}], "asks": [{"price": "0.99", "size": "530"}, {"price": "0.98", "size": "84.99"}], "event_type": "book", "last_trade_price": ""}, {"market": "0x6930ac5076306bc58ee5c2acbc984279b2036b7b881d3691053415a3dda76639", "asset_id": "33037242521346246340924352681378387530474516093059441341673116224236799699255", "timestamp": "1769384326447", "hash": "32d169e7e8db49d5f335eda9d9e2cdb34cafbf0a", "bids": [{"price": "0.01", "size": "551.38"}, {"price": "0.02", "size": "29.05"}, {"price": "0.03", "size": "56.65"}], "asks": [{"price": "0.99", "size": "545.15"}, {"price": "0.98", "size": "42.42"}, {"price": "0.95", "size": "15.47"}], "event_type": "book", "last_trade_price": ""}, {"market": "0x6930ac5076306bc58ee5c2acbc984279b2036b7b881d3691053415a3dda76639", "asset_id": "58399167236974527596647682987811387840356418465677723920156183544887841872621", "timestamp": "1769384326447", "hash": "5c46ad829c40b37b357a74b79c1b81b8f70cd610", "bids": [{"price": "0.01", "size": "545.15"}, {"price": "0.02", "size": "42.42"}, {"price": "0.05", "size": "15.47"}], "asks": [{"price": "0.99", "size": "551.38"}, {"price": "0.98", "size": "29.05"}, {"price": "0.97", "size": "56.65"}], "event_type": "book", "last_trade_price": ""}, {"market": "0x8d492bb3b19bd483b13f463f64f3524330a1aa9c2863ede5fc6d7e4d01e5350d", "asset_id": "5047570491470531723795741552062780477076634766363047872467057286629312981935", "timestamp": "1769384326745", "hash": "2ac9b9256cd3a63f9fe8db5b2d64063f40558cf1", "bids": [{"price": "0.01", "size": "530"}, {"price": "0.02", "size": "84.99"}], "asks": [{"price": "0.99", "size": "544.79"}, {"price": "0.98", "size": "26.49"}, {"price": "0.95", "size": "21.91"}], "event_type": "book", "last_trade_price": ""}, {"market": "0xd68fdf24f0b58ce0b8254c2c7cd795f4d55741af753228d95eb47fcc90ed5b5c", "asset_id": "10129650234993606356597437495675743995574845990597249801727815256673025932293", "timestamp": "1769384331781", "hash": "293341b52d6293ca48971f10d47a6cfdb1ca0fae", "bids": [{"price": "0.01", "size": "551.38"}, {"price": "0.02", "size": "29.05"}, {"price": "0.03", "size": "56.65"}], "asks": [{"price": "0.99", "size": "544.79"}, {"price": "0.98", "size": "42.6"}, {"price": "0.95", "size": "15.47"}], "event_type": "book", "last_trade_price": ""}, {"market": "0x8d492bb3b19bd483b13f463f64f3524330a1aa9c2863ede5fc6d7e4d01e5350d", "asset_id": "29611401284821288657346081161124651076545335541197751201352859192533509899574", "timestamp": "1769384326745", "hash": "59536f7e45cf1864af5ba0f9638d04701b33dd80", "bids": [{"price": "0.01", "size": "544.79"}, {"price": "0.02", "size": "26.49"}, {"price": "0.05", "size": "21.91"}], "asks": [{"price": "0.99", "size": "530"}, {"price": "0.98", "size": "84.99"}], "event_type": "book", "last_trade_price": ""}, {"market": "0xd68fdf24f0b58ce0b8254c2c7cd795f4d55741af753228d95eb47fcc90ed5b5c", "asset_id": "113753697853443714559371056845773611686851414137907145724229379464230490829361", "timestamp": "1769384331781", "hash": "330bbaf7421b136a1c47df38f90839fa27ebfe5a", "bids": [{"price": "0.01", "size": "544.79"}, {"price": "0.02", "size": "42.6"}, {"price": "0.05", "size": "15.47"}], "asks": [{"price": "0.99", "size": "551.38"}, {"price": "0.98", "size": "29.05"}, {"price": "0.97", "size": "56.65"}], "event_type": "book", "last_trade_price": ""}, {"market": "0x90f8a93472571abd370d88d86fab939f0adfb0deb4896195f3bdf84eedebe188", "asset_id": "54525958965963543692582538146574919179805024072214389028559405064808602709570", "timestamp": "1769382495743", "hash": "74869256c6911e3572092fd00a9097b4a0e93a13", "bids": [{"price": "0.01", "size": "644.79"}, {"price": "0.02", "size": "26.16"}, {"price": "0.05", "size": "100"}, {"price": "0.06", "size": "53.95"}], "asks": [{"price": "0.99", "size": "644.79"}, {"price": "0.98", "size": "13.72"}, {"price": "0.97", "size": "16"}, {"price": "0.96", "size": "6.21"}, {"price": "0.95", "size": "90"}, {"price": "0.94", "size": "48.48"}], "event_type": "book", "last_trade_price": ""}, {"market": "0x63fe8423e094333aeba0c694cea9b617edbc01fdf2797c480c48568d5c6a84b3", "asset_id": "7701340080885593174712193920389774430595939531301055411964644872037605028871", "timestamp": "1769384334618", "hash": "fa99bdd46d4460d07b6facfc190ac98655a848ff", "bids": [{"price": "0.01", "size": "530"}, {"price": "0.02", "size": "84.99"}], "asks": [{"price": "0.99", "size": "544.79"}, {"price": "0.98", "size": "42.6"}, {"price": "0.95", "size": "15.47"}], "event_type": "book", "last_trade_price": ""}]}
