{"_local_timestamp": "2026-01-25T23:41:21.692189+00:00", "data": [{"market": "0xd94cadb7b40799967f621b94d24ddc69c7d1638cf25263f5d8368c1a5b4a1740", "asset_id": "71509827430785486052963201772475042027836768111687656101881702120986278337470", "timestamp": "1769384040545", "hash": "03cc2b31f65a91d356fcbc11273df98c8903cce0", "bids": [{"price": "0.01", "size": "228.34"}, {"price": "0.02", "size": "163.62"}, {"price": "0.03", "size": "658.42"}, {"price": "0.04", "size": "306.34"}, {"price": "0.05", "size": "414.61"}, {"price": "0.06", "size": "108"}, {"price": "0.07", "size": "163.39"}, {"price": "0.08", "size": "316.66"}], "asks": [{"price": "0.99", "size": "614.69"}, {"price": "0.98", "size": "788.64"}, {"price": "0.97", "size": "108"}, {"price": "0.96", "size": "6.17"}, {"price": "0.95", "size": "216"}, {"price": "0.94", "size": "51.07"}], "event_type": "book", "last_trade_price": ""}, {"market": "0x3d7fe7c55908fdd128cfaca03dbc9095ca0202613f406049ff34678df92fafe6", "asset_id": "66241339446130940612006414144602041327943453873913512091402638822651186645358", "timestamp": "1769384040545", "hash": "81282aaf76c802365f3bb219f4a94827537aabc6", "bids": [{"price": "0.01", "size": "228.34"}, {"price": "0.02", "size": "163.62"}, {"price": "0.03", "size": "658.42"}, {"price": "0.04", "size": "306.34"}, {"price": "0.05", "size": "489.61"}, {"price": "0.06", "size": "33"}, {"price": "0.07", "size": "144.39"}, {"price": "0.08", "size": "316.66"}], "asks": [{"price": "0.99", "size": "614.69"}, {"price": "0.98", "size": "788.64"}, {"price": "0.97", "size": "108"}, {"price": "0.96", "size": "6.17"}, {"price": "0.95", "size": "191"}, {"price": "0.94", "size": "51.07"}], "event_type": "book", "last_trade_price": ""}, {"market": "0x28ae0e312615610e71f08cc017053e7678d8208dd70fac36a5105a0249106e9b", "asset_id": "23765715656718399199760556520801443280868101390086801530972467308510698466132", "timestamp": "1769384038513", "hash": "c3a3a5344d871942d1bf69a822621502a8cf7846", "bids": [{"price": "0.01", "size": "228.34"}, {"price": "0.02", "size": "163.62"}, {"price": "0.03", "size": "658.42"}, {"price": "0.04", "size": "306.34"}, {"price": "0.05", "size": "414.61"}, {"price": "0.06", "size": "108"}, {"price": "0.07", "size": "163.39"}, {"price": "0.08", "size": "316.66"}], "asks": [{"price": "0.99", "size": "614.69"}, {"price": "0.98", "size": "788.64"}, {"price": "0.97", "size": "108"}, {"price": "0.96", "size": "6.17"}, {"price": "0.95", "size": "216"}, {"price": "0.94", "size": "55.07"}], "event_type": "book", "last_trade_price": ""}, {"market": "0x28ae0e312615610e71f08cc017053e7678d8208dd70fac36a5105a0249106e9b", "asset_id": "64682577595534375347925549823659723036547736383417273604989703345305785719184", "timestamp": "1769384038513", "hash": "14792e876da5039a7876368832f2ae4a16c503f2", "bids": [{"price": "0.01", "size": "614.69"}, {"price": "0.02", "size": "788.64"}, {"price": "0.03", "size": "108"}, {"price": "0.04", "size": "6.17"}, {"price": "0.05", "size": "216"}, {"price": "0.06", "size": "55.07"}], "asks": [{"price": "0.99", "size": "228.34"}, {"price": "0.98", "size": "163.62"}, {"price": "0.97", "size": "658.42"}, {"price": "0.96", "size": "306.34"}, {"price": "0.95", "size": "414.61"}, {"price": "0.94", "size": "108"}, {"price": "0.93", "size": "163.39"}, {"price": "0.92", "size": "316.66"}], "event_type": "book", "last_trade_price": ""}, {"market": "0x3d7fe7c55908fdd128cfaca03dbc9095ca0202613f406049ff34678df92fafe6", "asset_id": "33891838623132055781172304799078740619131058422716724300913172872288548196317", "timestamp": "1769384040545", "hash": "9a9a059575f767b42e083a5828832dc36dc0c7d4", "bids": [{"price": "0.01", "size": "614.69"}, {"price": "0.02", "size": "788.64"}, {"price": "0.03", "size": "108"}, {"price": "0.04", "size": "6.17"}, {"price": "0.05", "size": "191"}, {"price": "0.06", "size": "51.07"}], "asks": [{"price": "0.99", "size": "228.34"}, {"price": "0.98", "size": "163.62"}, {"price": "0.97", "size": "658.42"}, {"price": "0.96", "size": "306.34"}, {"price": "0.95", "size": "489.61"}, {"price": "0.94", "size": "33"}, {"price": "0.93", "size": "144.39"}, {"price": "0.92", "size": "316.66"}], "event_type": "book", "last_trade_price": ""}, {"market": "0xd94cadb7b40799967f621b94d24ddc69c7d1638cf25263f5d8368c1a5b4a1740", "asset_id": "36990727962579581448931128339183408216476754758314280268907715329183010416417", "timestamp": "1769384040545", "hash": "18450ea071a6e5a35ac93dbde5a02b1f75568f20", "bids": [{"price": "0.01", "size": "614.69"}, {"price": "0.02", "size": "788.64"}, {"price": "0.03", "size": "108"}, {"price": "0.04", "size": "6.17"}, {"price": "0.05", "size": "216"}, {"price": "0.06", "size": "51.07"}], "asks": [{"price": "0.99", "size": "228.34"}, {"price": "0.98", "size": "163.62"}, {"price": "0.97", "size": "658.42"}, {"price": "0.96", "size": "306.34"}, {"price": "0.95", "size": "414.61"}, {"price": "0.94", "size": "108"}, {"price": "0.93", "size": "163.39"}, {"price": "0.92", "size": "316.66"}], "event_type": "book", "last_trade_price": ""}]}
