{"_local_timestamp": "2026-01-25T23:41:21.606414+00:00", "data": [{"market": "0x47fb51406355821e6eea29c43cb0834b5f26c9091f7b431173569589d4d5bec8", "asset_id": "107109332495645790469218028010451440674414951054024957263601204958310716856413", "timestamp": "1769384145724", "hash": "4fb859062e3350ad5fa37f73bed54038b6b85af1", "bids": [{"price": "0.01", "size": "614.69"}, {"price": "0.02", "size": "788.64"}, {"price": "0.03", "size": "108"}, {"price": "0.04", "size": "6.17"}, {"price": "0.05", "size": "166"}, {"price": "0.06", "size": "54.27"}], "asks": [{"price": "0.99", "size": "628.34"}, {"price": "0.98", "size": "163.62"}, {"price": "0.97", "size": "41.76"}, {"price": "0.96", "size": "306.34"}, {"price": "0.95", "size": "489.61"}, {"price": "0.94", "size": "33"}, {"price": "0.93", "size": "144.39"}, {"price": "0.92", "size": "316.66"}], "event_type": "book", "last_trade_price": ""}, {"market": "0xa455f8ce79461cd4ce8a2fd5f525656ebc47aa33cdc0957d2f9be69a33df9219", "asset_id": "30161821227026770346988170489065870129838802743600402613711022937853869637570", "timestamp": "1769384144601", "hash": "d895c49acb339543221eda444004fbe7d035b289", "bids": [{"price": "0.01", "size": "628.34"}, {"price": "0.02", "size": "163.62"}, {"price": "0.03", "size": "41.76"}, {"price": "0.04", "size": "306.34"}, {"price": "0.05", "size": "489.61"}, {"price": "0.06", "size": "33"}, {"price": "0.07", "size": "144.39"}, {"price": "0.08", "size": "316.66"}], "asks": [{"price": "0.99", "size": "614.69"}, {"price": "0.98", "size": "788.64"}, {"price": "0.97", "size": "108"}, {"price": "0.96", "size": "6.17"}, {"price": "0.95", "size": "166"}, {"price": "0.94", "size": "54.27"}], "event_type": "book", "last_trade_price": ""}, {"market": "0x7cce83d6ba57b8bca36e101e14ec1f52655706949dec12a24a9b74ebd0c461e4", "asset_id": "37536625376172177765094615957261389736974171338854275817263752627452835525801", "timestamp": "1769384129362", "hash": "e5030f8b3f8d48c50c12de739c786ec223acb429", "bids": [{"price": "0.01", "size": "614.69"}, {"price": "0.02", "size": "788.64"}, {"price": "0.03", "size": "108"}, {"price": "0.04", "size": "6.17"}, {"price": "0.05", "size": "166"}, {"price": "0.06", "size": "51.07"}], "asks": [{"price": "0.99", "size": "630.79"}, {"price": "0.98", "size": "164.85"}, {"price": "0.97", "size": "42.54"}, {"price": "0.96", "size": "306.9"}, {"price": "0.95", "size": "476.91"}, {"price": "0.94", "size": "33"}, {"price": "0.93", "size": "141.96"}, {"price": "0.92", "size": "316.66"}], "event_type": "book", "last_trade_price": ""}, {"market": "0x7cce83d6ba57b8bca36e101e14ec1f52655706949dec12a24a9b74ebd0c461e4", "asset_id": "44867522399374548827104965795369059139270961185257451481471221685906856502792", "timestamp": "1769384129362", "hash": "942742e590cb3a4521b6bb59ceca7cbb94c32c3c", "bids": [{"price": "0.01", "size": "630.79"}, {"price": "0.02", "size": "164.85"}, {"price": "0.03", "size": "42.54"}, {"price": "0.04", "size": "306.9"}, {"price": "0.05", "size": "476.91"}, {"price": "0.06", "size": "33"}, {"price": "0.07", "size": "141.96"}, {"price": "0.08", "size": "316.66"}], "asks": [{"price": "0.99", "size": "614.69"}, {"price": "0.98", "size": "788.64"}, {"price": "0.97", "size": "108"}, {"price": "0.96", "size": "6.17"}, {"price": "0.95", "size": "166"}, {"price": "0.94", "size": "51.07"}], "event_type": "book", "last_trade_price": ""}, {"market": "0xa455f8ce79461cd4ce8a2fd5f525656ebc47aa33cdc0957d2f9be69a33df9219", "asset_id": "96104047403986968999348867695764678028391045058984782203874259163071522689060", "timestamp": "1769384144601", "hash": "c2832d997b1d46ded1e4095139e66a295ba89e59", "bids": [{"price": "0.01", "size": "614.69"}, {"price": "0.02", "size": "788.64"}, {"price": "0.03", "size": "108"}, {"price": "0.04", "size": "6.17"}, {"price": "0.05", "size": "166"}, {"price": "0.06", "size": "54.27"}], "asks": [{"price": "0.99", "size": "628.34"}, {"price": "0.98", "size": "163.62"}, {"price": "0.97", "size": "41.76"}, {"price": "0.96", "size": "306.34"}, {"price": "0.95", "size": "489.61"}, {"price": "0.94", "size": "33"}, {"price": "0.93", "size": "144.39"}, {"price": "0.92", "size": "316.66"}], "event_type": "book", "last_trade_price": ""}, {"market": "0x47fb51406355821e6eea29c43cb0834b5f26c9091f7b431173569589d4d5bec8", "asset_id": "12279195261105192422252296484322321856802015369391929369522924960337949823735", "timestamp": "1769384145724", "hash": "20cdbb0d9b1f588260412655f81a80df298cc156", "bids": [{"price": "0.01", "size": "628.34"}, {"price": "0.02", "size": "163.62"}, {"price": "0.03", "size": "41.76"}, {"price": "0.04", "size": "306.34"}, {"price": "0.05", "size": "489.61"}, {"price": "0.06", "size": "33"}, {"price": "0.07", "size": "144.39"}, {"price": "0.08", "size": "316.66"}], "asks": [{"price": "0.99", "size": "614.69"}, {"price": "0.98", "size": "788.64"}, {"price": "0.97", "size": "108"}, {"price": "0.96", "size": "6.17"}, {"price": "0.95", "size": "166"}, {"price": "0.94", "size": "54.27"}], "event_type": "book", "last_trade_price": ""}]}
