{"_local_timestamp": "2026-01-25T23:41:21.725070+00:00", "data": [{"market": "0x5efa67d26e9c9431e8a377862cc2cd9db5b449119e9d2c4a435d8bf2cb77aaed", "asset_id": "102755230402066396723934718503135121566978810556010839367145239233976148014782", "timestamp": "1769382557991", "hash": "1a1d27c85f5efe7323f6d113c6ee5ff6e509a0c7", "bids": [{"price": "0.01", "size": "614.69"}, {"price": "0.02", "size": "788.64"}, {"price": "0.03", "size": "108"}, {"price": "0.04", "size": "6.17"}, {"price": "0.05", "size": "199.57"}, {"price": "0.06", "size": "47.99"}], "asks": [{"price": "0.99", "size": "628.24"}, {"price": "0.98", "size": "163.62"}, {"price": "0.97", "size": "41.76"}, {"price": "0.96", "size": "306.34"}, {"price": "0.95", "size": "489.61"}, {"price": "0.94", "size": "273"}, {"price": "0.93", "size": "77.39"}], "event_type": "book", "last_trade_price": ""}, {"market": "0xfc60ad366cf7d8851ac8cfc9f30e8aef197cfa24bcd61be640319ed09a1e6d31", "asset_id": "10021183898758832083626132958861585848059879785210915095099595124859673362013", "timestamp": "1769382484881", "hash": "37124b367c58574a8a9d6d8820cbf1e1753f2eca", "bids": [{"price": "0.01", "size": "614.69"}, {"price": "0.02", "size": "788.64"}, {"price": "0.03", "size": "108"}, {"price": "0.04", "size": "6.17"}, {"price": "0.05", "size": "216"}, {"price": "0.06", "size": "51.07"}], "asks": [{"price": "0.99", "size": "628.24"}, {"price": "0.98", "size": "163.62"}, {"price": "0.97", "size": "41.76"}, {"price": "0.96", "size": "306.34"}, {"price": "0.95", "size": "489.61"}, {"price": "0.94", "size": "273"}, {"price": "0.93", "size": "41.39"}], "event_type": "book", "last_trade_price": ""}, {"market": "0xfc60ad366cf7d8851ac8cfc9f30e8aef197cfa24bcd61be640319ed09a1e6d31", "asset_id": "108357867753739602120144788818941389939564427646746142758388596415678665028994", "timestamp": "1769382484881", "hash": "d8f41c1d4922f2b529abc707c746e0cdf62bb209", "bids": [{"price": "0.01", "size": "628.24"}, {"price": "0.02", "size": "163.62"}, {"price": "0.03", "size": "41.76"}, {"price": "0.04", "size": "306.34"}, {"price": "0.05", "size": "489.61"}, {"price": "0.06", "size": "273"}, {"price": "0.07", "size": "41.39"}], "asks": [{"price": "0.99", "size": "614.69"}, {"price": "0.98", "size": "788.64"}, {"price": "0.97", "size": "108"}, {"price": "0.96", "size": "6.17"}, {"price": "0.95", "size": "216"}, {"price": "0.94", "size": "51.07"}], "event_type": "book", "last_trade_price": ""}, {"market": "0xb3ba0df4ed4e58a5ad6673922bda7530b909f9abc03366d809812098a2b6fa0c", "asset_id": "60342340164815424738323387360971455446382039850397895407130776889397365159057", "timestamp": "1769382483672", "hash": "6250969d7615c8c30a5e028b43c8addce109800e", "bids": [{"price": "0.01", "size": "614.69"}, {"price": "0.02", "size": "788.64"}, {"price": "0.03", "size": "108"}, {"price": "0.04", "size": "6.17"}, {"price": "0.05", "size": "223.59"}, {"price": "0.06", "size": "48.77"}], "asks": [{"price": "0.99", "size": "228.84"}, {"price": "0.98", "size": "165.3"}, {"price": "0.97", "size": "659.5"}, {"price": "0.96", "size": "305.24"}, {"price": "0.95", "size": "487.95"}, {"price": "0.94", "size": "276"}, {"price": "0.93", "size": "42.18"}], "event_type": "book", "last_trade_price": ""}, {"market": "0xb3ba0df4ed4e58a5ad6673922bda7530b909f9abc03366d809812098a2b6fa0c", "asset_id": "93005009184513053376576878222790632874324379990422367307264079640077197307750", "timestamp": "1769382483672", "hash": "6eb3a17adf2f6046fe89a9867ae036eab295ec3b", "bids": [{"price": "0.01", "size": "228.84"}, {"price": "0.02", "size": "165.3"}, {"price": "0.03", "size": "659.5"}, {"price": "0.04", "size": "305.24"}, {"price": "0.05", "size": "487.95"}, {"price": "0.06", "size": "276"}, {"price": "0.07", "size": "42.18"}], "asks": [{"price": "0.99", "size": "614.69"}, {"price": "0.98", "size": "788.64"}, {"price": "0.97", "size": "108"}, {"price": "0.96", "size": "6.17"}, {"price": "0.95", "size": "223.59"}, {"price": "0.94", "size": "48.77"}], "event_type": "book", "last_trade_price": ""}, {"market": "0x5efa67d26e9c9431e8a377862cc2cd9db5b449119e9d2c4a435d8bf2cb77aaed", "asset_id": "21908683062470775008986199052681558542973584409017921250097705246222845792884", "timestamp": "1769382557991", "hash": "8df072b25740150333430f9dd5a5788b5e8d7d62", "bids": [{"price": "0.01", "size": "628.24"}, {"price": "0.02", "size": "163.62"}, {"price": "0.03", "size": "41.76"}, {"price": "0.04", "size": "306.34"}, {"price": "0.05", "size": "489.61"}, {"price": "0.06", "size": "273"}, {"price": "0.07", "size": "77.39"}], "asks": [{"price": "0.99", "size": "614.69"}, {"price": "0.98", "size": "788.64"}, {"price": "0.97", "size": "108"}, {"price": "0.96", "size": "6.17"}, {"price": "0.95", "size": "199.57"}, {"price": "0.94", "size": "47.99"}], "event_type": "book", "last_trade_price": ""}]}
{"_local_timestamp": "2026-01-25T23:41:27.092148+00:00", "data": {"market": "0x5efa67d26e9c9431e8a377862cc2cd9db5b449119e9d2c4a435d8bf2cb77aaed", "price_changes": [{"asset_id": "21908683062470775008986199052681558542973584409017921250097705246222845792884", "price": "0.02", "size": "13.62", "side": "BUY", "hash": "510d3ea1488d083d91bd9717ff179c97ca795da1", "best_bid": "0.07", "best_ask": "0.94"}, {"asset_id": "102755230402066396723934718503135121566978810556010839367145239233976148014782", "price": "0.98", "size": "13.62", "side": "SELL", "hash": "8802e6284444a2b3496f06fa290a6a60a0ff22cd", "best_bid": "0.06", "best_ask": "0.93"}], "timestamp": "1769384487000", "event_type": "price_change"}}
{"_local_timestamp": "2026-01-25T23:41:36.140370+00:00", "data": {"market": "0x5efa67d26e9c9431e8a377862cc2cd9db5b449119e9d2c4a435d8bf2cb77aaed", "price_changes": [{"asset_id": "21908683062470775008986199052681558542973584409017921250097705246222845792884", "price": "0.02", "size": "163.62", "side": "BUY", "hash": "1885096e542f2516b1a44ed3fd607f8dacdfda7b", "best_bid": "0.07", "best_ask": "0.94"}, {"asset_id": "102755230402066396723934718503135121566978810556010839367145239233976148014782", "price": "0.98", "size": "163.62", "side": "SELL", "hash": "067423c8cdd6e7c109d59b7239a11abf8e85bfd9", "best_bid": "0.06", "best_ask": "0.93"}], "timestamp": "1769384496061", "event_type": "price_change"}}
{"_local_timestamp": "2026-01-25T23:41:52.076491+00:00", "data": {"market": "0xfc60ad366cf7d8851ac8cfc9f30e8aef197cfa24bcd61be640319ed09a1e6d31", "price_changes": [{"asset_id": "108357867753739602120144788818941389939564427646746142758388596415678665028994", "price": "0.02", "size": "13.62", "side": "BUY", "hash": "947c5596ff9f13538720615fb40cb23f57c57fc6", "best_bid": "0.07", "best_ask": "0.94"}, {"asset_id": "10021183898758832083626132958861585848059879785210915095099595124859673362013", "price": "0.98", "size": "13.62", "side": "SELL", "hash": "d22299fe33af0442fae3e50c733fc756058c3692", "best_bid": "0.06", "best_ask": "0.93"}], "timestamp": "1769384512000", "event_type": "price_change"}}
{"_local_timestamp": "2026-01-25T23:41:58.128032+00:00", "data": {"market": "0xfc60ad366cf7d8851ac8cfc9f30e8aef197cfa24bcd61be640319ed09a1e6d31", "price_changes": [{"asset_id": "108357867753739602120144788818941389939564427646746142758388596415678665028994", "price": "0.02", "size": "163.62", "side": "BUY", "hash": "dca7acccc3bd01ccd69defac7409d7de4924d006", "best_bid": "0.07", "best_ask": "0.94"}, {"asset_id": "10021183898758832083626132958861585848059879785210915095099595124859673362013", "price": "0.98", "size": "163.62", "side": "SELL", "hash": "7a1f35865ad64177a856d261020fb07437dbcf5b", "best_bid": "0.06", "best_ask": "0.93"}], "timestamp": "1769384518051", "event_type": "price_change"}}
