{"_local_timestamp": "2026-01-25T23:34:16.268783+00:00", "data": [{"market": "0x8db81be070356b01cfbb36e74cb3ec7fb3fd4763cdb2ac6a0f726c3680db8897", "asset_id": "13436095165095666251338578354050590548330076727857867630778331217934091159637", "timestamp": "1769382483705", "hash": "54c8c918107fd3adfb29d4391dd34b5f83e84a5a", "bids": [{"price": "0.01", "size": "472.79"}, {"price": "0.02", "size": "160.48"}, {"price": "0.03", "size": "206.65"}, {"price": "0.05", "size": "12.73"}], "asks": [{"price": "0.99", "size": "450"}, {"price": "0.98", "size": "292"}], "event_type": "book", "last_trade_price": ""}, {"market": "0xfbff4f615bf11173809e9e36f6d8b2cb8e23804b5d261de805d34bae4949820e", "asset_id": "39625619146852680500158020676368245027876802208094387665172128353959625761510", "timestamp": "1769382484897", "hash": "d65e0d8074f99229f079fe01322d86ecba90dee9", "bids": [{"price": "0.01", "size": "450"}, {"price": "0.02", "size": "292"}], "asks": [{"price": "0.99", "size": "472.79"}, {"price": "0.98", "size": "160.48"}, {"price": "0.97", "size": "205.65"}, {"price": "0.95", "size": "12.73"}], "event_type": "book", "last_trade_price": ""}, {"market": "0xb023d099734ab69a5948c53168ce1b4a30d17fd6be90569229d0319de4c96f8e", "asset_id": "85510660604691610626636491865057502510450015553452827438666563698917173030845", "timestamp": "1769382483674", "hash": "6af824efd8d5b19150bd5fcdff25a549558f4cfd", "bids": [{"price": "0.01", "size": "614.79"}, {"price": "0.02", "size": "157.03"}, {"price": "0.03", "size": "12.74"}, {"price": "0.05", "size": "130"}, {"price": "0.06", "size": "43.95"}], "asks": [{"price": "0.99", "size": "614.79"}, {"price": "0.98", "size": "163.72"}, {"price": "0.97", "size": "49"}, {"price": "0.96", "size": "120.21"}, {"price": "0.95", "size": "50"}, {"price": "0.94", "size": "38.48"}], "event_type": "book", "last_trade_price": ""}, {"market": "0x200dd8c62960c68e328869ec8801dce72d5c980adf7242ab7787c85a6f1ea29d", "asset_id": "77728614643848650925944074880468757846502947400858455392061804367044107366076", "timestamp": "1769382484904", "hash": "81474a2e32ecc19d1273f08f714bfd0f918c177c", "bids": [{"price": "0.01", "size": "469.87"}, {"price": "0.02", "size": "156.69"}, {"price": "0.03", "size": "164.68"}, {"price": "0.05", "size": "11.81"}], "asks": [{"price": "0.99", "size": "450"}, {"price": "0.98", "size": "288"}], "event_type": "book", "last_trade_price": ""}, {"market": "0x8db81be070356b01cfbb36e74cb3ec7fb3fd4763cdb2ac6a0f726c3680db8897", "asset_id": "52850969510517996721799434288624128041581514974043248339763270300753139815419", "timestamp": "1769382483705", "hash": "fd8d646d64104c71c9fd85546d1f881d3ab403ff", "bids": [{"price": "0.01", "size": "450"}, {"price": "0.02", "size": "292"}], "asks": [{"price": "0.99", "size": "472.79"}, {"price": "0.98", "size": "160.48"}, {"price": "0.97", "size": "206.65"}, {"price": "0.95", "size": "12.73"}], "event_type": "book", "last_trade_price": ""}, {"market": "0x200dd8c62960c68e328869ec8801dce72d5c980adf7242ab7787c85a6f1ea29d", "asset_id": "88688666150706335087079252972929428256282630384004905101524363518791603436944", "timestamp": "1769382484904", "hash": "1372eb1fc3b10f58891d93bbd8258ff5cb67def5", "bids": [{"price": "0.01", "size": "450"}, {"price": "0.02", "size": "288"}], "asks": [{"price": "0.99", "size": "469.87"}, {"price": "0.98", "size": "156.69"}, {"price": "0.97", "size": "164.68"}, {"price": "0.95", "size": "11.81"}], "event_type": "book", "last_trade_price": ""}, {"market": "0xfbff4f615bf11173809e9e36f6d8b2cb8e23804b5d261de805d34bae4949820e", "asset_id": "9484499780339623709239638998115034292267555760800858780373461376874069200208", "timestamp": "1769382484897", "hash": "735414efd1aa16fd336b4602b1094ae64e06bb26", "bids": [{"price": "0.01", "size": "472.79"}, {"price": "0.02", "size": "160.48"}, {"price": "0.03", "size": "205.65"}, {"price": "0.05", "size": "12.73"}], "asks": [{"price": "0.99", "size": "450"}, {"price": "0.98", "size": "292"}], "event_type": "book", "last_trade_price": ""}, {"market": "0xb023d099734ab69a5948c53168ce1b4a30d17fd6be90569229d0319de4c96f8e", "asset_id": "98071201462411766607039540472419090115496391327799784695474296279670424054736", "timestamp": "1769382483674", "hash": "d5b61fda6a76bb035382232192760098eff15ede", "bids": [{"price": "0.01", "size": "614.79"}, {"price": "0.02", "size": "163.72"}, {"price": "0.03", "size": "49"}, {"price": "0.04", "size": "120.21"}, {"price": "0.05", "size": "50"}, {"price": "0.06", "size": "38.48"}], "asks": [{"price": "0.99", "size": "614.79"}, {"price": "0.98", "size": "157.03"}, {"price": "0.97", "size": "12.74"}, {"price": "0.95", "size": "130"}, {"price": "0.94", "size": "43.95"}], "event_type": "book", "last_trade_price": ""}, {"market": "0x58d159712e8e29b8404bb7101cc7e7b5c94b75f6053d203be17ee60c799cf00e", "asset_id": "66210133593791045591223916756664861286613174638533377329226735955458677556879", "timestamp": "1769382484892", "hash": "c80934268cf9ffffdfeba1daa2afedfab93c5d46", "bids": [{"price": "0.01", "size": "450"}, {"price": "0.02", "size": "292"}], "asks": [{"price": "0.99", "size": "472.79"}, {"price": "0.98", "size": "160.48"}, {"price": "0.97", "size": "206.65"}, {"price": "0.95", "size": "12.73"}], "event_type": "book", "last_trade_price": ""}, {"market": "0x58d159712e8e29b8404bb7101cc7e7b5c94b75f6053d203be17ee60c799cf00e", "asset_id": "34873603919869727329363571295957890109562688109252090063172965599550002624282", "timestamp": "1769382484892", "hash": "1b0541221e1045e4537c94c615de3310bff530c0", "bids": [{"price": "0.01", "size": "472.79"}, {"price": "0.02", "size": "160.48"}, {"price": "0.03", "size": "206.65"}, {"price": "0.05", "size": "12.73"}], "asks": [{"price": "0.99", "size": "450"}, {"price": "0.98", "size": "292"}], "event_type": "book", "last_trade_price": ""}]}
