{"_local_timestamp": "2026-01-25T23:41:22.774849+00:00", "data": [{"market": "0x7cb4f9f1ff883b73de2812c11db0059c695716ecd1690258a82ede3f9fa0809b", "asset_id": "81561157723127152925731947063194164163135365595970366481372598328044062973731", "timestamp": "1769384311369", "hash": "c98624802007957846980ec3e0fac9392f37189b", "bids": [{"price": "0.01", "size": "450"}, {"price": "0.02", "size": "400"}], "asks": [{"price": "0.99", "size": "467.08"}, {"price": "0.98", "size": "160.48"}, {"price": "0.97", "size": "136.65"}, {"price": "0.96", "size": "10.5"}, {"price": "0.95", "size": "5.47"}], "event_type": "book", "last_trade_price": ""}, {"market": "0xc7b7675d5acc8b35ba8f9f74974770edb49146a3985c40939c31c44be826046e", "asset_id": "99394173776279546585456421941046580234276394276152293351498117327683624755772", "timestamp": "1769384322382", "hash": "588272b1ed73f026aeebbabfc05deb0a9935f4ca", "bids": [{"price": "0.01", "size": "467.08"}, {"price": "0.02", "size": "160.48"}, {"price": "0.03", "size": "136.65"}, {"price": "0.04", "size": "15.97"}], "asks": [{"price": "0.99", "size": "450"}, {"price": "0.98", "size": "400"}], "event_type": "book", "last_trade_price": ""}, {"market": "0x7cb4f9f1ff883b73de2812c11db0059c695716ecd1690258a82ede3f9fa0809b", "asset_id": "71454170097332082021222394526239268052844673633921092765922954824214751485304", "timestamp": "1769384311369", "hash": "017b951504344cef5f1190292fe46cdfc6af4c5b", "bids": [{"price": "0.01", "size": "467.08"}, {"price": "0.02", "size": "160.48"}, {"price": "0.03", "size": "136.65"}, {"price": "0.04", "size": "10.5"}, {"price": "0.05", "size": "5.47"}], "asks": [{"price": "0.99", "size": "450"}, {"price": "0.98", "size": "400"}], "event_type": "book", "last_trade_price": ""}, {"market": "0x09c827c18a70d3c9b1beca12b862dd0168d014422357f6ee88102da72c991682", "asset_id": "65949335820083338099582879563333749520790358916573009160812588180080318905687", "timestamp": "1769384322382", "hash": "9a87c0baa50cc2cb8e193eadd79ff6ad946ebd19", "bids": [{"price": "0.01", "size": "450"}, {"price": "0.02", "size": "400"}], "asks": [{"price": "0.99", "size": "467.08"}, {"price": "0.98", "size": "160.48"}, {"price": "0.97", "size": "135.65"}, {"price": "0.96", "size": "15.97"}], "event_type": "book", "last_trade_price": ""}, {"market": "0x6af69c67e9f93970056a29a26c429aaeaf65c437da5d4822f31d138c6bec0118", "asset_id": "94097966933593029038731530502483254944576454750519993949002682661924098486611", "timestamp": "1769382483673", "hash": "13ff24fb5751d46241d7a34e8021fc307a4c5f0a", "bids": [{"price": "0.01", "size": "614.79"}, {"price": "0.02", "size": "157.03"}, {"price": "0.03", "size": "12.74"}, {"price": "0.05", "size": "137"}, {"price": "0.06", "size": "43.95"}], "asks": [{"price": "0.99", "size": "614.79"}, {"price": "0.98", "size": "163.72"}, {"price": "0.97", "size": "16"}, {"price": "0.96", "size": "79.21"}, {"price": "0.95", "size": "70"}, {"price": "0.94", "size": "38.48"}], "event_type": "book", "last_trade_price": ""}, {"market": "0xc7b7675d5acc8b35ba8f9f74974770edb49146a3985c40939c31c44be826046e", "asset_id": "83843488002144370737388262563325357161698705741903703383815740422740538794665", "timestamp": "1769384322382", "hash": "20db42ae18eb3f00e5cbdc68839c59334048ab51", "bids": [{"price": "0.01", "size": "450"}, {"price": "0.02", "size": "400"}], "asks": [{"price": "0.99", "size": "467.08"}, {"price": "0.98", "size": "160.48"}, {"price": "0.97", "size": "136.65"}, {"price": "0.96", "size": "15.97"}], "event_type": "book", "last_trade_price": ""}, {"market": "0x1a25e721c0683ef8e288d6d1ffa7d47fb01e49a6958eba580d6f7f2d46f44693", "asset_id": "102838571567968310108115878658295277358266031523515138689590953865519920117986", "timestamp": "1769384323615", "hash": "d29badcc589c90ee92a36db224a24e7a46acec48", "bids": [{"price": "0.01", "size": "468.08"}, {"price": "0.02", "size": "160.56"}, {"price": "0.03", "size": "83.3"}, {"price": "0.04", "size": "16.69"}], "asks": [{"price": "0.99", "size": "450"}, {"price": "0.98", "size": "400"}], "event_type": "book", "last_trade_price": ""}, {"market": "0x6af69c67e9f93970056a29a26c429aaeaf65c437da5d4822f31d138c6bec0118", "asset_id": "101019770260586944329339067402651859962339798827115969204668836179866004468899", "timestamp": "1769382483673", "hash": "732d5a3b8bf0a797894747fa9902f77bf688d8cf", "bids": [{"price": "0.01", "size": "614.79"}, {"price": "0.02", "size": "163.72"}, {"price": "0.03", "size": "16"}, {"price": "0.04", "size": "79.21"}, {"price": "0.05", "size": "70"}, {"price": "0.06", "size": "38.48"}], "asks": [{"price": "0.99", "size": "614.79"}, {"price": "0.98", "size": "157.03"}, {"price": "0.97", "size": "12.74"}, {"price": "0.95", "size": "137"}, {"price": "0.94", "size": "43.95"}], "event_type": "book", "last_trade_price": ""}, {"market": "0x1a25e721c0683ef8e288d6d1ffa7d47fb01e49a6958eba580d6f7f2d46f44693", "asset_id": "65292848532234577218616831962850613463959949070341797330501906392186958925731", "timestamp": "1769384323615", "hash": "d1fa260c17a9d390b77412e39b76da7ec3632ac3", "bids": [{"price": "0.01", "size": "450"}, {"price": "0.02", "size": "400"}], "asks": [{"price": "0.99", "size": "468.08"}, {"price": "0.98", "size": "160.56"}, {"price": "0.97", "size": "83.3"}, {"price": "0.96", "size": "16.69"}], "event_type": "book", "last_trade_price": ""}, {"market": "0x09c827c18a70d3c9b1beca12b862dd0168d014422357f6ee88102da72c991682", "asset_id": "79939051282611033366686446184761603946928865691789395078890824334062418116270", "timestamp": "1769384322382", "hash": "88c84cab583e056622697878b62572aa183688ac", "bids": [{"price": "0.01", "size": "467.08"}, {"price": "0.02", "size": "160.48"}, {"price": "0.03", "size": "135.65"}, {"price": "0.04", "size": "15.97"}], "asks": [{"price": "0.99", "size": "450"}, {"price": "0.98", "size": "400"}], "event_type": "book", "last_trade_price": ""}]}
