{"_local_timestamp": "2026-01-25T23:34:16.401926+00:00", "data": [{"market": "0x0f009594307017b6907e82ab04b10e3950fcb86271a5da5de54188e7cea7aa89", "asset_id": "97073400345245081731669198590929421670972190451272004236600014016714912973577", "timestamp": "1769382484884", "hash": "cd79d142f876cc2a08007af2af81666ad70fe97a", "bids": [{"price": "0.01", "size": "450"}, {"price": "0.02", "size": "292"}], "asks": [{"price": "0.99", "size": "469.87"}, {"price": "0.98", "size": "156.69"}, {"price": "0.97", "size": "153.18"}, {"price": "0.95", "size": "15.11"}], "event_type": "book", "last_trade_price": ""}, {"market": "0xc94920de98740824903f6c26c0c3605d91712f1c4b73568b2fa9706b21d56c23", "asset_id": "64238658784068292516829148965255709912992314442928718688315057393399312260840", "timestamp": "1769382484882", "hash": "2655089946cf59d2d3678608cb5bcd81644eda2f", "bids": [{"price": "0.01", "size": "450"}, {"price": "0.02", "size": "292"}], "asks": [{"price": "0.99", "size": "469.87"}, {"price": "0.98", "size": "156.69"}, {"price": "0.97", "size": "153.18"}, {"price": "0.95", "size": "15.11"}], "event_type": "book", "last_trade_price": ""}, {"market": "0x32c5ea276a03dc899db4c30a7eb168600795daf7cfe61e3b358c46760a34320c", "asset_id": "10901256480352956035374597548038368502871866209427889559041440967043994841280", "timestamp": "1769382484883", "hash": "fcb4b08eea46d0e9575db2e43870b0c9b3823a9e", "bids": [{"price": "0.01", "size": "469.87"}, {"price": "0.02", "size": "156.69"}, {"price": "0.03", "size": "153.18"}, {"price": "0.05", "size": "15.11"}], "asks": [{"price": "0.99", "size": "450"}, {"price": "0.98", "size": "300"}], "event_type": "book", "last_trade_price": ""}, {"market": "0x2026d222a8038c94f229ae7c93d2d0f70287c4d14c8bcb1b3ff36b3a2ee14003", "asset_id": "37664396574701574863065752329538691522798769832492134114797099012812976631026", "timestamp": "1769382483689", "hash": "7445578ccdb0b9be410d41837cc0fb45ebc6254e", "bids": [{"price": "0.01", "size": "469.87"}, {"price": "0.02", "size": "156.69"}, {"price": "0.03", "size": "153.18"}, {"price": "0.05", "size": "15.11"}], "asks": [{"price": "0.99", "size": "450"}, {"price": "0.98", "size": "300"}], "event_type": "book", "last_trade_price": ""}, {"market": "0x6701a5405c49622a6182621d76ff981bf6f131f3ed104980e7ee5ca1ee5f4128", "asset_id": "112271573769276727677794622311874253430598125352762925423186622673415665856111", "timestamp": "1769382708580", "hash": "073e4e4d9ae28f23f458ac47248263bfc884c4a9", "bids": [{"price": "0.01", "size": "614.79"}, {"price": "0.02", "size": "163.72"}, {"price": "0.03", "size": "16"}, {"price": "0.04", "size": "128.21"}, {"price": "0.05", "size": "50"}, {"price": "0.06", "size": "38.48"}], "asks": [{"price": "0.99", "size": "614.79"}, {"price": "0.98", "size": "156.7"}, {"price": "0.97", "size": "12.97"}, {"price": "0.96", "size": "12"}, {"price": "0.95", "size": "124"}, {"price": "0.94", "size": "43.95"}], "event_type": "book", "last_trade_price": ""}, {"market": "0xc94920de98740824903f6c26c0c3605d91712f1c4b73568b2fa9706b21d56c23", "asset_id": "57698595204080212045201694378625152063216752489429917276548485626268640161764", "timestamp": "1769382484882", "hash": "9d5ea45f4c2f4155e18c3b365879315b2830577f", "bids": [{"price": "0.01", "size": "469.87"}, {"price": "0.02", "size": "156.69"}, {"price": "0.03", "size": "153.18"}, {"price": "0.05", "size": "15.11"}], "asks": [{"price": "0.99", "size": "450"}, {"price": "0.98", "size": "292"}], "event_type": "book", "last_trade_price": ""}, {"market": "0x32c5ea276a03dc899db4c30a7eb168600795daf7cfe61e3b358c46760a34320c", "asset_id": "14803571353659771207807458601409529860156748287969002753405536897198973967130", "timestamp": "1769382484883", "hash": "a204d31315e7805815c03cc2b4077b294d00d53c", "bids": [{"price": "0.01", "size": "450"}, {"price": "0.02", "size": "300"}], "asks": [{"price": "0.99", "size": "469.87"}, {"price": "0.98", "size": "156.69"}, {"price": "0.97", "size": "153.18"}, {"price": "0.95", "size": "15.11"}], "event_type": "book", "last_trade_price": ""}, {"market": "0x6701a5405c49622a6182621d76ff981bf6f131f3ed104980e7ee5ca1ee5f4128", "asset_id": "39379115271079862844226019424394697663057079248810760713130054031877553868983", "timestamp": "1769382708580", "hash": "bc591b328c9aef2c2f1b89a4528679c9b32c2ec8", "bids": [{"price": "0.01", "size": "614.79"}, {"price": "0.02", "size": "156.7"}, {"price": "0.03", "size": "12.97"}, {"price": "0.04", "size": "12"}, {"price": "0.05", "size": "124"}, {"price": "0.06", "size": "43.95"}], "asks": [{"price": "0.99", "size": "614.79"}, {"price": "0.98", "size": "163.72"}, {"price": "0.97", "size": "16"}, {"price": "0.96", "size": "128.21"}, {"price": "0.95", "size": "50"}, {"price": "0.94", "size": "38.48"}], "event_type": "book", "last_trade_price": ""}, {"market": "0x2026d222a8038c94f229ae7c93d2d0f70287c4d14c8bcb1b3ff36b3a2ee14003", "asset_id": "89670758590961674476705506941447966056175087178321135388570779746795258677935", "timestamp": "1769382483689", "hash": "b1ab30258f0967ddcdbb5970ec4784a52e29d337", "bids": [{"price": "0.01", "size": "450"}, {"price": "0.02", "size": "300"}], "asks": [{"price": "0.99", "size": "469.87"}, {"price": "0.98", "size": "156.69"}, {"price": "0.97", "size": "153.18"}, {"price": "0.95", "size": "15.11"}], "event_type": "book", "last_trade_price": ""}, {"market": "0x0f009594307017b6907e82ab04b10e3950fcb86271a5da5de54188e7cea7aa89", "asset_id": "113086046059871080351328784465709254031046635806862532155429212231839029474946", "timestamp": "1769382484884", "hash": "731d951fa4f30b1612e4511f8e9577dea111f404", "bids": [{"price": "0.01", "size": "469.87"}, {"price": "0.02", "size": "156.69"}, {"price": "0.03", "size": "153.18"}, {"price": "0.05", "size": "15.11"}], "asks": [{"price": "0.99", "size": "450"}, {"price": "0.98", "size": "292"}], "event_type": "book", "last_trade_price": ""}]}
