{"_local_timestamp": "2026-01-25T23:34:16.418048+00:00", "data": [{"market": "0xe65eee2f1cb23f0c979c755177f11d0ad55d385105cc251833cbdaa328062e6a", "asset_id": "48881380309882845342983561127535985780856049286148216826085188097328534832945", "timestamp": "1769382589284", "hash": "8b059c02401e3a2a8de5870ef81a5cf2f53bf64a", "bids": [{"price": "0.01", "size": "614.79"}, {"price": "0.02", "size": "163.72"}, {"price": "0.03", "size": "49"}, {"price": "0.04", "size": "120.21"}, {"price": "0.05", "size": "50"}, {"price": "0.06", "size": "38.48"}], "asks": [{"price": "0.99", "size": "614.79"}, {"price": "0.98", "size": "157.03"}, {"price": "0.97", "size": "12.74"}, {"price": "0.96", "size": "12"}, {"price": "0.95", "size": "124"}, {"price": "0.94", "size": "43.95"}], "event_type": "book", "last_trade_price": ""}, {"market": "0xd59efe2e758e6ceb6f6e8eedf4210352e25197fd5ecb79ac065de797ba6d89ec", "asset_id": "40750382499025240658090202410551219935872037537137056459812985839697551107350", "timestamp": "1769382552943", "hash": "9c93a06f845b90ed30fc35f3c887888c3e17bf70", "bids": [{"price": "0.01", "size": "450"}, {"price": "0.02", "size": "292"}], "asks": [{"price": "0.99", "size": "468.08"}, {"price": "0.98", "size": "160.56"}, {"price": "0.97", "size": "152.3"}, {"price": "0.96", "size": "11.22"}, {"price": "0.95", "size": "5.47"}], "event_type": "book", "last_trade_price": ""}, {"market": "0x77b1f50df909861aa77bceaa61088cbc73a4efb656a3af98461fd76e4a873db4", "asset_id": "72494899416452683540872262528337171718730732521023783562938821351433143301890", "timestamp": "1769382592818", "hash": "ea2da5b509059a71a5b9c6e64345557bae1eb511", "bids": [{"price": "0.01", "size": "450"}, {"price": "0.02", "size": "292"}], "asks": [{"price": "0.99", "size": "468.08"}, {"price": "0.98", "size": "160.56"}, {"price": "0.97", "size": "152.3"}, {"price": "0.96", "size": "11.22"}, {"price": "0.95", "size": "5.47"}], "event_type": "book", "last_trade_price": ""}, {"market": "0xd59efe2e758e6ceb6f6e8eedf4210352e25197fd5ecb79ac065de797ba6d89ec", "asset_id": "90065058135417014776117105006288685289702088624018331308175096265128223101104", "timestamp": "1769382552943", "hash": "f9462c0a98f8360f53c780f25b1506540366b180", "bids": [{"price": "0.01", "size": "468.08"}, {"price": "0.02", "size": "160.56"}, {"price": "0.03", "size": "152.3"}, {"price": "0.04", "size": "11.22"}, {"price": "0.05", "size": "5.47"}], "asks": [{"price": "0.99", "size": "450"}, {"price": "0.98", "size": "292"}], "event_type": "book", "last_trade_price": ""}, {"market": "0x279d87becbecc3abb91c6ff75d14f41bead939ca06d0d15af0ba2e2fd05dbd41", "asset_id": "41029929994164131645641469369504874339886812881374845417358167080155609546977", "timestamp": "1769382731030", "hash": "57d81e22dd5ffc589701987837a299da7dd79852", "bids": [{"price": "0.01", "size": "468.08"}, {"price": "0.02", "size": "160.58"}, {"price": "0.03", "size": "152.3"}, {"price": "0.04", "size": "11.21"}, {"price": "0.05", "size": "5.47"}], "asks": [{"price": "0.99", "size": "450"}, {"price": "0.98", "size": "292"}], "event_type": "book", "last_trade_price": ""}, {"market": "0x88b0f9247d1515af32ca4c81eff3151a5f90bb8b30ed216327bdeec4b3b72731", "asset_id": "83239707136511646871129301754985681986268904510131055534327785520303720637162", "timestamp": "1769382554829", "hash": "88859bd3ac981ca74ffc668f9b40b95a0001746d", "bids": [{"price": "0.01", "size": "468.08"}, {"price": "0.02", "size": "160.56"}, {"price": "0.03", "size": "152.3"}, {"price": "0.04", "size": "16.69"}], "asks": [{"price": "0.99", "size": "450"}, {"price": "0.98", "size": "292"}], "event_type": "book", "last_trade_price": ""}, {"market": "0x88b0f9247d1515af32ca4c81eff3151a5f90bb8b30ed216327bdeec4b3b72731", "asset_id": "114357514445413027328721934073302712242537068160624620282504368953377265717746", "timestamp": "1769382554829", "hash": "2f35e7e67a6889ecb2fdeefcfc37a08ae91274b1", "bids": [{"price": "0.01", "size": "450"}, {"price": "0.02", "size": "292"}], "asks": [{"price": "0.99", "size": "468.08"}, {"price": "0.98", "size": "160.56"}, {"price": "0.97", "size": "152.3"}, {"price": "0.96", "size": "16.69"}], "event_type": "book", "last_trade_price": ""}, {"market": "0x77b1f50df909861aa77bceaa61088cbc73a4efb656a3af98461fd76e4a873db4", "asset_id": "8567247171411436655277050063542337099988501479491963979044609558155907842785", "timestamp": "1769382592818", "hash": "10f4bbacae5a6321583e1dd03f061ef84add5e61", "bids": [{"price": "0.01", "size": "468.08"}, {"price": "0.02", "size": "160.56"}, {"price": "0.03", "size": "152.3"}, {"price": "0.04", "size": "11.22"}, {"price": "0.05", "size": "5.47"}], "asks": [{"price": "0.99", "size": "450"}, {"price": "0.98", "size": "292"}], "event_type": "book", "last_trade_price": ""}, {"market": "0x279d87becbecc3abb91c6ff75d14f41bead939ca06d0d15af0ba2e2fd05dbd41", "asset_id": "15492962111809547446544188233408411389833095893115390333395853194813045148032", "timestamp": "1769382731030", "hash": "e06efa14b244a779c0c81652907daf76f541b1a0", "bids": [{"price": "0.01", "size": "450"}, {"price": "0.02", "size": "292"}], "asks": [{"price": "0.99", "size": "468.08"}, {"price": "0.98", "size": "160.58"}, {"price": "0.97", "size": "152.3"}, {"price": "0.96", "size": "11.21"}, {"price": "0.95", "size": "5.47"}], "event_type": "book", "last_trade_price": ""}, {"market": "0xe65eee2f1cb23f0c979c755177f11d0ad55d385105cc251833cbdaa328062e6a", "asset_id": "85341338227442411315449991470917298195884122556185595550807844789022955808094", "timestamp": "1769382589284", "hash": "1552b0ab106b29192ac1ddcf1cb737953f5a1ff8", "bids": [{"price": "0.01", "size": "614.79"}, {"price": "0.02", "size": "157.03"}, {"price": "0.03", "size": "12.74"}, {"price": "0.04", "size": "12"}, {"price": "0.05", "size": "124"}, {"price": "0.06", "size": "43.95"}], "asks": [{"price": "0.99", "size": "614.79"}, {"price": "0.98", "size": "163.72"}, {"price": "0.97", "size": "49"}, {"price": "0.96", "size": "120.21"}, {"price": "0.95", "size": "50"}, {"price": "0.94", "size": "38.48"}], "event_type": "book", "last_trade_price": ""}]}
