{"_local_timestamp": "2026-01-25T23:41:21.870997+00:00", "data": [{"market": "0x8fbcb4dc7de942a2fa8eae5846701396c0da289be893574fb641310b5cb6c2c6", "asset_id": "72425466813933492386423341129212920086742830690109515169265154216545354932320", "timestamp": "1769384040545", "hash": "0ab1c7289616253e1af450d38cbdd069fc0b9e47", "bids": [{"price": "0.01", "size": "614.69"}, {"price": "0.02", "size": "788.64"}, {"price": "0.03", "size": "108"}, {"price": "0.04", "size": "6.17"}, {"price": "0.05", "size": "216"}, {"price": "0.06", "size": "55.07"}], "asks": [{"price": "0.99", "size": "230.45"}, {"price": "0.98", "size": "161.27"}, {"price": "0.97", "size": "623.91"}, {"price": "0.96", "size": "330.24"}, {"price": "0.95", "size": "487.95"}, {"price": "0.94", "size": "33"}, {"price": "0.93", "size": "147.22"}, {"price": "0.92", "size": "316.66"}], "event_type": "book", "last_trade_price": ""}, {"market": "0x9d5e1a8557615dbdb6177c4de2ca9ce416f40004792ce9834325c40e5eee4e93", "asset_id": "58480560132953662373759222879849876044824816808065173011032204416767778681502", "timestamp": "1769382483680", "hash": "2dd61ca82369e60b8a0a3b45abd1f0998ec0e112", "bids": [{"price": "0.01", "size": "225.96"}, {"price": "0.02", "size": "159.71"}, {"price": "0.03", "size": "472.58"}, {"price": "0.04", "size": "143.68"}, {"price": "0.05", "size": "389.37"}, {"price": "0.06", "size": "358"}, {"price": "0.07", "size": "334.18"}, {"price": "0.08", "size": "316.66"}], "asks": [{"price": "0.99", "size": "614.69"}, {"price": "0.98", "size": "788.64"}, {"price": "0.97", "size": "108"}, {"price": "0.96", "size": "6.17"}, {"price": "0.95", "size": "216"}, {"price": "0.94", "size": "54.27"}], "event_type": "book", "last_trade_price": ""}, {"market": "0x9d5e1a8557615dbdb6177c4de2ca9ce416f40004792ce9834325c40e5eee4e93", "asset_id": "30525036157095205936001648347965389975465281734079862806200177036222567538562", "timestamp": "1769382483680", "hash": "d5f56d69c38705970e07febcbbcf21ae26cc88a9", "bids": [{"price": "0.01", "size": "614.69"}, {"price": "0.02", "size": "788.64"}, {"price": "0.03", "size": "108"}, {"price": "0.04", "size": "6.17"}, {"price": "0.05", "size": "216"}, {"price": "0.06", "size": "54.27"}], "asks": [{"price": "0.99", "size": "225.96"}, {"price": "0.98", "size": "159.71"}, {"price": "0.97", "size": "472.58"}, {"price": "0.96", "size": "143.68"}, {"price": "0.95", "size": "389.37"}, {"price": "0.94", "size": "358"}, {"price": "0.93", "size": "334.18"}, {"price": "0.92", "size": "316.66"}], "event_type": "book", "last_trade_price": ""}, {"market": "0x8fbcb4dc7de942a2fa8eae5846701396c0da289be893574fb641310b5cb6c2c6", "asset_id": "3801621542604405914358077590139412995752459408566534520923710381789354141743", "timestamp": "1769384040545", "hash": "ded05698fdb6df7457a224f986d1ff7ec8d01c19", "bids": [{"price": "0.01", "size": "230.45"}, {"price": "0.02", "size": "161.27"}, {"price": "0.03", "size": "623.91"}, {"price": "0.04", "size": "330.24"}, {"price": "0.05", "size": "487.95"}, {"price": "0.06", "size": "33"}, {"price": "0.07", "size": "147.22"}, {"price": "0.08", "size": "316.66"}], "asks": [{"price": "0.99", "size": "614.69"}, {"price": "0.98", "size": "788.64"}, {"price": "0.97", "size": "108"}, {"price": "0.96", "size": "6.17"}, {"price": "0.95", "size": "216"}, {"price": "0.94", "size": "55.07"}], "event_type": "book", "last_trade_price": ""}, {"market": "0xc372418af6ec9998bcb8adec2a70a073c661f3745e74461125e27568793d446e", "asset_id": "26805491539721511732401216171670711592551991930223005015903470680440557657894", "timestamp": "1769382483680", "hash": "d56b7664f3e57bcedeb800b3af43efebabdd2436", "bids": [{"price": "0.01", "size": "614.69"}, {"price": "0.02", "size": "788.64"}, {"price": "0.03", "size": "108"}, {"price": "0.04", "size": "6.17"}, {"price": "0.05", "size": "216"}, {"price": "0.06", "size": "52.17"}], "asks": [{"price": "0.99", "size": "225.87"}, {"price": "0.98", "size": "161.27"}, {"price": "0.97", "size": "658.43"}, {"price": "0.96", "size": "317.24"}, {"price": "0.95", "size": "477.95"}, {"price": "0.94", "size": "33"}, {"price": "0.93", "size": "144.22"}, {"price": "0.92", "size": "316.66"}], "event_type": "book", "last_trade_price": ""}, {"market": "0xc372418af6ec9998bcb8adec2a70a073c661f3745e74461125e27568793d446e", "asset_id": "114164098628337925501255311032419875066931940046922285691503224122263392022413", "timestamp": "1769382483680", "hash": "86fb1bdd40f35964dbceccd37b46fc9bd37bc663", "bids": [{"price": "0.01", "size": "225.87"}, {"price": "0.02", "size": "161.27"}, {"price": "0.03", "size": "658.43"}, {"price": "0.04", "size": "317.24"}, {"price": "0.05", "size": "477.95"}, {"price": "0.06", "size": "33"}, {"price": "0.07", "size": "144.22"}, {"price": "0.08", "size": "316.66"}], "asks": [{"price": "0.99", "size": "614.69"}, {"price": "0.98", "size": "788.64"}, {"price": "0.97", "size": "108"}, {"price": "0.96", "size": "6.17"}, {"price": "0.95", "size": "216"}, {"price": "0.94", "size": "52.17"}], "event_type": "book", "last_trade_price": ""}]}
{"_local_timestamp": "2026-01-25T23:41:27.107589+00:00", "data": {"market": "0x9d5e1a8557615dbdb6177c4de2ca9ce416f40004792ce9834325c40e5eee4e93", "price_changes": [{"asset_id": "58480560132953662373759222879849876044824816808065173011032204416767778681502", "price": "0.02", "size": "9.71", "side": "BUY", "hash": "7c02d659ae00eb14d01b65d4801812d4ce5c7804", "best_bid": "0.08", "best_ask": "0.94"}, {"asset_id": "30525036157095205936001648347965389975465281734079862806200177036222567538562", "price": "0.98", "size": "9.71", "side": "SELL", "hash": "d3a9c7395379bbe0763e6e1bce60c2089faa3a1f", "best_bid": "0.06", "best_ask": "0.92"}], "timestamp": "1769384487000", "event_type": "price_change"}}
{"_local_timestamp": "2026-01-25T23:41:27.123332+00:00", "data": {"market": "0x9d5e1a8557615dbdb6177c4de2ca9ce416f40004792ce9834325c40e5eee4e93", "price_changes": [{"asset_id": "30525036157095205936001648347965389975465281734079862806200177036222567538562", "price": "0.02", "size": "638.64", "side": "BUY", "hash": "2bb53cadc60041a92bfaf94da9689e09b9141b8f", "best_bid": "0.06", "best_ask": "0.92"}, {"asset_id": "58480560132953662373759222879849876044824816808065173011032204416767778681502", "price": "0.98", "size": "638.64", "side": "SELL", "hash": "de77d034117f7e5eca4112cc7c6bcb3285db8e7f", "best_bid": "0.08", "best_ask": "0.94"}], "timestamp": "1769384487001", "event_type": "price_change"}}
{"_local_timestamp": "2026-01-25T23:41:33.923144+00:00", "data": {"market": "0x9d5e1a8557615dbdb6177c4de2ca9ce416f40004792ce9834325c40e5eee4e93", "price_changes": [{"asset_id": "30525036157095205936001648347965389975465281734079862806200177036222567538562", "price": "0.02", "size": "788.64", "side": "BUY", "hash": "f47d9f285212f56ec3f22d47ed067bb8d94877c4", "best_bid": "0.06", "best_ask": "0.92"}, {"asset_id": "58480560132953662373759222879849876044824816808065173011032204416767778681502", "price": "0.98", "size": "788.64", "side": "SELL", "hash": "2c85f086f04f5e4074e85fc96e5ba2f93a1e809d", "best_bid": "0.08", "best_ask": "0.94"}], "timestamp": "1769384493764", "event_type": "price_change"}}
{"_local_timestamp": "2026-01-25T23:41:33.926746+00:00", "data": {"market": "0x9d5e1a8557615dbdb6177c4de2ca9ce416f40004792ce9834325c40e5eee4e93", "price_changes": [{"asset_id": "58480560132953662373759222879849876044824816808065173011032204416767778681502", "price": "0.02", "size": "159.71", "side": "BUY", "hash": "bd01d1d8358136476b665be6b83bcc0b8ca095d8", "best_bid": "0.08", "best_ask": "0.94"}, {"asset_id": "30525036157095205936001648347965389975465281734079862806200177036222567538562", "price": "0.98", "size": "159.71", "side": "SELL", "hash": "d0c79e5a91156567324f13abccc0b688c1fbc746", "best_bid": "0.06", "best_ask": "0.92"}], "timestamp": "1769384493766", "event_type": "price_change"}}
