{"_local_timestamp": "2026-01-25T23:34:15.188792+00:00", "data": [{"market": "0x7b62a3b7a17df47ad72a0897ba37a72552f7cac6dc8339e7c220c783bba3ca48", "asset_id": "56255514954158096029628492192175772739720871468357891922998264531721461656690", "timestamp": "1769382484880", "hash": "f1ac957c682d6b0cceb9e5560a8f83c693dbee26", "bids": [{"price": "0.01", "size": "614.69"}, {"price": "0.02", "size": "788.64"}, {"price": "0.03", "size": "108"}, {"price": "0.04", "size": "6.17"}, {"price": "0.05", "size": "216"}, {"price": "0.06", "size": "51.07"}], "asks": [{"price": "0.99", "size": "230.45"}, {"price": "0.98", "size": "161.27"}, {"price": "0.97", "size": "656.91"}, {"price": "0.96", "size": "305.24"}, {"price": "0.95", "size": "487.95"}, {"price": "0.94", "size": "33"}, {"price": "0.93", "size": "147.22"}, {"price": "0.92", "size": "316.66"}], "event_type": "book", "last_trade_price": ""}, {"market": "0x81d2f673490d7228090ed5a6467c0bb996947b747f0781071f3f7ca58efa4fc8", "asset_id": "32112847149826385294344559955520904364658354604459429398964144350978404623995", "timestamp": "1769383549462", "hash": "7bf0e733ee1c4aa8846c83c4e035e63a838342a6", "bids": [{"price": "0.01", "size": "614.69"}, {"price": "0.02", "size": "788.64"}, {"price": "0.03", "size": "108"}, {"price": "0.04", "size": "6.17"}, {"price": "0.05", "size": "216"}, {"price": "0.06", "size": "51.07"}], "asks": [{"price": "0.99", "size": "228.34"}, {"price": "0.98", "size": "163.62"}, {"price": "0.97", "size": "658.42"}, {"price": "0.96", "size": "306.34"}, {"price": "0.95", "size": "489.61"}, {"price": "0.94", "size": "33"}, {"price": "0.93", "size": "144.39"}, {"price": "0.92", "size": "316.66"}], "event_type": "book", "last_trade_price": ""}, {"market": "0x3c1e72ca287e15d81a63de67eb039c8bf2a8bdcdbccdc889ede87f57bec2ff86", "asset_id": "97542876496249911911969744790762768894433305381768276663896937833684686299014", "timestamp": "1769382483677", "hash": "c863f7f7a96aea33df1490d33bd608b790f62af6", "bids": [{"price": "0.01", "size": "228.34"}, {"price": "0.02", "size": "163.62"}, {"price": "0.03", "size": "658.42"}, {"price": "0.04", "size": "306.34"}, {"price": "0.05", "size": "489.61"}, {"price": "0.06", "size": "33"}, {"price": "0.07", "size": "144.39"}, {"price": "0.08", "size": "316.66"}], "asks": [{"price": "0.99", "size": "614.69"}, {"price": "0.98", "size": "788.64"}, {"price": "0.97", "size": "108"}, {"price": "0.96", "size": "6.17"}, {"price": "0.95", "size": "207"}, {"price": "0.94", "size": "55.07"}], "event_type": "book", "last_trade_price": ""}, {"market": "0x3c1e72ca287e15d81a63de67eb039c8bf2a8bdcdbccdc889ede87f57bec2ff86", "asset_id": "51182047124395530691814961533032036659234818419534937319128143365459338062738", "timestamp": "1769382483677", "hash": "1aee1cdf1b000eff21bf8ecb16e38c6b2712d09e", "bids": [{"price": "0.01", "size": "614.69"}, {"price": "0.02", "size": "788.64"}, {"price": "0.03", "size": "108"}, {"price": "0.04", "size": "6.17"}, {"price": "0.05", "size": "207"}, {"price": "0.06", "size": "55.07"}], "asks": [{"price": "0.99", "size": "228.34"}, {"price": "0.98", "size": "163.62"}, {"price": "0.97", "size": "658.42"}, {"price": "0.96", "size": "306.34"}, {"price": "0.95", "size": "489.61"}, {"price": "0.94", "size": "33"}, {"price": "0.93", "size": "144.39"}, {"price": "0.92", "size": "316.66"}], "event_type": "book", "last_trade_price": ""}, {"market": "0x7b62a3b7a17df47ad72a0897ba37a72552f7cac6dc8339e7c220c783bba3ca48", "asset_id": "57974092681631786006420517131324841976857176251995925890674479762511577923869", "timestamp": "1769382484880", "hash": "0fd2d35cf616698f7aff413c72df12e694963bf8", "bids": [{"price": "0.01", "size": "230.45"}, {"price": "0.02", "size": "161.27"}, {"price": "0.03", "size": "656.91"}, {"price": "0.04", "size": "305.24"}, {"price": "0.05", "size": "487.95"}, {"price": "0.06", "size": "33"}, {"price": "0.07", "size": "147.22"}, {"price": "0.08", "size": "316.66"}], "asks": [{"price": "0.99", "size": "614.69"}, {"price": "0.98", "size": "788.64"}, {"price": "0.97", "size": "108"}, {"price": "0.96", "size": "6.17"}, {"price": "0.95", "size": "216"}, {"price": "0.94", "size": "51.07"}], "event_type": "book", "last_trade_price": ""}, {"market": "0x81d2f673490d7228090ed5a6467c0bb996947b747f0781071f3f7ca58efa4fc8", "asset_id": "5802758185098927679659179940941581849087173835806116258223963517736746768673", "timestamp": "1769383549462", "hash": "3e22d7d511b54e49a997bba1fdb9983f5ed0583e", "bids": [{"price": "0.01", "size": "228.34"}, {"price": "0.02", "size": "163.62"}, {"price": "0.03", "size": "658.42"}, {"price": "0.04", "size": "306.34"}, {"price": "0.05", "size": "489.61"}, {"price": "0.06", "size": "33"}, {"price": "0.07", "size": "144.39"}, {"price": "0.08", "size": "316.66"}], "asks": [{"price": "0.99", "size": "614.69"}, {"price": "0.98", "size": "788.64"}, {"price": "0.97", "size": "108"}, {"price": "0.96", "size": "6.17"}, {"price": "0.95", "size": "216"}, {"price": "0.94", "size": "51.07"}], "event_type": "book", "last_trade_price": ""}]}
