{"_local_timestamp": "2026-01-25T23:41:21.692304+00:00", "data": [{"market": "0x129dea03fcbdcf58d1621fef2849c4ab291da756daa8964c567604a07f5694e4", "asset_id": "24586876961623332707063221824736020709188183735212841184103497889429106588272", "timestamp": "1769384145729", "hash": "9baf8872544d1d2c579769ab5e050be3466d7d84", "bids": [{"price": "0.01", "size": "644.69"}, {"price": "0.02", "size": "25.98"}, {"price": "0.05", "size": "100"}, {"price": "0.06", "size": "65.07"}], "asks": [{"price": "0.99", "size": "251.58"}, {"price": "0.98", "size": "30.19"}, {"price": "0.97", "size": "433.33"}, {"price": "0.96", "size": "137.5"}, {"price": "0.95", "size": "107.35"}, {"price": "0.94", "size": "33"}, {"price": "0.93", "size": "11.6"}, {"price": "0.9", "size": "168"}], "event_type": "book", "last_trade_price": ""}, {"market": "0x129dea03fcbdcf58d1621fef2849c4ab291da756daa8964c567604a07f5694e4", "asset_id": "83639807209423987612945877313261897675901859620799624718408578464395945054736", "timestamp": "1769384145729", "hash": "5a8c3e2eff84029117d9cb57833f394f06b51c32", "bids": [{"price": "0.01", "size": "251.58"}, {"price": "0.02", "size": "30.19"}, {"price": "0.03", "size": "433.33"}, {"price": "0.04", "size": "137.5"}, {"price": "0.05", "size": "107.35"}, {"price": "0.06", "size": "33"}, {"price": "0.07", "size": "11.6"}, {"price": "0.1", "size": "168"}], "asks": [{"price": "0.99", "size": "644.69"}, {"price": "0.98", "size": "25.98"}, {"price": "0.95", "size": "100"}, {"price": "0.94", "size": "65.07"}], "event_type": "book", "last_trade_price": ""}, {"market": "0xb5267fe2b5cbc96988e294e46d54364280783074b9fde10c3c79fb3ced3adc15", "asset_id": "2284675780777149284317915510656952260483762860697712053191896732277306642854", "timestamp": "1769384116417", "hash": "84a91e3b9bfb503152a1e454481a59854a937d93", "bids": [{"price": "0.01", "size": "644.69"}, {"price": "0.02", "size": "25.98"}, {"price": "0.05", "size": "100"}, {"price": "0.06", "size": "65.07"}], "asks": [{"price": "0.99", "size": "251.61"}, {"price": "0.98", "size": "285.42"}, {"price": "0.97", "size": "440.03"}, {"price": "0.96", "size": "15.63"}, {"price": "0.95", "size": "100"}, {"price": "0.94", "size": "33"}, {"price": "0.93", "size": "10.7"}, {"price": "0.92", "size": "79"}, {"price": "0.91", "size": "89"}], "event_type": "book", "last_trade_price": ""}, {"market": "0x2503d03651041f98c49b6529342ef10594edd0e9a3edede72469fd6f1ac03959", "asset_id": "60696748267343726606303700508783320800319903178927347872995355729197477134927", "timestamp": "1769382483679", "hash": "71250e1b9edaf1e349e6385da11d7efc64d709b9", "bids": [{"price": "0.01", "size": "655.53"}, {"price": "0.02", "size": "57.41"}, {"price": "0.05", "size": "100"}, {"price": "0.06", "size": "33"}, {"price": "0.07", "size": "166.51"}, {"price": "0.08", "size": "45"}], "asks": [{"price": "0.99", "size": "644.69"}, {"price": "0.98", "size": "25.98"}, {"price": "0.95", "size": "100"}, {"price": "0.94", "size": "65.07"}], "event_type": "book", "last_trade_price": ""}, {"market": "0x2503d03651041f98c49b6529342ef10594edd0e9a3edede72469fd6f1ac03959", "asset_id": "53897136254583541969959064250063567805300574617893577780291001438996829722834", "timestamp": "1769382483679", "hash": "cce2a6d561482287cdcd7ff89887ae38d804d9c8", "bids": [{"price": "0.01", "size": "644.69"}, {"price": "0.02", "size": "25.98"}, {"price": "0.05", "size": "100"}, {"price": "0.06", "size": "65.07"}], "asks": [{"price": "0.99", "size": "655.53"}, {"price": "0.98", "size": "57.41"}, {"price": "0.95", "size": "100"}, {"price": "0.94", "size": "33"}, {"price": "0.93", "size": "166.51"}, {"price": "0.92", "size": "45"}], "event_type": "book", "last_trade_price": ""}, {"market": "0xb5267fe2b5cbc96988e294e46d54364280783074b9fde10c3c79fb3ced3adc15", "asset_id": "3402496771458619433228956552783933650163254652966180169519759268150995992227", "timestamp": "1769384116417", "hash": "fc51a947ef3fcfdeb20882c53c7d4e6e3b21bacf", "bids": [{"price": "0.01", "size": "251.61"}, {"price": "0.02", "size": "285.42"}, {"price": "0.03", "size": "440.03"}, {"price": "0.04", "size": "15.63"}, {"price": "0.05", "size": "100"}, {"price": "0.06", "size": "33"}, {"price": "0.07", "size": "10.7"}, {"price": "0.08", "size": "79"}, {"price": "0.09", "size": "89"}], "asks": [{"price": "0.99", "size": "644.69"}, {"price": "0.98", "size": "25.98"}, {"price": "0.95", "size": "100"}, {"price": "0.94", "size": "65.07"}], "event_type": "book", "last_trade_price": ""}]}
