{"_local_timestamp": "2026-01-25T23:34:16.828051+00:00", "data": [{"market": "0x275c7ea016a4f35d13b15d15003d8d37cf3527af54807cd0277fc1c370600256", "asset_id": "107212581671261401311906042169686960079517152367949945825917483201203650642497", "timestamp": "1769382484881", "hash": "92503539624464479753f0d2459df3a98c5cb9bb", "bids": [{"price": "0.01", "size": "450"}, {"price": "0.02", "size": "292"}], "asks": [{"price": "0.99", "size": "468.34"}, {"price": "0.98", "size": "160.56"}, {"price": "0.97", "size": "154.58"}, {"price": "0.96", "size": "50"}, {"price": "0.95", "size": "11.22"}], "event_type": "book", "last_trade_price": ""}, {"market": "0xcba37bd9b8daf7f1194462c502f3827565ad37f608d7fbca6a274609e61b1410", "asset_id": "8460848698131968912344946002217005334350262658454390248951056914611185207844", "timestamp": "1769382484885", "hash": "29a6bde5d9bcf4ab370385bc6a0eb974df170f14", "bids": [{"price": "0.01", "size": "450"}, {"price": "0.02", "size": "292"}], "asks": [{"price": "0.99", "size": "472.79"}, {"price": "0.98", "size": "160.48"}, {"price": "0.97", "size": "204.65"}, {"price": "0.95", "size": "12.73"}], "event_type": "book", "last_trade_price": ""}, {"market": "0xa4ff355644ad5e580031a66e835abf10a4af8e8a1e6caf7c7f55c8155e8027f8", "asset_id": "63082086436092489144525775116846002062104226693477366682868318954809791387587", "timestamp": "1769382483676", "hash": "c9cfa622455f787526ac1426cd87838773fc8648", "bids": [{"price": "0.01", "size": "472.79"}, {"price": "0.02", "size": "160.48"}, {"price": "0.03", "size": "201.65"}, {"price": "0.05", "size": "12.73"}], "asks": [{"price": "0.99", "size": "450"}, {"price": "0.98", "size": "292"}], "event_type": "book", "last_trade_price": ""}, {"market": "0xfd2811b90a4e9a3cd0425064df84c7f2b9c4be2f9578028e5e2186e22db5afac", "asset_id": "67079304003238873173869944390154758925647069310351723652939309529240398080276", "timestamp": "1769383110708", "hash": "2721c0d6d32aec663ca7e14f792cd6a2c64768dc", "bids": [{"price": "0.01", "size": "614.79"}, {"price": "0.02", "size": "163.72"}, {"price": "0.03", "size": "16"}, {"price": "0.04", "size": "104.21"}, {"price": "0.05", "size": "70"}, {"price": "0.06", "size": "38.48"}], "asks": [{"price": "0.99", "size": "614.79"}, {"price": "0.98", "size": "157.03"}, {"price": "0.97", "size": "12.74"}, {"price": "0.96", "size": "6"}, {"price": "0.95", "size": "100"}, {"price": "0.94", "size": "43.95"}], "event_type": "book", "last_trade_price": ""}, {"market": "0x5a224521261bedaeaa7fe64a78f01d733bdfadc49224053363bda082a7caf54d", "asset_id": "16305855804355872993518507480565226379808679217440374640516250399904744873631", "timestamp": "1769383086140", "hash": "f0f5cac5659f1358f665fc3eb9866dfd6454e70e", "bids": [{"price": "0.01", "size": "472.79"}, {"price": "0.02", "size": "160.48"}, {"price": "0.03", "size": "204.65"}, {"price": "0.05", "size": "12.73"}], "asks": [{"price": "0.99", "size": "450"}, {"price": "0.98", "size": "292"}], "event_type": "book", "last_trade_price": ""}, {"market": "0xfd2811b90a4e9a3cd0425064df84c7f2b9c4be2f9578028e5e2186e22db5afac", "asset_id": "10363730444713587565971211957354242174257263386403677991918667086051030709658", "timestamp": "1769383110708", "hash": "22ed7780efc5a3c26c7aa3374323e3222cb74b40", "bids": [{"price": "0.01", "size": "614.79"}, {"price": "0.02", "size": "157.03"}, {"price": "0.03", "size": "12.74"}, {"price": "0.04", "size": "6"}, {"price": "0.05", "size": "100"}, {"price": "0.06", "size": "43.95"}], "asks": [{"price": "0.99", "size": "614.79"}, {"price": "0.98", "size": "163.72"}, {"price": "0.97", "size": "16"}, {"price": "0.96", "size": "104.21"}, {"price": "0.95", "size": "70"}, {"price": "0.94", "size": "38.48"}], "event_type": "book", "last_trade_price": ""}, {"market": "0x275c7ea016a4f35d13b15d15003d8d37cf3527af54807cd0277fc1c370600256", "asset_id": "51957733315138137751544750281681849658383184634669283169840289189942395407032", "timestamp": "1769382484881", "hash": "dfbb3d8115b45ef7777d133f5d3f80b560eb9623", "bids": [{"price": "0.01", "size": "468.34"}, {"price": "0.02", "size": "160.56"}, {"price": "0.03", "size": "154.58"}, {"price": "0.04", "size": "50"}, {"price": "0.05", "size": "11.22"}], "asks": [{"price": "0.99", "size": "450"}, {"price": "0.98", "size": "292"}], "event_type": "book", "last_trade_price": ""}, {"market": "0xcba37bd9b8daf7f1194462c502f3827565ad37f608d7fbca6a274609e61b1410", "asset_id": "76129209326236297860457008084953287657119521424212490106434277597451923817951", "timestamp": "1769382484885", "hash": "a7ed3f484e5a641ee52637d9cce988ad17c37239", "bids": [{"price": "0.01", "size": "472.79"}, {"price": "0.02", "size": "160.48"}, {"price": "0.03", "size": "204.65"}, {"price": "0.05", "size": "12.73"}], "asks": [{"price": "0.99", "size": "450"}, {"price": "0.98", "size": "292"}], "event_type": "book", "last_trade_price": ""}, {"market": "0x5a224521261bedaeaa7fe64a78f01d733bdfadc49224053363bda082a7caf54d", "asset_id": "69978777309378514949664174947875525882552101686526403409308063251676117176570", "timestamp": "1769383086140", "hash": "53bd3745b2269c635b29300595b280383ad1dfde", "bids": [{"price": "0.01", "size": "450"}, {"price": "0.02", "size": "292"}], "asks": [{"price": "0.99", "size": "472.79"}, {"price": "0.98", "size": "160.48"}, {"price": "0.97", "size": "204.65"}, {"price": "0.95", "size": "12.73"}], "event_type": "book", "last_trade_price": ""}, {"market": "0xa4ff355644ad5e580031a66e835abf10a4af8e8a1e6caf7c7f55c8155e8027f8", "asset_id": "30998518955148132537089564522746188068339244601991577783766613173494598626211", "timestamp": "1769382483676", "hash": "05a6a7f93cb9474f6a03558d4503aade761fac0d", "bids": [{"price": "0.01", "size": "450"}, {"price": "0.02", "size": "292"}], "asks": [{"price": "0.99", "size": "472.79"}, {"price": "0.98", "size": "160.48"}, {"price": "0.97", "size": "201.65"}, {"price": "0.95", "size": "12.73"}], "event_type": "book", "last_trade_price": ""}]}
