{"_local_timestamp": "2026-01-25T23:34:15.188792+00:00", "data": [{"market": "0x7b62a3b7a17df47ad72a0897ba37a72552f7cac6dc8339e7c220c783bba3ca48", "asset_id": "56255514954158096029628492192175772739720871468357891922998264531721461656690", "timestamp": "1769382484880", "hash": "f1ac957c682d6b0cceb9e5560a8f83c693dbee26", "bids": [{"price": "0.01", "size": "614.69"}, {"price": "0.02", "size": "788.64"}, {"price": "0.03", "size": "108"}, {"price": "0.04", "size": "6.17"}, {"price": "0.05", "size": "216"}, {"price": "0.06", "size": "51.07"}], "asks": [{"price": "0.99", "size": "230.45"}, {"price": "0.98", "size": "161.27"}, {"price": "0.97", "size": "656.91"}, {"price": "0.96", "size": "305.24"}, {"price": "0.95", "size": "487.95"}, {"price": "0.94", "size": "33"}, {"price": "0.93", "size": "147.22"}, {"price": "0.92", "size": "316.66"}], "event_type": "book", "last_trade_price": ""}, {"market": "0x81d2f673490d7228090ed5a6467c0bb996947b747f0781071f3f7ca58efa4fc8", "asset_id": "32112847149826385294344559955520904364658354604459429398964144350978404623995", "timestamp": "1769383549462", "hash": "7bf0e733ee1c4aa8846c83c4e035e63a838342a6", "bids": [{"price": "0.01", "size": "614.69"}, {"price": "0.02", "size": "788.64"}, {"price": "0.03", "size": "108"}, {"price": "0.04", "size": "6.17"}, {"price": "0.05", "size": "216"}, {"price": "0.06", "size": "51.07"}], "asks": [{"price": "0.99", "size": "228.34"}, {"price": "0.98", "size": "163.62"}, {"price": "0.97", "size": "658.42"}, {"price": "0.96", "size": "306.34"}, {"price": "0.95", "size": "489.61"}, {"price": "0.94", "size": "33"}, {"price": "0.93", "size": "144.39"}, {"price": "0.92", "size": "316.66"}], "event_type": "book", "last_trade_price": ""}, {"market": "0x3c1e72ca287e15d81a63de67eb039c8bf2a8bdcdbccdc889ede87f57bec2ff86", "asset_id": "97542876496249911911969744790762768894433305381768276663896937833684686299014", "timestamp": "1769382483677", "hash": "c863f7f7a96aea33df1490d33bd608b790f62af6", "bids": [{"price": "0.01", "size": "228.34"}, {"price": "0.02", "size": "163.62"}, {"price": "0.03", "size": "658.42"}, {"price": "0.04", "size": "306.34"}, {"price": "0.05", "size": "489.61"}, {"price": "0.06", "size": "33"}, {"price": "0.07", "size": "144.39"}, {"price": "0.08", "size": "316.66"}], "asks": [{"price": "0.99", "size": "614.69"}, {"price": "0.98", "size": "788.64"}, {"price": "0.97", "size": "108"}, {"price": "0.96", "size": "6.17"}, {"price": "0.95", "size": "207"}, {"price": "0.94", "size": "55.07"}], "event_type": "book", "last_trade_price": ""}, {"market": "0x3c1e72ca287e15d81a63de67eb039c8bf2a8bdcdbccdc889ede87f57bec2ff86", "asset_id": "51182047124395530691814961533032036659234818419534937319128143365459338062738", "timestamp": "1769382483677", "hash": "1aee1cdf1b000eff21bf8ecb16e38c6b2712d09e", "bids": [{"price": "0.01", "size": "614.69"}, {"price": "0.02", "size": "788.64"}, {"price": "0.03", "size": "108"}, {"price": "0.04", "size": "6.17"}, {"price": "0.05", "size": "207"}, {"price": "0.06", "size": "55.07"}], "asks": [{"price": "0.99", "size": "228.34"}, {"price": "0.98", "size": "163.62"}, {"price": "0.97", "size": "658.42"}, {"price": "0.96", "size": "306.34"}, {"price": "0.95", "size": "489.61"}, {"price": "0.94", "size": "33"}, {"price": "0.93", "size": "144.39"}, {"price": "0.92", "size": "316.66"}], "event_type": "book", "last_trade_price": ""}, {"market": "0x7b62a3b7a17df47ad72a0897ba37a72552f7cac6dc8339e7c220c783bba3ca48", "asset_id": "57974092681631786006420517131324841976857176251995925890674479762511577923869", "timestamp": "1769382484880", "hash": "0fd2d35cf616698f7aff413c72df12e694963bf8", "bids": [{"price": "0.01", "size": "230.45"}, {"price": "0.02", "size": "161.27"}, {"price": "0.03", "size": "656.91"}, {"price": "0.04", "size": "305.24"}, {"price": "0.05", "size": "487.95"}, {"price": "0.06", "size": "33"}, {"price": "0.07", "size": "147.22"}, {"price": "0.08", "size": "316.66"}], "asks": [{"price": "0.99", "size": "614.69"}, {"price": "0.98", "size": "788.64"}, {"price": "0.97", "size": "108"}, {"price": "0.96", "size": "6.17"}, {"price": "0.95", "size": "216"}, {"price": "0.94", "size": "51.07"}], "event_type": "book", "last_trade_price": ""}, {"market": "0x81d2f673490d7228090ed5a6467c0bb996947b747f0781071f3f7ca58efa4fc8", "asset_id": "5802758185098927679659179940941581849087173835806116258223963517736746768673", "timestamp": "1769383549462", "hash": "3e22d7d511b54e49a997bba1fdb9983f5ed0583e", "bids": [{"price": "0.01", "size": "228.34"}, {"price": "0.02", "size": "163.62"}, {"price": "0.03", "size": "658.42"}, {"price": "0.04", "size": "306.34"}, {"price": "0.05", "size": "489.61"}, {"price": "0.06", "size": "33"}, {"price": "0.07", "size": "144.39"}, {"price": "0.08", "size": "316.66"}], "asks": [{"price": "0.99", "size": "614.69"}, {"price": "0.98", "size": "788.64"}, {"price": "0.97", "size": "108"}, {"price": "0.96", "size": "6.17"}, {"price": "0.95", "size": "216"}, {"price": "0.94", "size": "51.07"}], "event_type": "book", "last_trade_price": ""}]}
{"_local_timestamp": "2026-01-25T23:35:18.208451+00:00", "data": {"market": "0x3c1e72ca287e15d81a63de67eb039c8bf2a8bdcdbccdc889ede87f57bec2ff86", "price_changes": [{"asset_id": "97542876496249911911969744790762768894433305381768276663896937833684686299014", "price": "0.01", "size": "200", "side": "BUY", "hash": "fe6bd0bb72cd12e2093beb3ba76076f8fbe23378", "best_bid": "0.08", "best_ask": "0.94"}, {"asset_id": "51182047124395530691814961533032036659234818419534937319128143365459338062738", "price": "0.99", "size": "200", "side": "SELL", "hash": "e924fd4bc4ec7f970d75171a7c633ff93b34cb30", "best_bid": "0.06", "best_ask": "0.92"}], "timestamp": "1769384118139", "event_type": "price_change"}}
{"_local_timestamp": "2026-01-25T23:35:18.644496+00:00", "data": {"market": "0x81d2f673490d7228090ed5a6467c0bb996947b747f0781071f3f7ca58efa4fc8", "price_changes": [{"asset_id": "5802758185098927679659179940941581849087173835806116258223963517736746768673", "price": "0.01", "size": "200", "side": "BUY", "hash": "c0e050b7ad5746fe0c05565476f3628dde34e2a1", "best_bid": "0.08", "best_ask": "0.94"}, {"asset_id": "32112847149826385294344559955520904364658354604459429398964144350978404623995", "price": "0.99", "size": "200", "side": "SELL", "hash": "e479747a5440b8eaf42044fe202ab2d1e23f704f", "best_bid": "0.06", "best_ask": "0.92"}], "timestamp": "1769384118578", "event_type": "price_change"}}
{"_local_timestamp": "2026-01-25T23:35:18.651831+00:00", "data": {"market": "0x7b62a3b7a17df47ad72a0897ba37a72552f7cac6dc8339e7c220c783bba3ca48", "price_changes": [{"asset_id": "57974092681631786006420517131324841976857176251995925890674479762511577923869", "price": "0.01", "size": "207.03", "side": "BUY", "hash": "d8c60595a29d891af36efcd61975ec350f7d3e9f", "best_bid": "0.08", "best_ask": "0.94"}, {"asset_id": "56255514954158096029628492192175772739720871468357891922998264531721461656690", "price": "0.99", "size": "207.03", "side": "SELL", "hash": "ec87e4d3fd3a7cb128c2ea3ab3f8434f005394e3", "best_bid": "0.06", "best_ask": "0.92"}], "timestamp": "1769384118578", "event_type": "price_change"}}
{"_local_timestamp": "2026-01-25T23:35:19.597724+00:00", "data": {"market": "0x3c1e72ca287e15d81a63de67eb039c8bf2a8bdcdbccdc889ede87f57bec2ff86", "price_changes": [{"asset_id": "97542876496249911911969744790762768894433305381768276663896937833684686299014", "price": "0.01", "size": "228.34", "side": "BUY", "hash": "03c5dde0e17a1365df18c8e299e6c3c99fea158c", "best_bid": "0.08", "best_ask": "0.94"}, {"asset_id": "51182047124395530691814961533032036659234818419534937319128143365459338062738", "price": "0.99", "size": "228.34", "side": "SELL", "hash": "b3e24c4f6b1b67c8a50155026913c7ad683e755b", "best_bid": "0.06", "best_ask": "0.92"}], "timestamp": "1769384119530", "event_type": "price_change"}}
{"_local_timestamp": "2026-01-25T23:35:20.470958+00:00", "data": {"market": "0x81d2f673490d7228090ed5a6467c0bb996947b747f0781071f3f7ca58efa4fc8", "price_changes": [{"asset_id": "5802758185098927679659179940941581849087173835806116258223963517736746768673", "price": "0.01", "size": "228.34", "side": "BUY", "hash": "add1f29eb7b79885e662b0300ac2f985181eb313", "best_bid": "0.08", "best_ask": "0.94"}, {"asset_id": "32112847149826385294344559955520904364658354604459429398964144350978404623995", "price": "0.99", "size": "228.34", "side": "SELL", "hash": "cecae8a9f89586cc602f4c6dea31fb516b198414", "best_bid": "0.06", "best_ask": "0.92"}], "timestamp": "1769384120401", "event_type": "price_change"}}
{"_local_timestamp": "2026-01-25T23:35:20.471411+00:00", "data": {"market": "0x7b62a3b7a17df47ad72a0897ba37a72552f7cac6dc8339e7c220c783bba3ca48", "price_changes": [{"asset_id": "57974092681631786006420517131324841976857176251995925890674479762511577923869", "price": "0.01", "size": "230.45", "side": "BUY", "hash": "751d8d81857f46a34ba1afd8b3ff705f306ebddd", "best_bid": "0.08", "best_ask": "0.94"}, {"asset_id": "56255514954158096029628492192175772739720871468357891922998264531721461656690", "price": "0.99", "size": "230.45", "side": "SELL", "hash": "62db9bdbb0d36568c8f722705e52ebdc7c3b0aaf", "best_bid": "0.06", "best_ask": "0.92"}], "timestamp": "1769384120403", "event_type": "price_change"}}
