{"_local_timestamp": "2026-01-25T23:34:15.227607+00:00", "data": [{"market": "0x2c6574ee0e6384634802bd6868ceaf88a08082f063cb75ccfb7c2148ae340dc4", "asset_id": "15024832769599622616358687724770165464186088858893489715265619916991382981873", "timestamp": "1769382483673", "hash": "25d5ad82b516fc18855c0f2a713081054917dbb2", "bids": [{"price": "0.01", "size": "230.4"}, {"price": "0.02", "size": "161.27"}, {"price": "0.03", "size": "623.91"}, {"price": "0.04", "size": "305.24"}, {"price": "0.05", "size": "507.95"}, {"price": "0.06", "size": "283"}, {"price": "0.07", "size": "80.22"}], "asks": [{"price": "0.99", "size": "614.69"}, {"price": "0.98", "size": "788.64"}, {"price": "0.97", "size": "108"}, {"price": "0.96", "size": "6.17"}, {"price": "0.95", "size": "216"}, {"price": "0.94", "size": "51.07"}], "event_type": "book", "last_trade_price": ""}, {"market": "0xb3115da79daf41e76540697b12958dd47794ace7951ee22abc1dada0c6f8ca62", "asset_id": "70219762653749508126666109356693685152921771745353366363381389562451454155452", "timestamp": "1769382483672", "hash": "0850f5d20235a148c68fb50cf08d7303a57bb0f9", "bids": [{"price": "0.01", "size": "614.69"}, {"price": "0.02", "size": "788.64"}, {"price": "0.03", "size": "108"}, {"price": "0.04", "size": "6.17"}, {"price": "0.05", "size": "216"}, {"price": "0.06", "size": "51.07"}], "asks": [{"price": "0.99", "size": "228.24"}, {"price": "0.98", "size": "163.62"}, {"price": "0.97", "size": "658.42"}, {"price": "0.96", "size": "306.34"}, {"price": "0.95", "size": "489.61"}, {"price": "0.94", "size": "273"}, {"price": "0.93", "size": "77.39"}], "event_type": "book", "last_trade_price": ""}, {"market": "0xee3993f677b077ebba4025b12ad88978f210e68c923445e68eeaf5a99c42c2ae", "asset_id": "63725079407285786837045358037274565039611726127644062070238203995948883072398", "timestamp": "1769382483679", "hash": "9b523c32f7c620c95fb9f256d602a1bf9381b540", "bids": [{"price": "0.01", "size": "228.24"}, {"price": "0.02", "size": "163.62"}, {"price": "0.03", "size": "658.42"}, {"price": "0.04", "size": "306.34"}, {"price": "0.05", "size": "414.61"}, {"price": "0.06", "size": "315"}, {"price": "0.07", "size": "77.39"}], "asks": [{"price": "0.99", "size": "614.69"}, {"price": "0.98", "size": "788.64"}, {"price": "0.97", "size": "108"}, {"price": "0.96", "size": "6.17"}, {"price": "0.95", "size": "223.59"}, {"price": "0.94", "size": "48.77"}], "event_type": "book", "last_trade_price": ""}, {"market": "0xb3115da79daf41e76540697b12958dd47794ace7951ee22abc1dada0c6f8ca62", "asset_id": "83967213837400493472076718359033404801172786339857784817632524257228814407958", "timestamp": "1769382483672", "hash": "689de240c772b4258b55fefeb51bf66310e9ec3e", "bids": [{"price": "0.01", "size": "228.24"}, {"price": "0.02", "size": "163.62"}, {"price": "0.03", "size": "658.42"}, {"price": "0.04", "size": "306.34"}, {"price": "0.05", "size": "489.61"}, {"price": "0.06", "size": "273"}, {"price": "0.07", "size": "77.39"}], "asks": [{"price": "0.99", "size": "614.69"}, {"price": "0.98", "size": "788.64"}, {"price": "0.97", "size": "108"}, {"price": "0.96", "size": "6.17"}, {"price": "0.95", "size": "216"}, {"price": "0.94", "size": "51.07"}], "event_type": "book", "last_trade_price": ""}, {"market": "0x2c6574ee0e6384634802bd6868ceaf88a08082f063cb75ccfb7c2148ae340dc4", "asset_id": "49952777373794319323809436060051447470587977301017219288600380418644684657579", "timestamp": "1769382483673", "hash": "80ae2ef3994364bd3112781d98de72c527b4761e", "bids": [{"price": "0.01", "size": "614.69"}, {"price": "0.02", "size": "788.64"}, {"price": "0.03", "size": "108"}, {"price": "0.04", "size": "6.17"}, {"price": "0.05", "size": "216"}, {"price": "0.06", "size": "51.07"}], "asks": [{"price": "0.99", "size": "230.4"}, {"price": "0.98", "size": "161.27"}, {"price": "0.97", "size": "623.91"}, {"price": "0.96", "size": "305.24"}, {"price": "0.95", "size": "507.95"}, {"price": "0.94", "size": "283"}, {"price": "0.93", "size": "80.22"}], "event_type": "book", "last_trade_price": ""}, {"market": "0xee3993f677b077ebba4025b12ad88978f210e68c923445e68eeaf5a99c42c2ae", "asset_id": "1668805681729078748460080369093947725866070004964319899901831264492836412372", "timestamp": "1769382483679", "hash": "93f80966558c7692ab0e322eb3744d3297dd1b2e", "bids": [{"price": "0.01", "size": "614.69"}, {"price": "0.02", "size": "788.64"}, {"price": "0.03", "size": "108"}, {"price": "0.04", "size": "6.17"}, {"price": "0.05", "size": "223.59"}, {"price": "0.06", "size": "48.77"}], "asks": [{"price": "0.99", "size": "228.24"}, {"price": "0.98", "size": "163.62"}, {"price": "0.97", "size": "658.42"}, {"price": "0.96", "size": "306.34"}, {"price": "0.95", "size": "414.61"}, {"price": "0.94", "size": "315"}, {"price": "0.93", "size": "77.39"}], "event_type": "book", "last_trade_price": ""}]}
