{"_local_timestamp": "2026-01-25T23:41:10.525397+00:00", "data": [{"market": "0x622c081d57a0fd170629dcc54e583c849d989888d3a22e60d363789a305ae866", "asset_id": "76725268958183228496454338774420261114013754524061404399585042304227832812732", "timestamp": "1769384362733", "hash": "0d2e073367df434f8d7460f319851e2fd2408604", "bids": [{"price": "0.01", "size": "62.42"}, {"price": "0.02", "size": "200"}, {"price": "0.03", "size": "10.15"}, {"price": "0.04", "size": "50"}, {"price": "0.05", "size": "625"}, {"price": "0.06", "size": "62"}, {"price": "0.07", "size": "8.87"}, {"price": "0.1", "size": "30"}, {"price": "0.12", "size": "48.82"}, {"price": "0.13", "size": "20.09"}, {"price": "0.18", "size": "70"}, {"price": "0.19", "size": "336.77"}], "asks": [{"price": "0.99", "size": "5614.72"}, {"price": "0.98", "size": "2400"}, {"price": "0.97", "size": "257.98"}, {"price": "0.96", "size": "50"}, {"price": "0.95", "size": "40"}, {"price": "0.94", "size": "133"}, {"price": "0.92", "size": "1250"}, {"price": "0.91", "size": "12.36"}, {"price": "0.9", "size": "5"}, {"price": "0.89", "size": "88"}, {"price": "0.88", "size": "833.33"}, {"price": "0.84", "size": "200"}, {"price": "0.82", "size": "1338"}, {"price": "0.8", "size": "145"}, {"price": "0.76", "size": "108.33"}, {"price": "0.75", "size": "1980"}, {"price": "0.74", "size": "10"}, {"price": "0.72", "size": "135.71"}, {"price": "0.68", "size": "62.5"}, {"price": "0.67", "size": "634.07"}, {"price": "0.64", "size": "3.26"}, {"price": "0.63", "size": "1236"}, {"price": "0.62", "size": "5"}, {"price": "0.59", "size": "24.9"}, {"price": "0.25", "size": "1148"}, {"price": "0.24", "size": "1757"}, {"price": "0.23", "size": "1200"}, {"price": "0.22", "size": "307.66"}, {"price": "0.21", "size": "16.27"}], "event_type": "book", "last_trade_price": "0.810"}, {"market": "0x622c081d57a0fd170629dcc54e583c849d989888d3a22e60d363789a305ae866", "asset_id": "39033765137537065587519651239291956690649315870606052658134202446363035452906", "timestamp": "1769384362733", "hash": "03542346c6f2fa447cf3056a7d2019f2808bb2b4", "bids": [{"price": "0.01", "size": "5614.72"}, {"price": "0.02", "size": "2400"}, {"price": "0.03", "size": "257.98"}, {"price": "0.04", "size": "50"}, {"price": "0.05", "size": "40"}, {"price": "0.06", "size": "133"}, {"price": "0.08", "size": "1250"}, {"price": "0.09", "size": "12.36"}, {"price": "0.1", "size": "5"}, {"price": "0.11", "size": "88"}, {"price": "0.12", "size": "833.33"}, {"price": "0.16", "size": "200"}, {"price": "0.18", "size": "1338"}, {"price": "0.2", "size": "145"}, {"price": "0.24", "size": "108.33"}, {"price": "0.25", "size": "1980"}, {"price": "0.26", "size": "10"}, {"price": "0.28", "size": "135.71"}, {"price": "0.32", "size": "62.5"}, {"price": "0.33", "size": "634.07"}, {"price": "0.36", "size": "3.26"}, {"price": "0.37", "size": "1236"}, {"price": "0.38", "size": "5"}, {"price": "0.41", "size": "24.9"}, {"price": "0.75", "size": "1148"}, {"price": "0.76", "size": "1757"}, {"price": "0.77", "size": "1200"}, {"price": "0.78", "size": "307.66"}, {"price": "0.79", "size": "16.27"}], "asks": [{"price": "0.99", "size": "62.42"}, {"price": "0.98", "size": "200"}, {"price": "0.97", "size": "10.15"}, {"price": "0.96", "size": "50"}, {"price": "0.95", "size": "625"}, {"price": "0.94", "size": "62"}, {"price": "0.93", "size": "8.87"}, {"price": "0.9", "size": "30"}, {"price": "0.88", "size": "48.82"}, {"price": "0.87", "size": "20.09"}, {"price": "0.82", "size": "70"}, {"price": "0.81", "size": "336.77"}], "event_type": "book", "last_trade_price": "0.810"}]}
{"_local_timestamp": "2026-01-25T23:41:14.741415+00:00", "data": {"market": "0x622c081d57a0fd170629dcc54e583c849d989888d3a22e60d363789a305ae866", "price_changes": [{"asset_id": "39033765137537065587519651239291956690649315870606052658134202446363035452906", "price": "0.25", "size": "300", "side": "BUY", "hash": "5f3f406ebac9378f62540a94b398ff7a157de46d", "best_bid": "0.79", "best_ask": "0.81"}, {"asset_id": "76725268958183228496454338774420261114013754524061404399585042304227832812732", "price": "0.75", "size": "300", "side": "SELL", "hash": "379231edffac97959ce70ba8e689227ff1a4165c", "best_bid": "0.19", "best_ask": "0.21"}], "timestamp": "1769384474537", "event_type": "price_change"}}
{"_local_timestamp": "2026-01-25T23:41:17.200970+00:00", "data": {"market": "0x622c081d57a0fd170629dcc54e583c849d989888d3a22e60d363789a305ae866", "price_changes": [{"asset_id": "39033765137537065587519651239291956690649315870606052658134202446363035452906", "price": "0.19", "size": "2210", "side": "BUY", "hash": "bbf6579c3ad0395b5c8bfa5a309deaf373fe4495", "best_bid": "0.79", "best_ask": "0.81"}, {"asset_id": "76725268958183228496454338774420261114013754524061404399585042304227832812732", "price": "0.81", "size": "2210", "side": "SELL", "hash": "21bf44401280120eb4a65b64c43e26480af6ead6", "best_bid": "0.19", "best_ask": "0.21"}], "timestamp": "1769384477136", "event_type": "price_change"}}
{"_local_timestamp": "2026-01-25T23:42:22.340945+00:00", "data": {"market": "0x622c081d57a0fd170629dcc54e583c849d989888d3a22e60d363789a305ae866", "price_changes": [{"asset_id": "39033765137537065587519651239291956690649315870606052658134202446363035452906", "price": "0.18", "size": "1288", "side": "BUY", "hash": "d5962bc8e542da51010e5aa74adea596606b9e31", "best_bid": "0.79", "best_ask": "0.81"}, {"asset_id": "76725268958183228496454338774420261114013754524061404399585042304227832812732", "price": "0.82", "size": "1288", "side": "SELL", "hash": "12e89d9aacda23f3e53c36c7edafcda52f271387", "best_bid": "0.19", "best_ask": "0.21"}], "timestamp": "1769384542235", "event_type": "price_change"}}
{"_local_timestamp": "2026-01-25T23:42:22.629931+00:00", "data": {"market": "0x622c081d57a0fd170629dcc54e583c849d989888d3a22e60d363789a305ae866", "price_changes": [{"asset_id": "39033765137537065587519651239291956690649315870606052658134202446363035452906", "price": "0.19", "size": "2260", "side": "BUY", "hash": "a6c3ecd08b61ab1f3342e1f5c49dce4e352c8c90", "best_bid": "0.79", "best_ask": "0.81"}, {"asset_id": "76725268958183228496454338774420261114013754524061404399585042304227832812732", "price": "0.81", "size": "2260", "side": "SELL", "hash": "e7ce0a815853f92ed18a3cde99f2402a3e176b12", "best_bid": "0.19", "best_ask": "0.21"}], "timestamp": "1769384542522", "event_type": "price_change"}}
{"_local_timestamp": "2026-01-25T23:42:25.004611+00:00", "data": {"market": "0x622c081d57a0fd170629dcc54e583c849d989888d3a22e60d363789a305ae866", "price_changes": [{"asset_id": "39033765137537065587519651239291956690649315870606052658134202446363035452906", "price": "0.18", "size": "1138", "side": "BUY", "hash": "84658745811e103a5e01b105f0545a7e1d57d3f3", "best_bid": "0.79", "best_ask": "0.81"}, {"asset_id": "76725268958183228496454338774420261114013754524061404399585042304227832812732", "price": "0.82", "size": "1138", "side": "SELL", "hash": "da5588d343d71fb76a4df2c2ee07dc1a7f6aa80e", "best_bid": "0.19", "best_ask": "0.21"}], "timestamp": "1769384544880", "event_type": "price_change"}}
{"_local_timestamp": "2026-01-25T23:42:25.303906+00:00", "data": {"market": "0x622c081d57a0fd170629dcc54e583c849d989888d3a22e60d363789a305ae866", "price_changes": [{"asset_id": "39033765137537065587519651239291956690649315870606052658134202446363035452906", "price": "0.19", "size": "2410", "side": "BUY", "hash": "0597ee856ca4c21d59979399c1af0fbb0467ca03", "best_bid": "0.79", "best_ask": "0.81"}, {"asset_id": "76725268958183228496454338774420261114013754524061404399585042304227832812732", "price": "0.81", "size": "2410", "side": "SELL", "hash": "25ceb0bda02a0f69188100e4c85e81603bd89585", "best_bid": "0.19", "best_ask": "0.21"}], "timestamp": "1769384545155", "event_type": "price_change"}}
{"_local_timestamp": "2026-01-25T23:44:08.530229+00:00", "data": {"market": "0x622c081d57a0fd170629dcc54e583c849d989888d3a22e60d363789a305ae866", "price_changes": [{"asset_id": "39033765137537065587519651239291956690649315870606052658134202446363035452906", "price": "0.18", "size": "1038", "side": "BUY", "hash": "7d9878d121494f1247c912b1bcb396499794312e", "best_bid": "0.79", "best_ask": "0.81"}, {"asset_id": "76725268958183228496454338774420261114013754524061404399585042304227832812732", "price": "0.82", "size": "1038", "side": "SELL", "hash": "abbef064b89a152ebd769c765bb4dec1b72a18be", "best_bid": "0.19", "best_ask": "0.21"}], "timestamp": "1769384648344", "event_type": "price_change"}}
{"_local_timestamp": "2026-01-25T23:44:08.530877+00:00", "data": {"market": "0x622c081d57a0fd170629dcc54e583c849d989888d3a22e60d363789a305ae866", "price_changes": [{"asset_id": "39033765137537065587519651239291956690649315870606052658134202446363035452906", "price": "0.25", "size": "250", "side": "BUY", "hash": "7d9878d121494f1247c912b1bcb396499794312e", "best_bid": "0.79", "best_ask": "0.81"}, {"asset_id": "76725268958183228496454338774420261114013754524061404399585042304227832812732", "price": "0.75", "size": "250", "side": "SELL", "hash": "abbef064b89a152ebd769c765bb4dec1b72a18be", "best_bid": "0.19", "best_ask": "0.21"}], "timestamp": "1769384648344", "event_type": "price_change"}}
{"_local_timestamp": "2026-01-25T23:44:09.094109+00:00", "data": {"market": "0x622c081d57a0fd170629dcc54e583c849d989888d3a22e60d363789a305ae866", "price_changes": [{"asset_id": "39033765137537065587519651239291956690649315870606052658134202446363035452906", "price": "0.33", "size": "684.07", "side": "BUY", "hash": "705c21411632c9cda471d59d44503cec0a400c78", "best_bid": "0.79", "best_ask": "0.81"}, {"asset_id": "76725268958183228496454338774420261114013754524061404399585042304227832812732", "price": "0.67", "size": "684.07", "side": "SELL", "hash": "d1a0a458b52cc4a7f9e747c376cfd0773196855c", "best_bid": "0.19", "best_ask": "0.21"}], "timestamp": "1769384648767", "event_type": "price_change"}}
{"_local_timestamp": "2026-01-25T23:44:09.153738+00:00", "data": {"market": "0x622c081d57a0fd170629dcc54e583c849d989888d3a22e60d363789a305ae866", "price_changes": [{"asset_id": "39033765137537065587519651239291956690649315870606052658134202446363035452906", "price": "0.19", "size": "2510", "side": "BUY", "hash": "cad52fc15f7323b006723e1de3117275a8d7296b", "best_bid": "0.79", "best_ask": "0.81"}, {"asset_id": "76725268958183228496454338774420261114013754524061404399585042304227832812732", "price": "0.81", "size": "2510", "side": "SELL", "hash": "a0fb329b5bd3fbd4d4da0855b0427b26487cb248", "best_bid": "0.19", "best_ask": "0.21"}], "timestamp": "1769384648849", "event_type": "price_change"}}
{"_local_timestamp": "2026-01-25T23:44:20.768761+00:00", "data": {"market": "0x622c081d57a0fd170629dcc54e583c849d989888d3a22e60d363789a305ae866", "price_changes": [{"asset_id": "39033765137537065587519651239291956690649315870606052658134202446363035452906", "price": "0.18", "size": "888", "side": "BUY", "hash": "b02159f81b7d4f8befd7421442a272c02d11b74d", "best_bid": "0.79", "best_ask": "0.81"}, {"asset_id": "76725268958183228496454338774420261114013754524061404399585042304227832812732", "price": "0.82", "size": "888", "side": "SELL", "hash": "3688b6ea21be3f58708d5f883dc5d3637db4fc7f", "best_bid": "0.19", "best_ask": "0.21"}], "timestamp": "1769384660466", "event_type": "price_change"}}
{"_local_timestamp": "2026-01-25T23:44:21.422014+00:00", "data": {"market": "0x622c081d57a0fd170629dcc54e583c849d989888d3a22e60d363789a305ae866", "price_changes": [{"asset_id": "39033765137537065587519651239291956690649315870606052658134202446363035452906", "price": "0.19", "size": "2660", "side": "BUY", "hash": "20ed6f31de33d699e7d0913c1cc375d1d6e9bf7f", "best_bid": "0.79", "best_ask": "0.81"}, {"asset_id": "76725268958183228496454338774420261114013754524061404399585042304227832812732", "price": "0.81", "size": "2660", "side": "SELL", "hash": "b07c63d29465413b93269afd92b526244cf10e72", "best_bid": "0.19", "best_ask": "0.21"}], "timestamp": "1769384660830", "event_type": "price_change"}}
{"_local_timestamp": "2026-01-25T23:45:05.718923+00:00", "data": {"market": "0x622c081d57a0fd170629dcc54e583c849d989888d3a22e60d363789a305ae866", "price_changes": [{"asset_id": "39033765137537065587519651239291956690649315870606052658134202446363035452906", "price": "0.77", "size": "1100", "side": "BUY", "hash": "722007789efcf27b8b2a60e06bd1c29877c11313", "best_bid": "0.79", "best_ask": "0.81"}, {"asset_id": "76725268958183228496454338774420261114013754524061404399585042304227832812732", "price": "0.23", "size": "1100", "side": "SELL", "hash": "5554ee84f44211fe20dbaa8777d297d11f3d116e", "best_bid": "0.19", "best_ask": "0.21"}], "timestamp": "1769384705645", "event_type": "price_change"}}
{"_local_timestamp": "2026-01-25T23:45:56.816999+00:00", "data": {"market": "0x622c081d57a0fd170629dcc54e583c849d989888d3a22e60d363789a305ae866", "price_changes": [{"asset_id": "39033765137537065587519651239291956690649315870606052658134202446363035452906", "price": "0.03", "size": "7.98", "side": "BUY", "hash": "b428508fc1f65cd9137041d3930f89dfc404c518", "best_bid": "0.79", "best_ask": "0.81"}, {"asset_id": "76725268958183228496454338774420261114013754524061404399585042304227832812732", "price": "0.97", "size": "7.98", "side": "SELL", "hash": "38da8740ed393aa6b9f079e1ae745cb6db69b47b", "best_bid": "0.19", "best_ask": "0.21"}], "timestamp": "1769384756097", "event_type": "price_change"}}
{"_local_timestamp": "2026-01-25T23:46:49.665999+00:00", "data": {"market": "0x622c081d57a0fd170629dcc54e583c849d989888d3a22e60d363789a305ae866", "price_changes": [{"asset_id": "39033765137537065587519651239291956690649315870606052658134202446363035452906", "price": "0.2", "size": "445", "side": "BUY", "hash": "d02964a5062e9b3658384638e11e84f389fd55e4", "best_bid": "0.79", "best_ask": "0.81"}, {"asset_id": "76725268958183228496454338774420261114013754524061404399585042304227832812732", "price": "0.8", "size": "445", "side": "SELL", "hash": "099503214a4a9c08457c03be986740c80631d93a", "best_bid": "0.19", "best_ask": "0.21"}], "timestamp": "1769384809591", "event_type": "price_change"}}
{"_local_timestamp": "2026-01-25T23:46:49.750354+00:00", "data": {"market": "0x622c081d57a0fd170629dcc54e583c849d989888d3a22e60d363789a305ae866", "price_changes": [{"asset_id": "39033765137537065587519651239291956690649315870606052658134202446363035452906", "price": "0.77", "size": "1200", "side": "BUY", "hash": "6df3b3f694800cf54e59a35e465e89b51cb22de0", "best_bid": "0.79", "best_ask": "0.81"}, {"asset_id": "76725268958183228496454338774420261114013754524061404399585042304227832812732", "price": "0.23", "size": "1200", "side": "SELL", "hash": "cce8f8f7734353540a38bd1163de4b161b9d54f6", "best_bid": "0.19", "best_ask": "0.21"}], "timestamp": "1769384809683", "event_type": "price_change"}}
{"_local_timestamp": "2026-01-25T23:46:50.709546+00:00", "data": {"market": "0x622c081d57a0fd170629dcc54e583c849d989888d3a22e60d363789a305ae866", "price_changes": [{"asset_id": "39033765137537065587519651239291956690649315870606052658134202446363035452906", "price": "0.25", "size": "150", "side": "BUY", "hash": "0edec926d3ef44d56ee7a8af79b29ad2840b947c", "best_bid": "0.79", "best_ask": "0.81"}, {"asset_id": "76725268958183228496454338774420261114013754524061404399585042304227832812732", "price": "0.75", "size": "150", "side": "SELL", "hash": "8747a42b77974a863ef5fb3d41a6fddccb21dc44", "best_bid": "0.19", "best_ask": "0.21"}], "timestamp": "1769384810635", "event_type": "price_change"}}
{"_local_timestamp": "2026-01-25T23:46:51.607103+00:00", "data": {"market": "0x622c081d57a0fd170629dcc54e583c849d989888d3a22e60d363789a305ae866", "price_changes": [{"asset_id": "39033765137537065587519651239291956690649315870606052658134202446363035452906", "price": "0.28", "size": "235.71", "side": "BUY", "hash": "a3ae686fe57b4eaa34a5fead0b45fc589c9d0218", "best_bid": "0.79", "best_ask": "0.81"}, {"asset_id": "76725268958183228496454338774420261114013754524061404399585042304227832812732", "price": "0.72", "size": "235.71", "side": "SELL", "hash": "7be44a2cce158e0e8c6bfa0a43071793c57c4e1d", "best_bid": "0.19", "best_ask": "0.21"}], "timestamp": "1769384811226", "event_type": "price_change"}}
