{"_local_timestamp": "2026-01-25T23:40:31.896586+00:00", "data": [{"market": "0xc07048f298bae3ec73447a92cdc2dfd2e44d10ae1164b6d50db68ec5ab4b2766", "asset_id": "89749451189659806236078281140753717284965641684284805325103046978904196883787", "timestamp": "1769384410510", "hash": "60781579c2f83ff71e32b8ffb9e800c29866b469", "bids": [{"price": "0.01", "size": "510008.17"}, {"price": "0.02", "size": "5007.7"}, {"price": "0.03", "size": "30000"}, {"price": "0.04", "size": "5.22"}, {"price": "0.05", "size": "30"}, {"price": "0.06", "size": "33"}, {"price": "0.07", "size": "6.41"}, {"price": "0.09", "size": "400"}, {"price": "0.11", "size": "9000"}, {"price": "0.14", "size": "242.85"}, {"price": "0.15", "size": "1066"}, {"price": "0.16", "size": "6.91"}, {"price": "0.19", "size": "168.42"}, {"price": "0.2", "size": "800"}, {"price": "0.21", "size": "1998"}, {"price": "0.23", "size": "121.73"}, {"price": "0.28", "size": "92.85"}, {"price": "0.33", "size": "72.72"}, {"price": "0.34", "size": "1764"}, {"price": "0.35", "size": "4648"}, {"price": "0.36", "size": "300"}, {"price": "0.38", "size": "52.63"}, {"price": "0.39", "size": "20"}, {"price": "0.54", "size": "5"}, {"price": "0.9", "size": "5"}, {"price": "0.91", "size": "255"}, {"price": "0.92", "size": "367.62"}, {"price": "0.93", "size": "845.24"}], "asks": [{"price": "0.99", "size": "80"}, {"price": "0.98", "size": "525.62"}, {"price": "0.97", "size": "16.25"}, {"price": "0.96", "size": "250"}, {"price": "0.95", "size": "222"}, {"price": "0.94", "size": "848.75"}], "event_type": "book", "last_trade_price": ""}, {"market": "0x6f56cdf896a8cdb2552661dd7b3d54dab6ef418d5be0d8a96dea3f16cbf31632", "asset_id": "37806907368043161074949113436745462734936336037202698916361016094424427186209", "timestamp": "1769384384486", "hash": "a90861fc0389b92160106b77122a942481ffbdc1", "bids": [{"price": "0.01", "size": "510000"}, {"price": "0.02", "size": "18.48"}, {"price": "0.04", "size": "1000"}, {"price": "0.05", "size": "30"}, {"price": "0.06", "size": "33"}, {"price": "0.09", "size": "400"}, {"price": "0.1", "size": "6.3"}, {"price": "0.11", "size": "6000"}, {"price": "0.14", "size": "242.85"}, {"price": "0.15", "size": "3000"}, {"price": "0.19", "size": "168.42"}, {"price": "0.2", "size": "800"}, {"price": "0.21", "size": "1998"}, {"price": "0.23", "size": "121.73"}, {"price": "0.28", "size": "92.85"}, {"price": "0.33", "size": "72.72"}, {"price": "0.34", "size": "1764"}, {"price": "0.35", "size": "3192"}, {"price": "0.36", "size": "300"}, {"price": "0.37", "size": "54.05"}, {"price": "0.8", "size": "1510"}, {"price": "0.9", "size": "361"}, {"price": "0.91", "size": "222"}], "asks": [{"price": "0.99", "size": "10108.45"}, {"price": "0.98", "size": "271.76"}, {"price": "0.97", "size": "24.74"}, {"price": "0.96", "size": "510"}, {"price": "0.95", "size": "479.33"}, {"price": "0.94", "size": "111"}], "event_type": "book", "last_trade_price": ""}, {"market": "0x6f56cdf896a8cdb2552661dd7b3d54dab6ef418d5be0d8a96dea3f16cbf31632", "asset_id": "12372043962778394976024486768688292040496139295686161489871763438144310710290", "timestamp": "1769384384486", "hash": "c77f6973cd33c590256b76ab3ee7296c78c8cabd", "bids": [{"price": "0.01", "size": "10108.45"}, {"price": "0.02", "size": "271.76"}, {"price": "0.03", "size": "24.74"}, {"price": "0.04", "size": "510"}, {"price": "0.05", "size": "479.33"}, {"price": "0.06", "size": "111"}], "asks": [{"price": "0.99", "size": "510000"}, {"price": "0.98", "size": "18.48"}, {"price": "0.96", "size": "1000"}, {"price": "0.95", "size": "30"}, {"price": "0.94", "size": "33"}, {"price": "0.91", "size": "400"}, {"price": "0.9", "size": "6.3"}, {"price": "0.89", "size": "6000"}, {"price": "0.86", "size": "242.85"}, {"price": "0.85", "size": "3000"}, {"price": "0.81", "size": "168.42"}, {"price": "0.8", "size": "800"}, {"price": "0.79", "size": "1998"}, {"price": "0.77", "size": "121.73"}, {"price": "0.72", "size": "92.85"}, {"price": "0.67", "size": "72.72"}, {"price": "0.66", "size": "1764"}, {"price": "0.65", "size": "3192"}, {"price": "0.64", "size": "300"}, {"price": "0.63", "size": "54.05"}, {"price": "0.2", "size": "1510"}, {"price": "0.1", "size": "361"}, {"price": "0.09", "size": "222"}], "event_type": "book", "last_trade_price": ""}, {"market": "0xc07048f298bae3ec73447a92cdc2dfd2e44d10ae1164b6d50db68ec5ab4b2766", "asset_id": "94720102345103978732985991591541449349105398685307981352929740529082927790385", "timestamp": "1769384410510", "hash": "907906c859f7cf9cbfcf3c9795d23f6bd725886f", "bids": [{"price": "0.01", "size": "80"}, {"price": "0.02", "size": "525.62"}, {"price": "0.03", "size": "16.25"}, {"price": "0.04", "size": "250"}, {"price": "0.05", "size": "222"}, {"price": "0.06", "size": "848.75"}], "asks": [{"price": "0.99", "size": "510008.17"}, {"price": "0.98", "size": "5007.7"}, {"price": "0.97", "size": "30000"}, {"price": "0.96", "size": "5.22"}, {"price": "0.95", "size": "30"}, {"price": "0.94", "size": "33"}, {"price": "0.93", "size": "6.41"}, {"price": "0.91", "size": "400"}, {"price": "0.89", "size": "9000"}, {"price": "0.86", "size": "242.85"}, {"price": "0.85", "size": "1066"}, {"price": "0.84", "size": "6.91"}, {"price": "0.81", "size": "168.42"}, {"price": "0.8", "size": "800"}, {"price": "0.79", "size": "1998"}, {"price": "0.77", "size": "121.73"}, {"price": "0.72", "size": "92.85"}, {"price": "0.67", "size": "72.72"}, {"price": "0.66", "size": "1764"}, {"price": "0.65", "size": "4648"}, {"price": "0.64", "size": "300"}, {"price": "0.62", "size": "52.63"}, {"price": "0.61", "size": "20"}, {"price": "0.46", "size": "5"}, {"price": "0.1", "size": "5"}, {"price": "0.09", "size": "255"}, {"price": "0.08", "size": "367.62"}, {"price": "0.07", "size": "845.24"}], "event_type": "book", "last_trade_price": ""}]}
{"_local_timestamp": "2026-01-25T23:40:43.197687+00:00", "data": {"market": "0x6f56cdf896a8cdb2552661dd7b3d54dab6ef418d5be0d8a96dea3f16cbf31632", "price_changes": [{"asset_id": "12372043962778394976024486768688292040496139295686161489871763438144310710290", "price": "0.05", "size": "499.33", "side": "BUY", "hash": "12a4c0e4ad03d37f8c63e0ddc0e45082abdeb2d1", "best_bid": "0.06", "best_ask": "0.09"}, {"asset_id": "37806907368043161074949113436745462734936336037202698916361016094424427186209", "price": "0.95", "size": "499.33", "side": "SELL", "hash": "62dcd7c5d59e586daf1cda3a93c816eb4d13f7fb", "best_bid": "0.91", "best_ask": "0.94"}], "timestamp": "1769384443127", "event_type": "price_change"}}
{"_local_timestamp": "2026-01-25T23:41:08.952930+00:00", "data": {"market": "0x6f56cdf896a8cdb2552661dd7b3d54dab6ef418d5be0d8a96dea3f16cbf31632", "price_changes": [{"asset_id": "12372043962778394976024486768688292040496139295686161489871763438144310710290", "price": "0.03", "size": "224.74", "side": "BUY", "hash": "a8ba4fa3d4a33812823a5c88457b28b02b65e767", "best_bid": "0.06", "best_ask": "0.09"}, {"asset_id": "37806907368043161074949113436745462734936336037202698916361016094424427186209", "price": "0.97", "size": "224.74", "side": "SELL", "hash": "bb60682a63e2965edb1315ee270cec18356f40bd", "best_bid": "0.91", "best_ask": "0.94"}], "timestamp": "1769384468876", "event_type": "price_change"}}
{"_local_timestamp": "2026-01-25T23:41:08.953803+00:00", "data": {"market": "0xc07048f298bae3ec73447a92cdc2dfd2e44d10ae1164b6d50db68ec5ab4b2766", "price_changes": [{"asset_id": "89749451189659806236078281140753717284965641684284805325103046978904196883787", "price": "0.55", "size": "400", "side": "BUY", "hash": "ab4806c6a59abf8a4d81917795413fd130a9ae40", "best_bid": "0.93", "best_ask": "0.94"}, {"asset_id": "94720102345103978732985991591541449349105398685307981352929740529082927790385", "price": "0.45", "size": "400", "side": "SELL", "hash": "2e0491c3ba4e0571fe6d582c9e899f5054ea5343", "best_bid": "0.06", "best_ask": "0.07"}], "timestamp": "1769384468876", "event_type": "price_change"}}
{"_local_timestamp": "2026-01-25T23:41:08.954071+00:00", "data": {"market": "0x6f56cdf896a8cdb2552661dd7b3d54dab6ef418d5be0d8a96dea3f16cbf31632", "price_changes": [{"asset_id": "12372043962778394976024486768688292040496139295686161489871763438144310710290", "price": "0.05", "size": "899.33", "side": "BUY", "hash": "93d30a592aa941eec79a4b915cc0fc1aec9bc309", "best_bid": "0.06", "best_ask": "0.09"}, {"asset_id": "37806907368043161074949113436745462734936336037202698916361016094424427186209", "price": "0.95", "size": "899.33", "side": "SELL", "hash": "9e2e91bea6eb8b9db8a72fc8ef33dee707f76fa8", "best_bid": "0.91", "best_ask": "0.94"}], "timestamp": "1769384468877", "event_type": "price_change"}}
{"_local_timestamp": "2026-01-25T23:41:08.954322+00:00", "data": {"market": "0xc07048f298bae3ec73447a92cdc2dfd2e44d10ae1164b6d50db68ec5ab4b2766", "price_changes": [{"asset_id": "89749451189659806236078281140753717284965641684284805325103046978904196883787", "price": "0.54", "size": "405", "side": "BUY", "hash": "e2579b2c347cb0e4fa5af034e33914549ea4fe8a", "best_bid": "0.93", "best_ask": "0.94"}, {"asset_id": "94720102345103978732985991591541449349105398685307981352929740529082927790385", "price": "0.46", "size": "405", "side": "SELL", "hash": "31c762585d375642abf2c702ebafc728bddc476c", "best_bid": "0.06", "best_ask": "0.07"}], "timestamp": "1769384468877", "event_type": "price_change"}}
{"_local_timestamp": "2026-01-25T23:41:09.426184+00:00", "data": {"market": "0xc07048f298bae3ec73447a92cdc2dfd2e44d10ae1164b6d50db68ec5ab4b2766", "price_changes": [{"asset_id": "89749451189659806236078281140753717284965641684284805325103046978904196883787", "price": "0.92", "size": "802.32", "side": "BUY", "hash": "b22f06f69b8298060f0aa65ca9285660882e66da", "best_bid": "0.93", "best_ask": "0.94"}, {"asset_id": "94720102345103978732985991591541449349105398685307981352929740529082927790385", "price": "0.08", "size": "802.32", "side": "SELL", "hash": "10d13880ff6b5b8db935e3d702afcb369aab68cd", "best_bid": "0.06", "best_ask": "0.07"}], "timestamp": "1769384469353", "event_type": "price_change"}}
{"_local_timestamp": "2026-01-25T23:41:09.566111+00:00", "data": {"market": "0xc07048f298bae3ec73447a92cdc2dfd2e44d10ae1164b6d50db68ec5ab4b2766", "price_changes": [{"asset_id": "89749451189659806236078281140753717284965641684284805325103046978904196883787", "price": "0.92", "size": "367.62", "side": "BUY", "hash": "de889fa64c7cc5871a59032ad9f3fb7e6d5977de", "best_bid": "0.93", "best_ask": "0.94"}, {"asset_id": "94720102345103978732985991591541449349105398685307981352929740529082927790385", "price": "0.08", "size": "367.62", "side": "SELL", "hash": "301cdb95be4dac4bf3d84aeacaf3beb3b42bd123", "best_bid": "0.06", "best_ask": "0.07"}], "timestamp": "1769384469497", "event_type": "price_change"}}
{"_local_timestamp": "2026-01-25T23:41:13.177291+00:00", "data": {"market": "0xc07048f298bae3ec73447a92cdc2dfd2e44d10ae1164b6d50db68ec5ab4b2766", "price_changes": [{"asset_id": "89749451189659806236078281140753717284965641684284805325103046978904196883787", "price": "0.9", "size": "25", "side": "BUY", "hash": "9e2653c779246ad1fb2a1f91256b35b1c40057b9", "best_bid": "0.93", "best_ask": "0.94"}, {"asset_id": "94720102345103978732985991591541449349105398685307981352929740529082927790385", "price": "0.1", "size": "25", "side": "SELL", "hash": "03c28535453af58845fb1e25cc0a83908e70ff50", "best_bid": "0.06", "best_ask": "0.07"}], "timestamp": "1769384473111", "event_type": "price_change"}}
{"_local_timestamp": "2026-01-25T23:41:14.644828+00:00", "data": {"market": "0xc07048f298bae3ec73447a92cdc2dfd2e44d10ae1164b6d50db68ec5ab4b2766", "price_changes": [{"asset_id": "89749451189659806236078281140753717284965641684284805325103046978904196883787", "price": "0.21", "size": "0", "side": "BUY", "hash": "66f2882a29e3f6a21da49f48cc464d8c55836aa6", "best_bid": "0.93", "best_ask": "0.94"}, {"asset_id": "94720102345103978732985991591541449349105398685307981352929740529082927790385", "price": "0.79", "size": "0", "side": "SELL", "hash": "f7702a82a442d44f1ead8d4f205cbe63b272635f", "best_bid": "0.06", "best_ask": "0.07"}], "timestamp": "1769384474530", "event_type": "price_change"}}
{"_local_timestamp": "2026-01-25T23:41:14.735631+00:00", "data": {"market": "0x6f56cdf896a8cdb2552661dd7b3d54dab6ef418d5be0d8a96dea3f16cbf31632", "price_changes": [{"asset_id": "37806907368043161074949113436745462734936336037202698916361016094424427186209", "price": "0.21", "size": "0", "side": "BUY", "hash": "258d880b9f9fb8ca59840c66969afcf2be205160", "best_bid": "0.91", "best_ask": "0.94"}, {"asset_id": "12372043962778394976024486768688292040496139295686161489871763438144310710290", "price": "0.79", "size": "0", "side": "SELL", "hash": "07beaace6b01d5589217d6fafe43f809c0ed2aa2", "best_bid": "0.06", "best_ask": "0.09"}], "timestamp": "1769384474534", "event_type": "price_change"}}
{"_local_timestamp": "2026-01-25T23:41:14.911273+00:00", "data": {"market": "0xc07048f298bae3ec73447a92cdc2dfd2e44d10ae1164b6d50db68ec5ab4b2766", "price_changes": [{"asset_id": "89749451189659806236078281140753717284965641684284805325103046978904196883787", "price": "0.39", "size": "0", "side": "BUY", "hash": "ac0fd30674beb73d327759a766490ee9ac7fb565", "best_bid": "0.93", "best_ask": "0.94"}, {"asset_id": "94720102345103978732985991591541449349105398685307981352929740529082927790385", "price": "0.61", "size": "0", "side": "SELL", "hash": "4882049d071f8d031be385d825f55f8321b00eea", "best_bid": "0.06", "best_ask": "0.07"}], "timestamp": "1769384474760", "event_type": "price_change"}}
{"_local_timestamp": "2026-01-25T23:41:14.948694+00:00", "data": {"market": "0xc07048f298bae3ec73447a92cdc2dfd2e44d10ae1164b6d50db68ec5ab4b2766", "price_changes": [{"asset_id": "89749451189659806236078281140753717284965641684284805325103046978904196883787", "price": "0.56", "size": "20", "side": "BUY", "hash": "c925b8b32cf4ebb29428c34ee2f3655402f84dc9", "best_bid": "0.93", "best_ask": "0.94"}, {"asset_id": "94720102345103978732985991591541449349105398685307981352929740529082927790385", "price": "0.44", "size": "20", "side": "SELL", "hash": "a0992e30557e0910d1c106538fd4a6ce38e5a344", "best_bid": "0.06", "best_ask": "0.07"}], "timestamp": "1769384474788", "event_type": "price_change"}}
{"_local_timestamp": "2026-01-25T23:41:20.406853+00:00", "data": {"market": "0xc07048f298bae3ec73447a92cdc2dfd2e44d10ae1164b6d50db68ec5ab4b2766", "price_changes": [{"asset_id": "94720102345103978732985991591541449349105398685307981352929740529082927790385", "price": "0.04", "size": "812.5", "side": "BUY", "hash": "fbaf83c9ff44d7540544d1aafb4a2688d9f06570", "best_bid": "0.06", "best_ask": "0.07"}, {"asset_id": "89749451189659806236078281140753717284965641684284805325103046978904196883787", "price": "0.96", "size": "812.5", "side": "SELL", "hash": "41382461a4e8aaaf93b4d14519591096ea5feab3", "best_bid": "0.93", "best_ask": "0.94"}], "timestamp": "1769384480248", "event_type": "price_change"}}
{"_local_timestamp": "2026-01-25T23:41:29.444989+00:00", "data": {"market": "0x6f56cdf896a8cdb2552661dd7b3d54dab6ef418d5be0d8a96dea3f16cbf31632", "price_changes": [{"asset_id": "12372043962778394976024486768688292040496139295686161489871763438144310710290", "price": "0.04", "size": "110", "side": "BUY", "hash": "dd17cd7cc93c45bf223ab549e2f4fb484e1fdb12", "best_bid": "0.06", "best_ask": "0.09"}, {"asset_id": "37806907368043161074949113436745462734936336037202698916361016094424427186209", "price": "0.96", "size": "110", "side": "SELL", "hash": "a2be141ef4417291b5d3c796e73cc44e5096112e", "best_bid": "0.91", "best_ask": "0.94"}], "timestamp": "1769384489330", "event_type": "price_change"}}
{"_local_timestamp": "2026-01-25T23:41:29.449909+00:00", "data": {"market": "0x6f56cdf896a8cdb2552661dd7b3d54dab6ef418d5be0d8a96dea3f16cbf31632", "price_changes": [{"asset_id": "12372043962778394976024486768688292040496139295686161489871763438144310710290", "price": "0.03", "size": "24.74", "side": "BUY", "hash": "dd17cd7cc93c45bf223ab549e2f4fb484e1fdb12", "best_bid": "0.06", "best_ask": "0.09"}, {"asset_id": "37806907368043161074949113436745462734936336037202698916361016094424427186209", "price": "0.97", "size": "24.74", "side": "SELL", "hash": "a2be141ef4417291b5d3c796e73cc44e5096112e", "best_bid": "0.91", "best_ask": "0.94"}], "timestamp": "1769384489330", "event_type": "price_change"}}
{"_local_timestamp": "2026-01-25T23:41:29.888632+00:00", "data": {"market": "0x6f56cdf896a8cdb2552661dd7b3d54dab6ef418d5be0d8a96dea3f16cbf31632", "price_changes": [{"asset_id": "37806907368043161074949113436745462734936336037202698916361016094424427186209", "price": "0.9", "size": "805.4", "side": "BUY", "hash": "773cfa610f30e0b35d98d78d3722232462c1c052", "best_bid": "0.91", "best_ask": "0.94"}, {"asset_id": "12372043962778394976024486768688292040496139295686161489871763438144310710290", "price": "0.1", "size": "805.4", "side": "SELL", "hash": "0c964e7dd8255863217ecd21324c79873a2b3a16", "best_bid": "0.06", "best_ask": "0.09"}], "timestamp": "1769384489767", "event_type": "price_change"}}
{"_local_timestamp": "2026-01-25T23:41:30.075023+00:00", "data": {"market": "0x6f56cdf896a8cdb2552661dd7b3d54dab6ef418d5be0d8a96dea3f16cbf31632", "price_changes": [{"asset_id": "37806907368043161074949113436745462734936336037202698916361016094424427186209", "price": "0.9", "size": "361", "side": "BUY", "hash": "46e277a5ec5ff23fb435e47d536cb2ce0a2479fe", "best_bid": "0.91", "best_ask": "0.94"}, {"asset_id": "12372043962778394976024486768688292040496139295686161489871763438144310710290", "price": "0.1", "size": "361", "side": "SELL", "hash": "93c688f874cf1870fd61a2b298674b47a0b975f6", "best_bid": "0.06", "best_ask": "0.09"}], "timestamp": "1769384489945", "event_type": "price_change"}}
{"_local_timestamp": "2026-01-25T23:41:49.060942+00:00", "data": {"market": "0xc07048f298bae3ec73447a92cdc2dfd2e44d10ae1164b6d50db68ec5ab4b2766", "price_changes": [{"asset_id": "89749451189659806236078281140753717284965641684284805325103046978904196883787", "price": "0.55", "size": "0", "side": "BUY", "hash": "a8794175f49619a85838549b9e7da6cd42b5202b", "best_bid": "0.93", "best_ask": "0.94"}, {"asset_id": "94720102345103978732985991591541449349105398685307981352929740529082927790385", "price": "0.45", "size": "0", "side": "SELL", "hash": "71944d6354af0a61a3f2b54390ee94f8c2233ee3", "best_bid": "0.06", "best_ask": "0.07"}], "timestamp": "1769384508969", "event_type": "price_change"}}
{"_local_timestamp": "2026-01-25T23:41:49.061948+00:00", "data": {"market": "0xc07048f298bae3ec73447a92cdc2dfd2e44d10ae1164b6d50db68ec5ab4b2766", "price_changes": [{"asset_id": "89749451189659806236078281140753717284965641684284805325103046978904196883787", "price": "0.54", "size": "5", "side": "BUY", "hash": "a8794175f49619a85838549b9e7da6cd42b5202b", "best_bid": "0.93", "best_ask": "0.94"}, {"asset_id": "94720102345103978732985991591541449349105398685307981352929740529082927790385", "price": "0.46", "size": "5", "side": "SELL", "hash": "71944d6354af0a61a3f2b54390ee94f8c2233ee3", "best_bid": "0.06", "best_ask": "0.07"}], "timestamp": "1769384508969", "event_type": "price_change"}}
{"_local_timestamp": "2026-01-25T23:41:52.254284+00:00", "data": {"market": "0xc07048f298bae3ec73447a92cdc2dfd2e44d10ae1164b6d50db68ec5ab4b2766", "price_changes": [{"asset_id": "89749451189659806236078281140753717284965641684284805325103046978904196883787", "price": "0.56", "size": "0", "side": "BUY", "hash": "1cf69a056915bc635149dca0498e6bc49a314516", "best_bid": "0.93", "best_ask": "0.94"}, {"asset_id": "94720102345103978732985991591541449349105398685307981352929740529082927790385", "price": "0.44", "size": "0", "side": "SELL", "hash": "329be2312e881491f16126572d816aaae84ac12d", "best_bid": "0.06", "best_ask": "0.07"}], "timestamp": "1769384512189", "event_type": "price_change"}}
{"_local_timestamp": "2026-01-25T23:41:52.287335+00:00", "data": {"market": "0xc07048f298bae3ec73447a92cdc2dfd2e44d10ae1164b6d50db68ec5ab4b2766", "price_changes": [{"asset_id": "89749451189659806236078281140753717284965641684284805325103046978904196883787", "price": "0.39", "size": "20", "side": "BUY", "hash": "74b58ef0b17ef89ada26777ed03e8dab8dddf5a9", "best_bid": "0.93", "best_ask": "0.94"}, {"asset_id": "94720102345103978732985991591541449349105398685307981352929740529082927790385", "price": "0.61", "size": "20", "side": "SELL", "hash": "cc9232139b6c89c2c2e7bebab760f9e33abaf5db", "best_bid": "0.06", "best_ask": "0.07"}], "timestamp": "1769384512221", "event_type": "price_change"}}
{"_local_timestamp": "2026-01-25T23:42:05.181062+00:00", "data": {"market": "0xc07048f298bae3ec73447a92cdc2dfd2e44d10ae1164b6d50db68ec5ab4b2766", "price_changes": [{"asset_id": "89749451189659806236078281140753717284965641684284805325103046978904196883787", "price": "0.23", "size": "1947.73", "side": "BUY", "hash": "228462040ee5ef0865b5b126065b9c812730e786", "best_bid": "0.93", "best_ask": "0.94"}, {"asset_id": "94720102345103978732985991591541449349105398685307981352929740529082927790385", "price": "0.77", "size": "1947.73", "side": "SELL", "hash": "81bf36ca6fdc63474963d95b770fa44a68405c19", "best_bid": "0.06", "best_ask": "0.07"}], "timestamp": "1769384525099", "event_type": "price_change"}}
{"_local_timestamp": "2026-01-25T23:42:11.767250+00:00", "data": {"market": "0x6f56cdf896a8cdb2552661dd7b3d54dab6ef418d5be0d8a96dea3f16cbf31632", "price_changes": [{"asset_id": "12372043962778394976024486768688292040496139295686161489871763438144310710290", "price": "0.02", "size": "250", "side": "BUY", "hash": "a272e10d4c3c726c77e91824c7a961039359c5d5", "best_bid": "0.06", "best_ask": "0.09"}, {"asset_id": "37806907368043161074949113436745462734936336037202698916361016094424427186209", "price": "0.98", "size": "250", "side": "SELL", "hash": "0f0f3078d8b377e55e5c858228a13b671c42dd38", "best_bid": "0.91", "best_ask": "0.94"}], "timestamp": "1769384531703", "event_type": "price_change"}}
{"_local_timestamp": "2026-01-25T23:42:11.776615+00:00", "data": {"market": "0x6f56cdf896a8cdb2552661dd7b3d54dab6ef418d5be0d8a96dea3f16cbf31632", "price_changes": [{"asset_id": "12372043962778394976024486768688292040496139295686161489871763438144310710290", "price": "0.03", "size": "11.12", "side": "BUY", "hash": "a272e10d4c3c726c77e91824c7a961039359c5d5", "best_bid": "0.06", "best_ask": "0.09"}, {"asset_id": "37806907368043161074949113436745462734936336037202698916361016094424427186209", "price": "0.97", "size": "11.12", "side": "SELL", "hash": "0f0f3078d8b377e55e5c858228a13b671c42dd38", "best_bid": "0.91", "best_ask": "0.94"}], "timestamp": "1769384531703", "event_type": "price_change"}}
{"_local_timestamp": "2026-01-25T23:42:12.606315+00:00", "data": {"market": "0x6f56cdf896a8cdb2552661dd7b3d54dab6ef418d5be0d8a96dea3f16cbf31632", "price_changes": [{"asset_id": "12372043962778394976024486768688292040496139295686161489871763438144310710290", "price": "0.03", "size": "24.74", "side": "BUY", "hash": "57eca650d7cd170a7fb6c4cf1f4a5182adb98b81", "best_bid": "0.06", "best_ask": "0.09"}, {"asset_id": "37806907368043161074949113436745462734936336037202698916361016094424427186209", "price": "0.97", "size": "24.74", "side": "SELL", "hash": "4545b6ad3bc9fb1cff2c42b37e1b5be2b6e78399", "best_bid": "0.91", "best_ask": "0.94"}], "timestamp": "1769384532544", "event_type": "price_change"}}
{"_local_timestamp": "2026-01-25T23:42:12.606681+00:00", "data": {"market": "0x6f56cdf896a8cdb2552661dd7b3d54dab6ef418d5be0d8a96dea3f16cbf31632", "price_changes": [{"asset_id": "12372043962778394976024486768688292040496139295686161489871763438144310710290", "price": "0.06", "size": "117.18", "side": "BUY", "hash": "ff6455d42054a2bdfc3d7010caabc1ba1d044d12", "best_bid": "0.06", "best_ask": "0.09"}, {"asset_id": "37806907368043161074949113436745462734936336037202698916361016094424427186209", "price": "0.94", "size": "117.18", "side": "SELL", "hash": "ceb5b6ab4b9b2accd7512b47db2fd66f10c04b78", "best_bid": "0.91", "best_ask": "0.94"}], "timestamp": "1769384532545", "event_type": "price_change"}}
{"_local_timestamp": "2026-01-25T23:42:12.610918+00:00", "data": {"market": "0x6f56cdf896a8cdb2552661dd7b3d54dab6ef418d5be0d8a96dea3f16cbf31632", "price_changes": [{"asset_id": "12372043962778394976024486768688292040496139295686161489871763438144310710290", "price": "0.02", "size": "271.76", "side": "BUY", "hash": "890204ec2b68dbc2778a7a70d697e42be69c1dc7", "best_bid": "0.06", "best_ask": "0.09"}, {"asset_id": "37806907368043161074949113436745462734936336037202698916361016094424427186209", "price": "0.98", "size": "271.76", "side": "SELL", "hash": "958d209b026443462cc551ebcf31a59a243c042d", "best_bid": "0.91", "best_ask": "0.94"}], "timestamp": "1769384532547", "event_type": "price_change"}}
{"_local_timestamp": "2026-01-25T23:42:13.180616+00:00", "data": {"market": "0x6f56cdf896a8cdb2552661dd7b3d54dab6ef418d5be0d8a96dea3f16cbf31632", "price_changes": [{"asset_id": "12372043962778394976024486768688292040496139295686161489871763438144310710290", "price": "0.06", "size": "111", "side": "BUY", "hash": "63d7ddbdc50e28135f2e22d53c1fcc65ba75b5f1", "best_bid": "0.06", "best_ask": "0.09"}, {"asset_id": "37806907368043161074949113436745462734936336037202698916361016094424427186209", "price": "0.94", "size": "111", "side": "SELL", "hash": "bd7487fb3d483d9e51c449874b4e7b404071e474", "best_bid": "0.91", "best_ask": "0.94"}], "timestamp": "1769384533112", "event_type": "price_change"}}
{"_local_timestamp": "2026-01-25T23:42:47.215666+00:00", "data": {"market": "0xc07048f298bae3ec73447a92cdc2dfd2e44d10ae1164b6d50db68ec5ab4b2766", "price_changes": [{"asset_id": "89749451189659806236078281140753717284965641684284805325103046978904196883787", "price": "0.23", "size": "121.73", "side": "BUY", "hash": "436b5dd9230b7848df42bf937c93ae975a3fc122", "best_bid": "0.93", "best_ask": "0.94"}, {"asset_id": "94720102345103978732985991591541449349105398685307981352929740529082927790385", "price": "0.77", "size": "121.73", "side": "SELL", "hash": "7453b208b72166e7e15b60931c3a131ba3cd0ad5", "best_bid": "0.06", "best_ask": "0.07"}], "timestamp": "1769384566991", "event_type": "price_change"}}
{"_local_timestamp": "2026-01-25T23:42:47.375575+00:00", "data": {"market": "0xc07048f298bae3ec73447a92cdc2dfd2e44d10ae1164b6d50db68ec5ab4b2766", "price_changes": [{"asset_id": "89749451189659806236078281140753717284965641684284805325103046978904196883787", "price": "0.9", "size": "247", "side": "BUY", "hash": "c835169892189da55dc3346b7e711a9045ff8e41", "best_bid": "0.93", "best_ask": "0.94"}, {"asset_id": "94720102345103978732985991591541449349105398685307981352929740529082927790385", "price": "0.1", "size": "247", "side": "SELL", "hash": "d60ec7827508d60f3bb9a5bc6332221693bed649", "best_bid": "0.06", "best_ask": "0.07"}], "timestamp": "1769384567065", "event_type": "price_change"}}
{"_local_timestamp": "2026-01-25T23:42:48.170488+00:00", "data": {"market": "0xc07048f298bae3ec73447a92cdc2dfd2e44d10ae1164b6d50db68ec5ab4b2766", "price_changes": [{"asset_id": "89749451189659806236078281140753717284965641684284805325103046978904196883787", "price": "0.92", "size": "802.32", "side": "BUY", "hash": "9886d7b1efc1e220183b8d9c55da9ce899c922a5", "best_bid": "0.93", "best_ask": "0.94"}, {"asset_id": "94720102345103978732985991591541449349105398685307981352929740529082927790385", "price": "0.08", "size": "802.32", "side": "SELL", "hash": "868402bc106a9bedff9424b6cc8c912212b420f2", "best_bid": "0.06", "best_ask": "0.07"}], "timestamp": "1769384567990", "event_type": "price_change"}}
{"_local_timestamp": "2026-01-25T23:42:48.466673+00:00", "data": {"market": "0xc07048f298bae3ec73447a92cdc2dfd2e44d10ae1164b6d50db68ec5ab4b2766", "price_changes": [{"asset_id": "89749451189659806236078281140753717284965641684284805325103046978904196883787", "price": "0.92", "size": "367.62", "side": "BUY", "hash": "ab29ab06c3bbf915e7a8d9b5c69c0619038b3000", "best_bid": "0.93", "best_ask": "0.94"}, {"asset_id": "94720102345103978732985991591541449349105398685307981352929740529082927790385", "price": "0.08", "size": "367.62", "side": "SELL", "hash": "098186ca571254c3bc2654ee3d156bc48c15b873", "best_bid": "0.06", "best_ask": "0.07"}], "timestamp": "1769384568284", "event_type": "price_change"}}
{"_local_timestamp": "2026-01-25T23:42:54.824399+00:00", "data": {"market": "0xc07048f298bae3ec73447a92cdc2dfd2e44d10ae1164b6d50db68ec5ab4b2766", "price_changes": [{"asset_id": "89749451189659806236078281140753717284965641684284805325103046978904196883787", "price": "0.21", "size": "1998", "side": "BUY", "hash": "ee52085a14ecf1887b25e3fab39c1c34a0dca089", "best_bid": "0.93", "best_ask": "0.94"}, {"asset_id": "94720102345103978732985991591541449349105398685307981352929740529082927790385", "price": "0.79", "size": "1998", "side": "SELL", "hash": "f0d16f4821f01e01b31ba2583527f4e95a1538d1", "best_bid": "0.06", "best_ask": "0.07"}], "timestamp": "1769384574641", "event_type": "price_change"}}
{"_local_timestamp": "2026-01-25T23:42:55.701572+00:00", "data": {"market": "0xc07048f298bae3ec73447a92cdc2dfd2e44d10ae1164b6d50db68ec5ab4b2766", "price_changes": [{"asset_id": "94720102345103978732985991591541449349105398685307981352929740529082927790385", "price": "0.02", "size": "500", "side": "BUY", "hash": "e47160371610e18f2721ea4a85bbf5748124463c", "best_bid": "0.06", "best_ask": "0.07"}, {"asset_id": "89749451189659806236078281140753717284965641684284805325103046978904196883787", "price": "0.98", "size": "500", "side": "SELL", "hash": "647dc3a307b23dc6870a5baf5c0dace26175835c", "best_bid": "0.93", "best_ask": "0.94"}], "timestamp": "1769384575542", "event_type": "price_change"}}
{"_local_timestamp": "2026-01-25T23:42:55.711397+00:00", "data": {"market": "0xc07048f298bae3ec73447a92cdc2dfd2e44d10ae1164b6d50db68ec5ab4b2766", "price_changes": [{"asset_id": "94720102345103978732985991591541449349105398685307981352929740529082927790385", "price": "0.03", "size": "0", "side": "BUY", "hash": "e47160371610e18f2721ea4a85bbf5748124463c", "best_bid": "0.06", "best_ask": "0.07"}, {"asset_id": "89749451189659806236078281140753717284965641684284805325103046978904196883787", "price": "0.97", "size": "0", "side": "SELL", "hash": "647dc3a307b23dc6870a5baf5c0dace26175835c", "best_bid": "0.93", "best_ask": "0.94"}], "timestamp": "1769384575542", "event_type": "price_change"}}
{"_local_timestamp": "2026-01-25T23:42:59.104143+00:00", "data": {"market": "0xc07048f298bae3ec73447a92cdc2dfd2e44d10ae1164b6d50db68ec5ab4b2766", "price_changes": [{"asset_id": "94720102345103978732985991591541449349105398685307981352929740529082927790385", "price": "0.02", "size": "525.62", "side": "BUY", "hash": "2775c9834e82e1b037d34c26913cea99fea42e77", "best_bid": "0.06", "best_ask": "0.07"}, {"asset_id": "89749451189659806236078281140753717284965641684284805325103046978904196883787", "price": "0.98", "size": "525.62", "side": "SELL", "hash": "d96267c196f25ee82333ff92b02be769c703483a", "best_bid": "0.93", "best_ask": "0.94"}], "timestamp": "1769384578900", "event_type": "price_change"}}
{"_local_timestamp": "2026-01-25T23:42:59.109693+00:00", "data": {"market": "0xc07048f298bae3ec73447a92cdc2dfd2e44d10ae1164b6d50db68ec5ab4b2766", "price_changes": [{"asset_id": "94720102345103978732985991591541449349105398685307981352929740529082927790385", "price": "0.03", "size": "16.25", "side": "BUY", "hash": "ac5c0a34a83fa867a307e803e93c953a24b1c868", "best_bid": "0.06", "best_ask": "0.07"}, {"asset_id": "89749451189659806236078281140753717284965641684284805325103046978904196883787", "price": "0.97", "size": "16.25", "side": "SELL", "hash": "c7ef1addc21f1a1e6592aa456278d81a2b76c52c", "best_bid": "0.93", "best_ask": "0.94"}], "timestamp": "1769384578902", "event_type": "price_change"}}
{"_local_timestamp": "2026-01-25T23:43:45.106452+00:00", "data": {"market": "0x6f56cdf896a8cdb2552661dd7b3d54dab6ef418d5be0d8a96dea3f16cbf31632", "price_changes": [{"asset_id": "37806907368043161074949113436745462734936336037202698916361016094424427186209", "price": "0.21", "size": "1998", "side": "BUY", "hash": "051bdc944dfdac27ea76d616dfcbf8a2152a9787", "best_bid": "0.91", "best_ask": "0.94"}, {"asset_id": "12372043962778394976024486768688292040496139295686161489871763438144310710290", "price": "0.79", "size": "1998", "side": "SELL", "hash": "f07614ed1938e1b90116ef0968762bbbb21eb3f8", "best_bid": "0.06", "best_ask": "0.09"}], "timestamp": "1769384625039", "event_type": "price_change"}}
{"_local_timestamp": "2026-01-25T23:43:45.128458+00:00", "data": {"market": "0xc07048f298bae3ec73447a92cdc2dfd2e44d10ae1164b6d50db68ec5ab4b2766", "price_changes": [{"asset_id": "89749451189659806236078281140753717284965641684284805325103046978904196883787", "price": "0.9", "size": "25", "side": "BUY", "hash": "b3e8d2244f8e7b41383aa619c7f018b72bc04caf", "best_bid": "0.93", "best_ask": "0.94"}, {"asset_id": "94720102345103978732985991591541449349105398685307981352929740529082927790385", "price": "0.1", "size": "25", "side": "SELL", "hash": "921a11c82dec8b7b96291d2ce5f2004e92bba007", "best_bid": "0.06", "best_ask": "0.07"}], "timestamp": "1769384625063", "event_type": "price_change"}}
{"_local_timestamp": "2026-01-25T23:43:45.695756+00:00", "data": {"market": "0x6f56cdf896a8cdb2552661dd7b3d54dab6ef418d5be0d8a96dea3f16cbf31632", "price_changes": [{"asset_id": "37806907368043161074949113436745462734936336037202698916361016094424427186209", "price": "0.9", "size": "805.4", "side": "BUY", "hash": "b85f9722505e511f6b306bef26f8fcc24ac4e382", "best_bid": "0.91", "best_ask": "0.94"}, {"asset_id": "12372043962778394976024486768688292040496139295686161489871763438144310710290", "price": "0.1", "size": "805.4", "side": "SELL", "hash": "21020ef11cae10f6387146d6f3a2f9d8c9ad840b", "best_bid": "0.06", "best_ask": "0.09"}], "timestamp": "1769384625627", "event_type": "price_change"}}
{"_local_timestamp": "2026-01-25T23:43:45.857923+00:00", "data": {"market": "0x6f56cdf896a8cdb2552661dd7b3d54dab6ef418d5be0d8a96dea3f16cbf31632", "price_changes": [{"asset_id": "37806907368043161074949113436745462734936336037202698916361016094424427186209", "price": "0.9", "size": "361", "side": "BUY", "hash": "2b03d3637f95efc8a62f12d488249fbeb9510435", "best_bid": "0.91", "best_ask": "0.94"}, {"asset_id": "12372043962778394976024486768688292040496139295686161489871763438144310710290", "price": "0.1", "size": "361", "side": "SELL", "hash": "892958ee2cca36c9f78c84e2f66a5f9083ae844a", "best_bid": "0.06", "best_ask": "0.09"}], "timestamp": "1769384625777", "event_type": "price_change"}}
{"_local_timestamp": "2026-01-25T23:44:32.437744+00:00", "data": {"market": "0xc07048f298bae3ec73447a92cdc2dfd2e44d10ae1164b6d50db68ec5ab4b2766", "price_changes": [{"asset_id": "89749451189659806236078281140753717284965641684284805325103046978904196883787", "price": "0.21", "size": "0", "side": "BUY", "hash": "fbcc69b59fadcb7e65f8163e149626f4f0967d0d", "best_bid": "0.93", "best_ask": "0.94"}, {"asset_id": "94720102345103978732985991591541449349105398685307981352929740529082927790385", "price": "0.79", "size": "0", "side": "SELL", "hash": "e89f3ec9286b43fadf316b50a9927463a2a0a4bc", "best_bid": "0.06", "best_ask": "0.07"}], "timestamp": "1769384672293", "event_type": "price_change"}}
{"_local_timestamp": "2026-01-25T23:44:32.442382+00:00", "data": {"market": "0x6f56cdf896a8cdb2552661dd7b3d54dab6ef418d5be0d8a96dea3f16cbf31632", "price_changes": [{"asset_id": "37806907368043161074949113436745462734936336037202698916361016094424427186209", "price": "0.21", "size": "0", "side": "BUY", "hash": "2ef5bf190c0c5732af343313f59533d8e7335c1b", "best_bid": "0.91", "best_ask": "0.94"}, {"asset_id": "12372043962778394976024486768688292040496139295686161489871763438144310710290", "price": "0.79", "size": "0", "side": "SELL", "hash": "d539752c25d906d992054e20ba495d18afe189f9", "best_bid": "0.06", "best_ask": "0.09"}], "timestamp": "1769384672297", "event_type": "price_change"}}
{"_local_timestamp": "2026-01-25T23:44:34.110144+00:00", "data": {"market": "0xc07048f298bae3ec73447a92cdc2dfd2e44d10ae1164b6d50db68ec5ab4b2766", "price_changes": [{"asset_id": "89749451189659806236078281140753717284965641684284805325103046978904196883787", "price": "0.92", "size": "802.32", "side": "BUY", "hash": "b2f3422c6cacd06d5930bb62d67acc5e36299c0e", "best_bid": "0.93", "best_ask": "0.94"}, {"asset_id": "94720102345103978732985991591541449349105398685307981352929740529082927790385", "price": "0.08", "size": "802.32", "side": "SELL", "hash": "a95d4018473127abc016672c7b4ecdf32c6b183a", "best_bid": "0.06", "best_ask": "0.07"}], "timestamp": "1769384674029", "event_type": "price_change"}}
{"_local_timestamp": "2026-01-25T23:44:34.126250+00:00", "data": {"market": "0x6f56cdf896a8cdb2552661dd7b3d54dab6ef418d5be0d8a96dea3f16cbf31632", "price_changes": [{"asset_id": "37806907368043161074949113436745462734936336037202698916361016094424427186209", "price": "0.9", "size": "805.4", "side": "BUY", "hash": "ce84b5dbe8117707216ba51c30f0c81c6ae7a9f0", "best_bid": "0.91", "best_ask": "0.94"}, {"asset_id": "12372043962778394976024486768688292040496139295686161489871763438144310710290", "price": "0.1", "size": "805.4", "side": "SELL", "hash": "88a1cfb5de505aa41f132baad45bab45c6e7b1c5", "best_bid": "0.06", "best_ask": "0.09"}], "timestamp": "1769384674046", "event_type": "price_change"}}
{"_local_timestamp": "2026-01-25T23:44:34.277788+00:00", "data": {"market": "0xc07048f298bae3ec73447a92cdc2dfd2e44d10ae1164b6d50db68ec5ab4b2766", "price_changes": [{"asset_id": "89749451189659806236078281140753717284965641684284805325103046978904196883787", "price": "0.92", "size": "367.62", "side": "BUY", "hash": "c4cd2b70d387efd33b9eb4799dd1d176f6bcfdc3", "best_bid": "0.93", "best_ask": "0.94"}, {"asset_id": "94720102345103978732985991591541449349105398685307981352929740529082927790385", "price": "0.08", "size": "367.62", "side": "SELL", "hash": "22995f0af8702abbe93ad8d6f7bf844e281a3a7a", "best_bid": "0.06", "best_ask": "0.07"}], "timestamp": "1769384674200", "event_type": "price_change"}}
{"_local_timestamp": "2026-01-25T23:44:34.278123+00:00", "data": {"market": "0x6f56cdf896a8cdb2552661dd7b3d54dab6ef418d5be0d8a96dea3f16cbf31632", "price_changes": [{"asset_id": "37806907368043161074949113436745462734936336037202698916361016094424427186209", "price": "0.9", "size": "361", "side": "BUY", "hash": "250242d15e793d1641109faa1a3f70423965c658", "best_bid": "0.91", "best_ask": "0.94"}, {"asset_id": "12372043962778394976024486768688292040496139295686161489871763438144310710290", "price": "0.1", "size": "361", "side": "SELL", "hash": "5e42a004ce9c0ffadede8032530c879ddfafe380", "best_bid": "0.06", "best_ask": "0.09"}], "timestamp": "1769384674204", "event_type": "price_change"}}
