{"_local_timestamp": "2026-01-25T23:40:31.896586+00:00", "data": [{"market": "0xc07048f298bae3ec73447a92cdc2dfd2e44d10ae1164b6d50db68ec5ab4b2766", "asset_id": "89749451189659806236078281140753717284965641684284805325103046978904196883787", "timestamp": "1769384410510", "hash": "60781579c2f83ff71e32b8ffb9e800c29866b469", "bids": [{"price": "0.01", "size": "510008.17"}, {"price": "0.02", "size": "5007.7"}, {"price": "0.03", "size": "30000"}, {"price": "0.04", "size": "5.22"}, {"price": "0.05", "size": "30"}, {"price": "0.06", "size": "33"}, {"price": "0.07", "size": "6.41"}, {"price": "0.09", "size": "400"}, {"price": "0.11", "size": "9000"}, {"price": "0.14", "size": "242.85"}, {"price": "0.15", "size": "1066"}, {"price": "0.16", "size": "6.91"}, {"price": "0.19", "size": "168.42"}, {"price": "0.2", "size": "800"}, {"price": "0.21", "size": "1998"}, {"price": "0.23", "size": "121.73"}, {"price": "0.28", "size": "92.85"}, {"price": "0.33", "size": "72.72"}, {"price": "0.34", "size": "1764"}, {"price": "0.35", "size": "4648"}, {"price": "0.36", "size": "300"}, {"price": "0.38", "size": "52.63"}, {"price": "0.39", "size": "20"}, {"price": "0.54", "size": "5"}, {"price": "0.9", "size": "5"}, {"price": "0.91", "size": "255"}, {"price": "0.92", "size": "367.62"}, {"price": "0.93", "size": "845.24"}], "asks": [{"price": "0.99", "size": "80"}, {"price": "0.98", "size": "525.62"}, {"price": "0.97", "size": "16.25"}, {"price": "0.96", "size": "250"}, {"price": "0.95", "size": "222"}, {"price": "0.94", "size": "848.75"}], "event_type": "book", "last_trade_price": ""}, {"market": "0x6f56cdf896a8cdb2552661dd7b3d54dab6ef418d5be0d8a96dea3f16cbf31632", "asset_id": "37806907368043161074949113436745462734936336037202698916361016094424427186209", "timestamp": "1769384384486", "hash": "a90861fc0389b92160106b77122a942481ffbdc1", "bids": [{"price": "0.01", "size": "510000"}, {"price": "0.02", "size": "18.48"}, {"price": "0.04", "size": "1000"}, {"price": "0.05", "size": "30"}, {"price": "0.06", "size": "33"}, {"price": "0.09", "size": "400"}, {"price": "0.1", "size": "6.3"}, {"price": "0.11", "size": "6000"}, {"price": "0.14", "size": "242.85"}, {"price": "0.15", "size": "3000"}, {"price": "0.19", "size": "168.42"}, {"price": "0.2", "size": "800"}, {"price": "0.21", "size": "1998"}, {"price": "0.23", "size": "121.73"}, {"price": "0.28", "size": "92.85"}, {"price": "0.33", "size": "72.72"}, {"price": "0.34", "size": "1764"}, {"price": "0.35", "size": "3192"}, {"price": "0.36", "size": "300"}, {"price": "0.37", "size": "54.05"}, {"price": "0.8", "size": "1510"}, {"price": "0.9", "size": "361"}, {"price": "0.91", "size": "222"}], "asks": [{"price": "0.99", "size": "10108.45"}, {"price": "0.98", "size": "271.76"}, {"price": "0.97", "size": "24.74"}, {"price": "0.96", "size": "510"}, {"price": "0.95", "size": "479.33"}, {"price": "0.94", "size": "111"}], "event_type": "book", "last_trade_price": ""}, {"market": "0x6f56cdf896a8cdb2552661dd7b3d54dab6ef418d5be0d8a96dea3f16cbf31632", "asset_id": "12372043962778394976024486768688292040496139295686161489871763438144310710290", "timestamp": "1769384384486", "hash": "c77f6973cd33c590256b76ab3ee7296c78c8cabd", "bids": [{"price": "0.01", "size": "10108.45"}, {"price": "0.02", "size": "271.76"}, {"price": "0.03", "size": "24.74"}, {"price": "0.04", "size": "510"}, {"price": "0.05", "size": "479.33"}, {"price": "0.06", "size": "111"}], "asks": [{"price": "0.99", "size": "510000"}, {"price": "0.98", "size": "18.48"}, {"price": "0.96", "size": "1000"}, {"price": "0.95", "size": "30"}, {"price": "0.94", "size": "33"}, {"price": "0.91", "size": "400"}, {"price": "0.9", "size": "6.3"}, {"price": "0.89", "size": "6000"}, {"price": "0.86", "size": "242.85"}, {"price": "0.85", "size": "3000"}, {"price": "0.81", "size": "168.42"}, {"price": "0.8", "size": "800"}, {"price": "0.79", "size": "1998"}, {"price": "0.77", "size": "121.73"}, {"price": "0.72", "size": "92.85"}, {"price": "0.67", "size": "72.72"}, {"price": "0.66", "size": "1764"}, {"price": "0.65", "size": "3192"}, {"price": "0.64", "size": "300"}, {"price": "0.63", "size": "54.05"}, {"price": "0.2", "size": "1510"}, {"price": "0.1", "size": "361"}, {"price": "0.09", "size": "222"}], "event_type": "book", "last_trade_price": ""}, {"market": "0xc07048f298bae3ec73447a92cdc2dfd2e44d10ae1164b6d50db68ec5ab4b2766", "asset_id": "94720102345103978732985991591541449349105398685307981352929740529082927790385", "timestamp": "1769384410510", "hash": "907906c859f7cf9cbfcf3c9795d23f6bd725886f", "bids": [{"price": "0.01", "size": "80"}, {"price": "0.02", "size": "525.62"}, {"price": "0.03", "size": "16.25"}, {"price": "0.04", "size": "250"}, {"price": "0.05", "size": "222"}, {"price": "0.06", "size": "848.75"}], "asks": [{"price": "0.99", "size": "510008.17"}, {"price": "0.98", "size": "5007.7"}, {"price": "0.97", "size": "30000"}, {"price": "0.96", "size": "5.22"}, {"price": "0.95", "size": "30"}, {"price": "0.94", "size": "33"}, {"price": "0.93", "size": "6.41"}, {"price": "0.91", "size": "400"}, {"price": "0.89", "size": "9000"}, {"price": "0.86", "size": "242.85"}, {"price": "0.85", "size": "1066"}, {"price": "0.84", "size": "6.91"}, {"price": "0.81", "size": "168.42"}, {"price": "0.8", "size": "800"}, {"price": "0.79", "size": "1998"}, {"price": "0.77", "size": "121.73"}, {"price": "0.72", "size": "92.85"}, {"price": "0.67", "size": "72.72"}, {"price": "0.66", "size": "1764"}, {"price": "0.65", "size": "4648"}, {"price": "0.64", "size": "300"}, {"price": "0.62", "size": "52.63"}, {"price": "0.61", "size": "20"}, {"price": "0.46", "size": "5"}, {"price": "0.1", "size": "5"}, {"price": "0.09", "size": "255"}, {"price": "0.08", "size": "367.62"}, {"price": "0.07", "size": "845.24"}], "event_type": "book", "last_trade_price": ""}]}
{"_local_timestamp": "2026-01-25T23:40:43.197687+00:00", "data": {"market": "0x6f56cdf896a8cdb2552661dd7b3d54dab6ef418d5be0d8a96dea3f16cbf31632", "price_changes": [{"asset_id": "12372043962778394976024486768688292040496139295686161489871763438144310710290", "price": "0.05", "size": "499.33", "side": "BUY", "hash": "12a4c0e4ad03d37f8c63e0ddc0e45082abdeb2d1", "best_bid": "0.06", "best_ask": "0.09"}, {"asset_id": "37806907368043161074949113436745462734936336037202698916361016094424427186209", "price": "0.95", "size": "499.33", "side": "SELL", "hash": "62dcd7c5d59e586daf1cda3a93c816eb4d13f7fb", "best_bid": "0.91", "best_ask": "0.94"}], "timestamp": "1769384443127", "event_type": "price_change"}}
{"_local_timestamp": "2026-01-25T23:41:08.952930+00:00", "data": {"market": "0x6f56cdf896a8cdb2552661dd7b3d54dab6ef418d5be0d8a96dea3f16cbf31632", "price_changes": [{"asset_id": "12372043962778394976024486768688292040496139295686161489871763438144310710290", "price": "0.03", "size": "224.74", "side": "BUY", "hash": "a8ba4fa3d4a33812823a5c88457b28b02b65e767", "best_bid": "0.06", "best_ask": "0.09"}, {"asset_id": "37806907368043161074949113436745462734936336037202698916361016094424427186209", "price": "0.97", "size": "224.74", "side": "SELL", "hash": "bb60682a63e2965edb1315ee270cec18356f40bd", "best_bid": "0.91", "best_ask": "0.94"}], "timestamp": "1769384468876", "event_type": "price_change"}}
{"_local_timestamp": "2026-01-25T23:41:08.953803+00:00", "data": {"market": "0xc07048f298bae3ec73447a92cdc2dfd2e44d10ae1164b6d50db68ec5ab4b2766", "price_changes": [{"asset_id": "89749451189659806236078281140753717284965641684284805325103046978904196883787", "price": "0.55", "size": "400", "side": "BUY", "hash": "ab4806c6a59abf8a4d81917795413fd130a9ae40", "best_bid": "0.93", "best_ask": "0.94"}, {"asset_id": "94720102345103978732985991591541449349105398685307981352929740529082927790385", "price": "0.45", "size": "400", "side": "SELL", "hash": "2e0491c3ba4e0571fe6d582c9e899f5054ea5343", "best_bid": "0.06", "best_ask": "0.07"}], "timestamp": "1769384468876", "event_type": "price_change"}}
{"_local_timestamp": "2026-01-25T23:41:08.954071+00:00", "data": {"market": "0x6f56cdf896a8cdb2552661dd7b3d54dab6ef418d5be0d8a96dea3f16cbf31632", "price_changes": [{"asset_id": "12372043962778394976024486768688292040496139295686161489871763438144310710290", "price": "0.05", "size": "899.33", "side": "BUY", "hash": "93d30a592aa941eec79a4b915cc0fc1aec9bc309", "best_bid": "0.06", "best_ask": "0.09"}, {"asset_id": "37806907368043161074949113436745462734936336037202698916361016094424427186209", "price": "0.95", "size": "899.33", "side": "SELL", "hash": "9e2e91bea6eb8b9db8a72fc8ef33dee707f76fa8", "best_bid": "0.91", "best_ask": "0.94"}], "timestamp": "1769384468877", "event_type": "price_change"}}
{"_local_timestamp": "2026-01-25T23:41:08.954322+00:00", "data": {"market": "0xc07048f298bae3ec73447a92cdc2dfd2e44d10ae1164b6d50db68ec5ab4b2766", "price_changes": [{"asset_id": "89749451189659806236078281140753717284965641684284805325103046978904196883787", "price": "0.54", "size": "405", "side": "BUY", "hash": "e2579b2c347cb0e4fa5af034e33914549ea4fe8a", "best_bid": "0.93", "best_ask": "0.94"}, {"asset_id": "94720102345103978732985991591541449349105398685307981352929740529082927790385", "price": "0.46", "size": "405", "side": "SELL", "hash": "31c762585d375642abf2c702ebafc728bddc476c", "best_bid": "0.06", "best_ask": "0.07"}], "timestamp": "1769384468877", "event_type": "price_change"}}
{"_local_timestamp": "2026-01-25T23:41:09.426184+00:00", "data": {"market": "0xc07048f298bae3ec73447a92cdc2dfd2e44d10ae1164b6d50db68ec5ab4b2766", "price_changes": [{"asset_id": "89749451189659806236078281140753717284965641684284805325103046978904196883787", "price": "0.92", "size": "802.32", "side": "BUY", "hash": "b22f06f69b8298060f0aa65ca9285660882e66da", "best_bid": "0.93", "best_ask": "0.94"}, {"asset_id": "94720102345103978732985991591541449349105398685307981352929740529082927790385", "price": "0.08", "size": "802.32", "side": "SELL", "hash": "10d13880ff6b5b8db935e3d702afcb369aab68cd", "best_bid": "0.06", "best_ask": "0.07"}], "timestamp": "1769384469353", "event_type": "price_change"}}
{"_local_timestamp": "2026-01-25T23:41:09.566111+00:00", "data": {"market": "0xc07048f298bae3ec73447a92cdc2dfd2e44d10ae1164b6d50db68ec5ab4b2766", "price_changes": [{"asset_id": "89749451189659806236078281140753717284965641684284805325103046978904196883787", "price": "0.92", "size": "367.62", "side": "BUY", "hash": "de889fa64c7cc5871a59032ad9f3fb7e6d5977de", "best_bid": "0.93", "best_ask": "0.94"}, {"asset_id": "94720102345103978732985991591541449349105398685307981352929740529082927790385", "price": "0.08", "size": "367.62", "side": "SELL", "hash": "301cdb95be4dac4bf3d84aeacaf3beb3b42bd123", "best_bid": "0.06", "best_ask": "0.07"}], "timestamp": "1769384469497", "event_type": "price_change"}}
{"_local_timestamp": "2026-01-25T23:41:13.177291+00:00", "data": {"market": "0xc07048f298bae3ec73447a92cdc2dfd2e44d10ae1164b6d50db68ec5ab4b2766", "price_changes": [{"asset_id": "89749451189659806236078281140753717284965641684284805325103046978904196883787", "price": "0.9", "size": "25", "side": "BUY", "hash": "9e2653c779246ad1fb2a1f91256b35b1c40057b9", "best_bid": "0.93", "best_ask": "0.94"}, {"asset_id": "94720102345103978732985991591541449349105398685307981352929740529082927790385", "price": "0.1", "size": "25", "side": "SELL", "hash": "03c28535453af58845fb1e25cc0a83908e70ff50", "best_bid": "0.06", "best_ask": "0.07"}], "timestamp": "1769384473111", "event_type": "price_change"}}
{"_local_timestamp": "2026-01-25T23:41:14.644828+00:00", "data": {"market": "0xc07048f298bae3ec73447a92cdc2dfd2e44d10ae1164b6d50db68ec5ab4b2766", "price_changes": [{"asset_id": "89749451189659806236078281140753717284965641684284805325103046978904196883787", "price": "0.21", "size": "0", "side": "BUY", "hash": "66f2882a29e3f6a21da49f48cc464d8c55836aa6", "best_bid": "0.93", "best_ask": "0.94"}, {"asset_id": "94720102345103978732985991591541449349105398685307981352929740529082927790385", "price": "0.79", "size": "0", "side": "SELL", "hash": "f7702a82a442d44f1ead8d4f205cbe63b272635f", "best_bid": "0.06", "best_ask": "0.07"}], "timestamp": "1769384474530", "event_type": "price_change"}}
{"_local_timestamp": "2026-01-25T23:41:14.735631+00:00", "data": {"market": "0x6f56cdf896a8cdb2552661dd7b3d54dab6ef418d5be0d8a96dea3f16cbf31632", "price_changes": [{"asset_id": "37806907368043161074949113436745462734936336037202698916361016094424427186209", "price": "0.21", "size": "0", "side": "BUY", "hash": "258d880b9f9fb8ca59840c66969afcf2be205160", "best_bid": "0.91", "best_ask": "0.94"}, {"asset_id": "12372043962778394976024486768688292040496139295686161489871763438144310710290", "price": "0.79", "size": "0", "side": "SELL", "hash": "07beaace6b01d5589217d6fafe43f809c0ed2aa2", "best_bid": "0.06", "best_ask": "0.09"}], "timestamp": "1769384474534", "event_type": "price_change"}}
{"_local_timestamp": "2026-01-25T23:41:14.911273+00:00", "data": {"market": "0xc07048f298bae3ec73447a92cdc2dfd2e44d10ae1164b6d50db68ec5ab4b2766", "price_changes": [{"asset_id": "89749451189659806236078281140753717284965641684284805325103046978904196883787", "price": "0.39", "size": "0", "side": "BUY", "hash": "ac0fd30674beb73d327759a766490ee9ac7fb565", "best_bid": "0.93", "best_ask": "0.94"}, {"asset_id": "94720102345103978732985991591541449349105398685307981352929740529082927790385", "price": "0.61", "size": "0", "side": "SELL", "hash": "4882049d071f8d031be385d825f55f8321b00eea", "best_bid": "0.06", "best_ask": "0.07"}], "timestamp": "1769384474760", "event_type": "price_change"}}
{"_local_timestamp": "2026-01-25T23:41:14.948694+00:00", "data": {"market": "0xc07048f298bae3ec73447a92cdc2dfd2e44d10ae1164b6d50db68ec5ab4b2766", "price_changes": [{"asset_id": "89749451189659806236078281140753717284965641684284805325103046978904196883787", "price": "0.56", "size": "20", "side": "BUY", "hash": "c925b8b32cf4ebb29428c34ee2f3655402f84dc9", "best_bid": "0.93", "best_ask": "0.94"}, {"asset_id": "94720102345103978732985991591541449349105398685307981352929740529082927790385", "price": "0.44", "size": "20", "side": "SELL", "hash": "a0992e30557e0910d1c106538fd4a6ce38e5a344", "best_bid": "0.06", "best_ask": "0.07"}], "timestamp": "1769384474788", "event_type": "price_change"}}
{"_local_timestamp": "2026-01-25T23:41:20.406853+00:00", "data": {"market": "0xc07048f298bae3ec73447a92cdc2dfd2e44d10ae1164b6d50db68ec5ab4b2766", "price_changes": [{"asset_id": "94720102345103978732985991591541449349105398685307981352929740529082927790385", "price": "0.04", "size": "812.5", "side": "BUY", "hash": "fbaf83c9ff44d7540544d1aafb4a2688d9f06570", "best_bid": "0.06", "best_ask": "0.07"}, {"asset_id": "89749451189659806236078281140753717284965641684284805325103046978904196883787", "price": "0.96", "size": "812.5", "side": "SELL", "hash": "41382461a4e8aaaf93b4d14519591096ea5feab3", "best_bid": "0.93", "best_ask": "0.94"}], "timestamp": "1769384480248", "event_type": "price_change"}}
{"_local_timestamp": "2026-01-25T23:41:29.444989+00:00", "data": {"market": "0x6f56cdf896a8cdb2552661dd7b3d54dab6ef418d5be0d8a96dea3f16cbf31632", "price_changes": [{"asset_id": "12372043962778394976024486768688292040496139295686161489871763438144310710290", "price": "0.04", "size": "110", "side": "BUY", "hash": "dd17cd7cc93c45bf223ab549e2f4fb484e1fdb12", "best_bid": "0.06", "best_ask": "0.09"}, {"asset_id": "37806907368043161074949113436745462734936336037202698916361016094424427186209", "price": "0.96", "size": "110", "side": "SELL", "hash": "a2be141ef4417291b5d3c796e73cc44e5096112e", "best_bid": "0.91", "best_ask": "0.94"}], "timestamp": "1769384489330", "event_type": "price_change"}}
{"_local_timestamp": "2026-01-25T23:41:29.449909+00:00", "data": {"market": "0x6f56cdf896a8cdb2552661dd7b3d54dab6ef418d5be0d8a96dea3f16cbf31632", "price_changes": [{"asset_id": "12372043962778394976024486768688292040496139295686161489871763438144310710290", "price": "0.03", "size": "24.74", "side": "BUY", "hash": "dd17cd7cc93c45bf223ab549e2f4fb484e1fdb12", "best_bid": "0.06", "best_ask": "0.09"}, {"asset_id": "37806907368043161074949113436745462734936336037202698916361016094424427186209", "price": "0.97", "size": "24.74", "side": "SELL", "hash": "a2be141ef4417291b5d3c796e73cc44e5096112e", "best_bid": "0.91", "best_ask": "0.94"}], "timestamp": "1769384489330", "event_type": "price_change"}}
{"_local_timestamp": "2026-01-25T23:41:29.888632+00:00", "data": {"market": "0x6f56cdf896a8cdb2552661dd7b3d54dab6ef418d5be0d8a96dea3f16cbf31632", "price_changes": [{"asset_id": "37806907368043161074949113436745462734936336037202698916361016094424427186209", "price": "0.9", "size": "805.4", "side": "BUY", "hash": "773cfa610f30e0b35d98d78d3722232462c1c052", "best_bid": "0.91", "best_ask": "0.94"}, {"asset_id": "12372043962778394976024486768688292040496139295686161489871763438144310710290", "price": "0.1", "size": "805.4", "side": "SELL", "hash": "0c964e7dd8255863217ecd21324c79873a2b3a16", "best_bid": "0.06", "best_ask": "0.09"}], "timestamp": "1769384489767", "event_type": "price_change"}}
{"_local_timestamp": "2026-01-25T23:41:30.075023+00:00", "data": {"market": "0x6f56cdf896a8cdb2552661dd7b3d54dab6ef418d5be0d8a96dea3f16cbf31632", "price_changes": [{"asset_id": "37806907368043161074949113436745462734936336037202698916361016094424427186209", "price": "0.9", "size": "361", "side": "BUY", "hash": "46e277a5ec5ff23fb435e47d536cb2ce0a2479fe", "best_bid": "0.91", "best_ask": "0.94"}, {"asset_id": "12372043962778394976024486768688292040496139295686161489871763438144310710290", "price": "0.1", "size": "361", "side": "SELL", "hash": "93c688f874cf1870fd61a2b298674b47a0b975f6", "best_bid": "0.06", "best_ask": "0.09"}], "timestamp": "1769384489945", "event_type": "price_change"}}
{"_local_timestamp": "2026-01-25T23:41:49.060942+00:00", "data": {"market": "0xc07048f298bae3ec73447a92cdc2dfd2e44d10ae1164b6d50db68ec5ab4b2766", "price_changes": [{"asset_id": "89749451189659806236078281140753717284965641684284805325103046978904196883787", "price": "0.55", "size": "0", "side": "BUY", "hash": "a8794175f49619a85838549b9e7da6cd42b5202b", "best_bid": "0.93", "best_ask": "0.94"}, {"asset_id": "94720102345103978732985991591541449349105398685307981352929740529082927790385", "price": "0.45", "size": "0", "side": "SELL", "hash": "71944d6354af0a61a3f2b54390ee94f8c2233ee3", "best_bid": "0.06", "best_ask": "0.07"}], "timestamp": "1769384508969", "event_type": "price_change"}}
{"_local_timestamp": "2026-01-25T23:41:49.061948+00:00", "data": {"market": "0xc07048f298bae3ec73447a92cdc2dfd2e44d10ae1164b6d50db68ec5ab4b2766", "price_changes": [{"asset_id": "89749451189659806236078281140753717284965641684284805325103046978904196883787", "price": "0.54", "size": "5", "side": "BUY", "hash": "a8794175f49619a85838549b9e7da6cd42b5202b", "best_bid": "0.93", "best_ask": "0.94"}, {"asset_id": "94720102345103978732985991591541449349105398685307981352929740529082927790385", "price": "0.46", "size": "5", "side": "SELL", "hash": "71944d6354af0a61a3f2b54390ee94f8c2233ee3", "best_bid": "0.06", "best_ask": "0.07"}], "timestamp": "1769384508969", "event_type": "price_change"}}
{"_local_timestamp": "2026-01-25T23:41:52.254284+00:00", "data": {"market": "0xc07048f298bae3ec73447a92cdc2dfd2e44d10ae1164b6d50db68ec5ab4b2766", "price_changes": [{"asset_id": "89749451189659806236078281140753717284965641684284805325103046978904196883787", "price": "0.56", "size": "0", "side": "BUY", "hash": "1cf69a056915bc635149dca0498e6bc49a314516", "best_bid": "0.93", "best_ask": "0.94"}, {"asset_id": "94720102345103978732985991591541449349105398685307981352929740529082927790385", "price": "0.44", "size": "0", "side": "SELL", "hash": "329be2312e881491f16126572d816aaae84ac12d", "best_bid": "0.06", "best_ask": "0.07"}], "timestamp": "1769384512189", "event_type": "price_change"}}
{"_local_timestamp": "2026-01-25T23:41:52.287335+00:00", "data": {"market": "0xc07048f298bae3ec73447a92cdc2dfd2e44d10ae1164b6d50db68ec5ab4b2766", "price_changes": [{"asset_id": "89749451189659806236078281140753717284965641684284805325103046978904196883787", "price": "0.39", "size": "20", "side": "BUY", "hash": "74b58ef0b17ef89ada26777ed03e8dab8dddf5a9", "best_bid": "0.93", "best_ask": "0.94"}, {"asset_id": "94720102345103978732985991591541449349105398685307981352929740529082927790385", "price": "0.61", "size": "20", "side": "SELL", "hash": "cc9232139b6c89c2c2e7bebab760f9e33abaf5db", "best_bid": "0.06", "best_ask": "0.07"}], "timestamp": "1769384512221", "event_type": "price_change"}}
{"_local_timestamp": "2026-01-25T23:42:05.181062+00:00", "data": {"market": "0xc07048f298bae3ec73447a92cdc2dfd2e44d10ae1164b6d50db68ec5ab4b2766", "price_changes": [{"asset_id": "89749451189659806236078281140753717284965641684284805325103046978904196883787", "price": "0.23", "size": "1947.73", "side": "BUY", "hash": "228462040ee5ef0865b5b126065b9c812730e786", "best_bid": "0.93", "best_ask": "0.94"}, {"asset_id": "94720102345103978732985991591541449349105398685307981352929740529082927790385", "price": "0.77", "size": "1947.73", "side": "SELL", "hash": "81bf36ca6fdc63474963d95b770fa44a68405c19", "best_bid": "0.06", "best_ask": "0.07"}], "timestamp": "1769384525099", "event_type": "price_change"}}
{"_local_timestamp": "2026-01-25T23:42:11.767250+00:00", "data": {"market": "0x6f56cdf896a8cdb2552661dd7b3d54dab6ef418d5be0d8a96dea3f16cbf31632", "price_changes": [{"asset_id": "12372043962778394976024486768688292040496139295686161489871763438144310710290", "price": "0.02", "size": "250", "side": "BUY", "hash": "a272e10d4c3c726c77e91824c7a961039359c5d5", "best_bid": "0.06", "best_ask": "0.09"}, {"asset_id": "37806907368043161074949113436745462734936336037202698916361016094424427186209", "price": "0.98", "size": "250", "side": "SELL", "hash": "0f0f3078d8b377e55e5c858228a13b671c42dd38", "best_bid": "0.91", "best_ask": "0.94"}], "timestamp": "1769384531703", "event_type": "price_change"}}
{"_local_timestamp": "2026-01-25T23:42:11.776615+00:00", "data": {"market": "0x6f56cdf896a8cdb2552661dd7b3d54dab6ef418d5be0d8a96dea3f16cbf31632", "price_changes": [{"asset_id": "12372043962778394976024486768688292040496139295686161489871763438144310710290", "price": "0.03", "size": "11.12", "side": "BUY", "hash": "a272e10d4c3c726c77e91824c7a961039359c5d5", "best_bid": "0.06", "best_ask": "0.09"}, {"asset_id": "37806907368043161074949113436745462734936336037202698916361016094424427186209", "price": "0.97", "size": "11.12", "side": "SELL", "hash": "0f0f3078d8b377e55e5c858228a13b671c42dd38", "best_bid": "0.91", "best_ask": "0.94"}], "timestamp": "1769384531703", "event_type": "price_change"}}
{"_local_timestamp": "2026-01-25T23:42:12.606315+00:00", "data": {"market": "0x6f56cdf896a8cdb2552661dd7b3d54dab6ef418d5be0d8a96dea3f16cbf31632", "price_changes": [{"asset_id": "12372043962778394976024486768688292040496139295686161489871763438144310710290", "price": "0.03", "size": "24.74", "side": "BUY", "hash": "57eca650d7cd170a7fb6c4cf1f4a5182adb98b81", "best_bid": "0.06", "best_ask": "0.09"}, {"asset_id": "37806907368043161074949113436745462734936336037202698916361016094424427186209", "price": "0.97", "size": "24.74", "side": "SELL", "hash": "4545b6ad3bc9fb1cff2c42b37e1b5be2b6e78399", "best_bid": "0.91", "best_ask": "0.94"}], "timestamp": "1769384532544", "event_type": "price_change"}}
{"_local_timestamp": "2026-01-25T23:42:12.606681+00:00", "data": {"market": "0x6f56cdf896a8cdb2552661dd7b3d54dab6ef418d5be0d8a96dea3f16cbf31632", "price_changes": [{"asset_id": "12372043962778394976024486768688292040496139295686161489871763438144310710290", "price": "0.06", "size": "117.18", "side": "BUY", "hash": "ff6455d42054a2bdfc3d7010caabc1ba1d044d12", "best_bid": "0.06", "best_ask": "0.09"}, {"asset_id": "37806907368043161074949113436745462734936336037202698916361016094424427186209", "price": "0.94", "size": "117.18", "side": "SELL", "hash": "ceb5b6ab4b9b2accd7512b47db2fd66f10c04b78", "best_bid": "0.91", "best_ask": "0.94"}], "timestamp": "1769384532545", "event_type": "price_change"}}
{"_local_timestamp": "2026-01-25T23:42:12.610918+00:00", "data": {"market": "0x6f56cdf896a8cdb2552661dd7b3d54dab6ef418d5be0d8a96dea3f16cbf31632", "price_changes": [{"asset_id": "12372043962778394976024486768688292040496139295686161489871763438144310710290", "price": "0.02", "size": "271.76", "side": "BUY", "hash": "890204ec2b68dbc2778a7a70d697e42be69c1dc7", "best_bid": "0.06", "best_ask": "0.09"}, {"asset_id": "37806907368043161074949113436745462734936336037202698916361016094424427186209", "price": "0.98", "size": "271.76", "side": "SELL", "hash": "958d209b026443462cc551ebcf31a59a243c042d", "best_bid": "0.91", "best_ask": "0.94"}], "timestamp": "1769384532547", "event_type": "price_change"}}
{"_local_timestamp": "2026-01-25T23:42:13.180616+00:00", "data": {"market": "0x6f56cdf896a8cdb2552661dd7b3d54dab6ef418d5be0d8a96dea3f16cbf31632", "price_changes": [{"asset_id": "12372043962778394976024486768688292040496139295686161489871763438144310710290", "price": "0.06", "size": "111", "side": "BUY", "hash": "63d7ddbdc50e28135f2e22d53c1fcc65ba75b5f1", "best_bid": "0.06", "best_ask": "0.09"}, {"asset_id": "37806907368043161074949113436745462734936336037202698916361016094424427186209", "price": "0.94", "size": "111", "side": "SELL", "hash": "bd7487fb3d483d9e51c449874b4e7b404071e474", "best_bid": "0.91", "best_ask": "0.94"}], "timestamp": "1769384533112", "event_type": "price_change"}}
{"_local_timestamp": "2026-01-25T23:42:47.215666+00:00", "data": {"market": "0xc07048f298bae3ec73447a92cdc2dfd2e44d10ae1164b6d50db68ec5ab4b2766", "price_changes": [{"asset_id": "89749451189659806236078281140753717284965641684284805325103046978904196883787", "price": "0.23", "size": "121.73", "side": "BUY", "hash": "436b5dd9230b7848df42bf937c93ae975a3fc122", "best_bid": "0.93", "best_ask": "0.94"}, {"asset_id": "94720102345103978732985991591541449349105398685307981352929740529082927790385", "price": "0.77", "size": "121.73", "side": "SELL", "hash": "7453b208b72166e7e15b60931c3a131ba3cd0ad5", "best_bid": "0.06", "best_ask": "0.07"}], "timestamp": "1769384566991", "event_type": "price_change"}}
{"_local_timestamp": "2026-01-25T23:42:47.375575+00:00", "data": {"market": "0xc07048f298bae3ec73447a92cdc2dfd2e44d10ae1164b6d50db68ec5ab4b2766", "price_changes": [{"asset_id": "89749451189659806236078281140753717284965641684284805325103046978904196883787", "price": "0.9", "size": "247", "side": "BUY", "hash": "c835169892189da55dc3346b7e711a9045ff8e41", "best_bid": "0.93", "best_ask": "0.94"}, {"asset_id": "94720102345103978732985991591541449349105398685307981352929740529082927790385", "price": "0.1", "size": "247", "side": "SELL", "hash": "d60ec7827508d60f3bb9a5bc6332221693bed649", "best_bid": "0.06", "best_ask": "0.07"}], "timestamp": "1769384567065", "event_type": "price_change"}}
{"_local_timestamp": "2026-01-25T23:42:48.170488+00:00", "data": {"market": "0xc07048f298bae3ec73447a92cdc2dfd2e44d10ae1164b6d50db68ec5ab4b2766", "price_changes": [{"asset_id": "89749451189659806236078281140753717284965641684284805325103046978904196883787", "price": "0.92", "size": "802.32", "side": "BUY", "hash": "9886d7b1efc1e220183b8d9c55da9ce899c922a5", "best_bid": "0.93", "best_ask": "0.94"}, {"asset_id": "94720102345103978732985991591541449349105398685307981352929740529082927790385", "price": "0.08", "size": "802.32", "side": "SELL", "hash": "868402bc106a9bedff9424b6cc8c912212b420f2", "best_bid": "0.06", "best_ask": "0.07"}], "timestamp": "1769384567990", "event_type": "price_change"}}
{"_local_timestamp": "2026-01-25T23:42:48.466673+00:00", "data": {"market": "0xc07048f298bae3ec73447a92cdc2dfd2e44d10ae1164b6d50db68ec5ab4b2766", "price_changes": [{"asset_id": "89749451189659806236078281140753717284965641684284805325103046978904196883787", "price": "0.92", "size": "367.62", "side": "BUY", "hash": "ab29ab06c3bbf915e7a8d9b5c69c0619038b3000", "best_bid": "0.93", "best_ask": "0.94"}, {"asset_id": "94720102345103978732985991591541449349105398685307981352929740529082927790385", "price": "0.08", "size": "367.62", "side": "SELL", "hash": "098186ca571254c3bc2654ee3d156bc48c15b873", "best_bid": "0.06", "best_ask": "0.07"}], "timestamp": "1769384568284", "event_type": "price_change"}}
{"_local_timestamp": "2026-01-25T23:42:54.824399+00:00", "data": {"market": "0xc07048f298bae3ec73447a92cdc2dfd2e44d10ae1164b6d50db68ec5ab4b2766", "price_changes": [{"asset_id": "89749451189659806236078281140753717284965641684284805325103046978904196883787", "price": "0.21", "size": "1998", "side": "BUY", "hash": "ee52085a14ecf1887b25e3fab39c1c34a0dca089", "best_bid": "0.93", "best_ask": "0.94"}, {"asset_id": "94720102345103978732985991591541449349105398685307981352929740529082927790385", "price": "0.79", "size": "1998", "side": "SELL", "hash": "f0d16f4821f01e01b31ba2583527f4e95a1538d1", "best_bid": "0.06", "best_ask": "0.07"}], "timestamp": "1769384574641", "event_type": "price_change"}}
{"_local_timestamp": "2026-01-25T23:42:55.701572+00:00", "data": {"market": "0xc07048f298bae3ec73447a92cdc2dfd2e44d10ae1164b6d50db68ec5ab4b2766", "price_changes": [{"asset_id": "94720102345103978732985991591541449349105398685307981352929740529082927790385", "price": "0.02", "size": "500", "side": "BUY", "hash": "e47160371610e18f2721ea4a85bbf5748124463c", "best_bid": "0.06", "best_ask": "0.07"}, {"asset_id": "89749451189659806236078281140753717284965641684284805325103046978904196883787", "price": "0.98", "size": "500", "side": "SELL", "hash": "647dc3a307b23dc6870a5baf5c0dace26175835c", "best_bid": "0.93", "best_ask": "0.94"}], "timestamp": "1769384575542", "event_type": "price_change"}}
{"_local_timestamp": "2026-01-25T23:42:55.711397+00:00", "data": {"market": "0xc07048f298bae3ec73447a92cdc2dfd2e44d10ae1164b6d50db68ec5ab4b2766", "price_changes": [{"asset_id": "94720102345103978732985991591541449349105398685307981352929740529082927790385", "price": "0.03", "size": "0", "side": "BUY", "hash": "e47160371610e18f2721ea4a85bbf5748124463c", "best_bid": "0.06", "best_ask": "0.07"}, {"asset_id": "89749451189659806236078281140753717284965641684284805325103046978904196883787", "price": "0.97", "size": "0", "side": "SELL", "hash": "647dc3a307b23dc6870a5baf5c0dace26175835c", "best_bid": "0.93", "best_ask": "0.94"}], "timestamp": "1769384575542", "event_type": "price_change"}}
{"_local_timestamp": "2026-01-25T23:42:59.104143+00:00", "data": {"market": "0xc07048f298bae3ec73447a92cdc2dfd2e44d10ae1164b6d50db68ec5ab4b2766", "price_changes": [{"asset_id": "94720102345103978732985991591541449349105398685307981352929740529082927790385", "price": "0.02", "size": "525.62", "side": "BUY", "hash": "2775c9834e82e1b037d34c26913cea99fea42e77", "best_bid": "0.06", "best_ask": "0.07"}, {"asset_id": "89749451189659806236078281140753717284965641684284805325103046978904196883787", "price": "0.98", "size": "525.62", "side": "SELL", "hash": "d96267c196f25ee82333ff92b02be769c703483a", "best_bid": "0.93", "best_ask": "0.94"}], "timestamp": "1769384578900", "event_type": "price_change"}}
{"_local_timestamp": "2026-01-25T23:42:59.109693+00:00", "data": {"market": "0xc07048f298bae3ec73447a92cdc2dfd2e44d10ae1164b6d50db68ec5ab4b2766", "price_changes": [{"asset_id": "94720102345103978732985991591541449349105398685307981352929740529082927790385", "price": "0.03", "size": "16.25", "side": "BUY", "hash": "ac5c0a34a83fa867a307e803e93c953a24b1c868", "best_bid": "0.06", "best_ask": "0.07"}, {"asset_id": "89749451189659806236078281140753717284965641684284805325103046978904196883787", "price": "0.97", "size": "16.25", "side": "SELL", "hash": "c7ef1addc21f1a1e6592aa456278d81a2b76c52c", "best_bid": "0.93", "best_ask": "0.94"}], "timestamp": "1769384578902", "event_type": "price_change"}}
{"_local_timestamp": "2026-01-25T23:43:45.106452+00:00", "data": {"market": "0x6f56cdf896a8cdb2552661dd7b3d54dab6ef418d5be0d8a96dea3f16cbf31632", "price_changes": [{"asset_id": "37806907368043161074949113436745462734936336037202698916361016094424427186209", "price": "0.21", "size": "1998", "side": "BUY", "hash": "051bdc944dfdac27ea76d616dfcbf8a2152a9787", "best_bid": "0.91", "best_ask": "0.94"}, {"asset_id": "12372043962778394976024486768688292040496139295686161489871763438144310710290", "price": "0.79", "size": "1998", "side": "SELL", "hash": "f07614ed1938e1b90116ef0968762bbbb21eb3f8", "best_bid": "0.06", "best_ask": "0.09"}], "timestamp": "1769384625039", "event_type": "price_change"}}
{"_local_timestamp": "2026-01-25T23:43:45.128458+00:00", "data": {"market": "0xc07048f298bae3ec73447a92cdc2dfd2e44d10ae1164b6d50db68ec5ab4b2766", "price_changes": [{"asset_id": "89749451189659806236078281140753717284965641684284805325103046978904196883787", "price": "0.9", "size": "25", "side": "BUY", "hash": "b3e8d2244f8e7b41383aa619c7f018b72bc04caf", "best_bid": "0.93", "best_ask": "0.94"}, {"asset_id": "94720102345103978732985991591541449349105398685307981352929740529082927790385", "price": "0.1", "size": "25", "side": "SELL", "hash": "921a11c82dec8b7b96291d2ce5f2004e92bba007", "best_bid": "0.06", "best_ask": "0.07"}], "timestamp": "1769384625063", "event_type": "price_change"}}
{"_local_timestamp": "2026-01-25T23:43:45.695756+00:00", "data": {"market": "0x6f56cdf896a8cdb2552661dd7b3d54dab6ef418d5be0d8a96dea3f16cbf31632", "price_changes": [{"asset_id": "37806907368043161074949113436745462734936336037202698916361016094424427186209", "price": "0.9", "size": "805.4", "side": "BUY", "hash": "b85f9722505e511f6b306bef26f8fcc24ac4e382", "best_bid": "0.91", "best_ask": "0.94"}, {"asset_id": "12372043962778394976024486768688292040496139295686161489871763438144310710290", "price": "0.1", "size": "805.4", "side": "SELL", "hash": "21020ef11cae10f6387146d6f3a2f9d8c9ad840b", "best_bid": "0.06", "best_ask": "0.09"}], "timestamp": "1769384625627", "event_type": "price_change"}}
{"_local_timestamp": "2026-01-25T23:43:45.857923+00:00", "data": {"market": "0x6f56cdf896a8cdb2552661dd7b3d54dab6ef418d5be0d8a96dea3f16cbf31632", "price_changes": [{"asset_id": "37806907368043161074949113436745462734936336037202698916361016094424427186209", "price": "0.9", "size": "361", "side": "BUY", "hash": "2b03d3637f95efc8a62f12d488249fbeb9510435", "best_bid": "0.91", "best_ask": "0.94"}, {"asset_id": "12372043962778394976024486768688292040496139295686161489871763438144310710290", "price": "0.1", "size": "361", "side": "SELL", "hash": "892958ee2cca36c9f78c84e2f66a5f9083ae844a", "best_bid": "0.06", "best_ask": "0.09"}], "timestamp": "1769384625777", "event_type": "price_change"}}
{"_local_timestamp": "2026-01-25T23:44:32.437744+00:00", "data": {"market": "0xc07048f298bae3ec73447a92cdc2dfd2e44d10ae1164b6d50db68ec5ab4b2766", "price_changes": [{"asset_id": "89749451189659806236078281140753717284965641684284805325103046978904196883787", "price": "0.21", "size": "0", "side": "BUY", "hash": "fbcc69b59fadcb7e65f8163e149626f4f0967d0d", "best_bid": "0.93", "best_ask": "0.94"}, {"asset_id": "94720102345103978732985991591541449349105398685307981352929740529082927790385", "price": "0.79", "size": "0", "side": "SELL", "hash": "e89f3ec9286b43fadf316b50a9927463a2a0a4bc", "best_bid": "0.06", "best_ask": "0.07"}], "timestamp": "1769384672293", "event_type": "price_change"}}
{"_local_timestamp": "2026-01-25T23:44:32.442382+00:00", "data": {"market": "0x6f56cdf896a8cdb2552661dd7b3d54dab6ef418d5be0d8a96dea3f16cbf31632", "price_changes": [{"asset_id": "37806907368043161074949113436745462734936336037202698916361016094424427186209", "price": "0.21", "size": "0", "side": "BUY", "hash": "2ef5bf190c0c5732af343313f59533d8e7335c1b", "best_bid": "0.91", "best_ask": "0.94"}, {"asset_id": "12372043962778394976024486768688292040496139295686161489871763438144310710290", "price": "0.79", "size": "0", "side": "SELL", "hash": "d539752c25d906d992054e20ba495d18afe189f9", "best_bid": "0.06", "best_ask": "0.09"}], "timestamp": "1769384672297", "event_type": "price_change"}}
{"_local_timestamp": "2026-01-25T23:44:34.110144+00:00", "data": {"market": "0xc07048f298bae3ec73447a92cdc2dfd2e44d10ae1164b6d50db68ec5ab4b2766", "price_changes": [{"asset_id": "89749451189659806236078281140753717284965641684284805325103046978904196883787", "price": "0.92", "size": "802.32", "side": "BUY", "hash": "b2f3422c6cacd06d5930bb62d67acc5e36299c0e", "best_bid": "0.93", "best_ask": "0.94"}, {"asset_id": "94720102345103978732985991591541449349105398685307981352929740529082927790385", "price": "0.08", "size": "802.32", "side": "SELL", "hash": "a95d4018473127abc016672c7b4ecdf32c6b183a", "best_bid": "0.06", "best_ask": "0.07"}], "timestamp": "1769384674029", "event_type": "price_change"}}
{"_local_timestamp": "2026-01-25T23:44:34.126250+00:00", "data": {"market": "0x6f56cdf896a8cdb2552661dd7b3d54dab6ef418d5be0d8a96dea3f16cbf31632", "price_changes": [{"asset_id": "37806907368043161074949113436745462734936336037202698916361016094424427186209", "price": "0.9", "size": "805.4", "side": "BUY", "hash": "ce84b5dbe8117707216ba51c30f0c81c6ae7a9f0", "best_bid": "0.91", "best_ask": "0.94"}, {"asset_id": "12372043962778394976024486768688292040496139295686161489871763438144310710290", "price": "0.1", "size": "805.4", "side": "SELL", "hash": "88a1cfb5de505aa41f132baad45bab45c6e7b1c5", "best_bid": "0.06", "best_ask": "0.09"}], "timestamp": "1769384674046", "event_type": "price_change"}}
{"_local_timestamp": "2026-01-25T23:44:34.277788+00:00", "data": {"market": "0xc07048f298bae3ec73447a92cdc2dfd2e44d10ae1164b6d50db68ec5ab4b2766", "price_changes": [{"asset_id": "89749451189659806236078281140753717284965641684284805325103046978904196883787", "price": "0.92", "size": "367.62", "side": "BUY", "hash": "c4cd2b70d387efd33b9eb4799dd1d176f6bcfdc3", "best_bid": "0.93", "best_ask": "0.94"}, {"asset_id": "94720102345103978732985991591541449349105398685307981352929740529082927790385", "price": "0.08", "size": "367.62", "side": "SELL", "hash": "22995f0af8702abbe93ad8d6f7bf844e281a3a7a", "best_bid": "0.06", "best_ask": "0.07"}], "timestamp": "1769384674200", "event_type": "price_change"}}
{"_local_timestamp": "2026-01-25T23:44:34.278123+00:00", "data": {"market": "0x6f56cdf896a8cdb2552661dd7b3d54dab6ef418d5be0d8a96dea3f16cbf31632", "price_changes": [{"asset_id": "37806907368043161074949113436745462734936336037202698916361016094424427186209", "price": "0.9", "size": "361", "side": "BUY", "hash": "250242d15e793d1641109faa1a3f70423965c658", "best_bid": "0.91", "best_ask": "0.94"}, {"asset_id": "12372043962778394976024486768688292040496139295686161489871763438144310710290", "price": "0.1", "size": "361", "side": "SELL", "hash": "5e42a004ce9c0ffadede8032530c879ddfafe380", "best_bid": "0.06", "best_ask": "0.09"}], "timestamp": "1769384674204", "event_type": "price_change"}}
{"_local_timestamp": "2026-01-25T23:44:57.042440+00:00", "data": {"market": "0xc07048f298bae3ec73447a92cdc2dfd2e44d10ae1164b6d50db68ec5ab4b2766", "price_changes": [{"asset_id": "89749451189659806236078281140753717284965641684284805325103046978904196883787", "price": "0.91", "size": "155", "side": "BUY", "hash": "a241354c4dcbe3e792f67b553ee2f6d122b918ab", "best_bid": "0.93", "best_ask": "0.94"}, {"asset_id": "94720102345103978732985991591541449349105398685307981352929740529082927790385", "price": "0.09", "size": "155", "side": "SELL", "hash": "2cb7d7b76f3a67dc08a91439f6822256183bb8ec", "best_bid": "0.06", "best_ask": "0.07"}], "timestamp": "1769384696918", "event_type": "price_change"}}
{"_local_timestamp": "2026-01-25T23:44:57.049924+00:00", "data": {"market": "0xc07048f298bae3ec73447a92cdc2dfd2e44d10ae1164b6d50db68ec5ab4b2766", "price_changes": [{"asset_id": "94720102345103978732985991591541449349105398685307981352929740529082927790385", "price": "0.04", "size": "712.5", "side": "BUY", "hash": "737f7852abedc6698f0618aa70c03beaf352f47a", "best_bid": "0.06", "best_ask": "0.07"}, {"asset_id": "89749451189659806236078281140753717284965641684284805325103046978904196883787", "price": "0.96", "size": "712.5", "side": "SELL", "hash": "1219ab14bea19b9c420a1f69fd3e045cde17c334", "best_bid": "0.93", "best_ask": "0.94"}], "timestamp": "1769384696920", "event_type": "price_change"}}
{"_local_timestamp": "2026-01-25T23:45:09.200069+00:00", "data": {"market": "0x6f56cdf896a8cdb2552661dd7b3d54dab6ef418d5be0d8a96dea3f16cbf31632", "price_changes": [{"asset_id": "12372043962778394976024486768688292040496139295686161489871763438144310710290", "price": "0.03", "size": "424.74", "side": "BUY", "hash": "19991753a389e1071ca7ba327ae4caed63080639", "best_bid": "0.06", "best_ask": "0.09"}, {"asset_id": "37806907368043161074949113436745462734936336037202698916361016094424427186209", "price": "0.97", "size": "424.74", "side": "SELL", "hash": "6d7d2083ce7bb9683341705b54204df4e7e61dc1", "best_bid": "0.91", "best_ask": "0.94"}], "timestamp": "1769384709119", "event_type": "price_change"}}
{"_local_timestamp": "2026-01-25T23:45:09.200401+00:00", "data": {"market": "0xc07048f298bae3ec73447a92cdc2dfd2e44d10ae1164b6d50db68ec5ab4b2766", "price_changes": [{"asset_id": "89749451189659806236078281140753717284965641684284805325103046978904196883787", "price": "0.55", "size": "400", "side": "BUY", "hash": "dbb68242531f7863934c433822d41905bd7dde74", "best_bid": "0.93", "best_ask": "0.94"}, {"asset_id": "94720102345103978732985991591541449349105398685307981352929740529082927790385", "price": "0.45", "size": "400", "side": "SELL", "hash": "3bee4d1ec92e337e52d2e12d7888f019237e2d53", "best_bid": "0.06", "best_ask": "0.07"}], "timestamp": "1769384709119", "event_type": "price_change"}}
{"_local_timestamp": "2026-01-25T23:45:09.200763+00:00", "data": {"market": "0xc07048f298bae3ec73447a92cdc2dfd2e44d10ae1164b6d50db68ec5ab4b2766", "price_changes": [{"asset_id": "89749451189659806236078281140753717284965641684284805325103046978904196883787", "price": "0.54", "size": "405", "side": "BUY", "hash": "66d05519bbacadec14b52e083fdda48aa34b8d3d", "best_bid": "0.93", "best_ask": "0.94"}, {"asset_id": "94720102345103978732985991591541449349105398685307981352929740529082927790385", "price": "0.46", "size": "405", "side": "SELL", "hash": "6d87b8ac5ade7b92b59b1bd090c1950fa004636f", "best_bid": "0.06", "best_ask": "0.07"}], "timestamp": "1769384709119", "event_type": "price_change"}}
{"_local_timestamp": "2026-01-25T23:45:14.229685+00:00", "data": {"market": "0xc07048f298bae3ec73447a92cdc2dfd2e44d10ae1164b6d50db68ec5ab4b2766", "price_changes": [{"asset_id": "89749451189659806236078281140753717284965641684284805325103046978904196883787", "price": "0.39", "size": "0", "side": "BUY", "hash": "83f1e8fec3ae9b766985a3a160be4c6fee3a7747", "best_bid": "0.93", "best_ask": "0.94"}, {"asset_id": "94720102345103978732985991591541449349105398685307981352929740529082927790385", "price": "0.61", "size": "0", "side": "SELL", "hash": "ce011ded57760f20cccd8f4944abbd6065a2a6bb", "best_bid": "0.06", "best_ask": "0.07"}], "timestamp": "1769384714166", "event_type": "price_change"}}
{"_local_timestamp": "2026-01-25T23:45:14.263537+00:00", "data": {"market": "0xc07048f298bae3ec73447a92cdc2dfd2e44d10ae1164b6d50db68ec5ab4b2766", "price_changes": [{"asset_id": "89749451189659806236078281140753717284965641684284805325103046978904196883787", "price": "0.56", "size": "20", "side": "BUY", "hash": "56715fd73cd913e37ffea1be0a4bf55004183817", "best_bid": "0.93", "best_ask": "0.94"}, {"asset_id": "94720102345103978732985991591541449349105398685307981352929740529082927790385", "price": "0.44", "size": "20", "side": "SELL", "hash": "8cc788548cb5c5580ac5eb23f137f6c8ccd4337b", "best_bid": "0.06", "best_ask": "0.07"}], "timestamp": "1769384714196", "event_type": "price_change"}}
{"_local_timestamp": "2026-01-25T23:45:23.017762+00:00", "data": {"market": "0xc07048f298bae3ec73447a92cdc2dfd2e44d10ae1164b6d50db68ec5ab4b2766", "price_changes": [{"asset_id": "89749451189659806236078281140753717284965641684284805325103046978904196883787", "price": "0.24", "size": "1748", "side": "BUY", "hash": "509fb6a63367372313723158608b6d4bcfe62283", "best_bid": "0.93", "best_ask": "0.94"}, {"asset_id": "94720102345103978732985991591541449349105398685307981352929740529082927790385", "price": "0.76", "size": "1748", "side": "SELL", "hash": "825c3e277897f77b3f08dcc68e4bb99509d9e443", "best_bid": "0.06", "best_ask": "0.07"}], "timestamp": "1769384722907", "event_type": "price_change"}}
{"_local_timestamp": "2026-01-25T23:45:24.161256+00:00", "data": {"market": "0xc07048f298bae3ec73447a92cdc2dfd2e44d10ae1164b6d50db68ec5ab4b2766", "price_changes": [{"asset_id": "89749451189659806236078281140753717284965641684284805325103046978904196883787", "price": "0.91", "size": "255", "side": "BUY", "hash": "005c0f27222313292861b733c10681b488aefc40", "best_bid": "0.93", "best_ask": "0.94"}, {"asset_id": "94720102345103978732985991591541449349105398685307981352929740529082927790385", "price": "0.09", "size": "255", "side": "SELL", "hash": "03353ca5beaebd751348ef741580c759cfe6e8cf", "best_bid": "0.06", "best_ask": "0.07"}], "timestamp": "1769384724095", "event_type": "price_change"}}
{"_local_timestamp": "2026-01-25T23:45:25.427845+00:00", "data": {"market": "0xc07048f298bae3ec73447a92cdc2dfd2e44d10ae1164b6d50db68ec5ab4b2766", "price_changes": [{"asset_id": "94720102345103978732985991591541449349105398685307981352929740529082927790385", "price": "0.04", "size": "812.5", "side": "BUY", "hash": "2bf2ad698d224c675af239f15fbeb1cc1d493104", "best_bid": "0.06", "best_ask": "0.07"}, {"asset_id": "89749451189659806236078281140753717284965641684284805325103046978904196883787", "price": "0.96", "size": "812.5", "side": "SELL", "hash": "0f6d48214e654d6e875006bf6afca13c8ae0f539", "best_bid": "0.93", "best_ask": "0.94"}], "timestamp": "1769384725358", "event_type": "price_change"}}
{"_local_timestamp": "2026-01-25T23:45:36.067138+00:00", "data": {"market": "0xc07048f298bae3ec73447a92cdc2dfd2e44d10ae1164b6d50db68ec5ab4b2766", "price_changes": [{"asset_id": "89749451189659806236078281140753717284965641684284805325103046978904196883787", "price": "0.55", "size": "0", "side": "BUY", "hash": "e174eedb0f5b8c503b8472f0ffbf5e4c0824e4aa", "best_bid": "0.93", "best_ask": "0.94"}, {"asset_id": "94720102345103978732985991591541449349105398685307981352929740529082927790385", "price": "0.45", "size": "0", "side": "SELL", "hash": "1882a9c315fb007136efbc358742bd6824d6e210", "best_bid": "0.06", "best_ask": "0.07"}], "timestamp": "1769384735976", "event_type": "price_change"}}
{"_local_timestamp": "2026-01-25T23:45:36.067552+00:00", "data": {"market": "0xc07048f298bae3ec73447a92cdc2dfd2e44d10ae1164b6d50db68ec5ab4b2766", "price_changes": [{"asset_id": "89749451189659806236078281140753717284965641684284805325103046978904196883787", "price": "0.54", "size": "5", "side": "BUY", "hash": "e174eedb0f5b8c503b8472f0ffbf5e4c0824e4aa", "best_bid": "0.93", "best_ask": "0.94"}, {"asset_id": "94720102345103978732985991591541449349105398685307981352929740529082927790385", "price": "0.46", "size": "5", "side": "SELL", "hash": "1882a9c315fb007136efbc358742bd6824d6e210", "best_bid": "0.06", "best_ask": "0.07"}], "timestamp": "1769384735976", "event_type": "price_change"}}
{"_local_timestamp": "2026-01-25T23:45:36.067835+00:00", "data": {"market": "0x6f56cdf896a8cdb2552661dd7b3d54dab6ef418d5be0d8a96dea3f16cbf31632", "price_changes": [{"asset_id": "12372043962778394976024486768688292040496139295686161489871763438144310710290", "price": "0.03", "size": "24.74", "side": "BUY", "hash": "5e5690674e145372275c564a5a52025d79f78354", "best_bid": "0.06", "best_ask": "0.09"}, {"asset_id": "37806907368043161074949113436745462734936336037202698916361016094424427186209", "price": "0.97", "size": "24.74", "side": "SELL", "hash": "4e234dcee3ceba04ada41f8e99232f5a7e07eb8f", "best_bid": "0.91", "best_ask": "0.94"}], "timestamp": "1769384735977", "event_type": "price_change"}}
{"_local_timestamp": "2026-01-25T23:45:36.607057+00:00", "data": {"market": "0xc07048f298bae3ec73447a92cdc2dfd2e44d10ae1164b6d50db68ec5ab4b2766", "price_changes": [{"asset_id": "89749451189659806236078281140753717284965641684284805325103046978904196883787", "price": "0.92", "size": "802.32", "side": "BUY", "hash": "f1da111e1fc8ebdb57b59d1b48c87fe84d7dee2d", "best_bid": "0.93", "best_ask": "0.94"}, {"asset_id": "94720102345103978732985991591541449349105398685307981352929740529082927790385", "price": "0.08", "size": "802.32", "side": "SELL", "hash": "b403a927322c67a3bed3ed6ef2a4a861fa62fd14", "best_bid": "0.06", "best_ask": "0.07"}], "timestamp": "1769384736531", "event_type": "price_change"}}
{"_local_timestamp": "2026-01-25T23:45:36.902328+00:00", "data": {"market": "0xc07048f298bae3ec73447a92cdc2dfd2e44d10ae1164b6d50db68ec5ab4b2766", "price_changes": [{"asset_id": "89749451189659806236078281140753717284965641684284805325103046978904196883787", "price": "0.92", "size": "367.62", "side": "BUY", "hash": "49ec090bc217fafa3050dc12bdf7e22b779a7f9e", "best_bid": "0.93", "best_ask": "0.94"}, {"asset_id": "94720102345103978732985991591541449349105398685307981352929740529082927790385", "price": "0.08", "size": "367.62", "side": "SELL", "hash": "a79e0abad850741e9eb3a703c8c441b2cc9a9c14", "best_bid": "0.06", "best_ask": "0.07"}], "timestamp": "1769384736826", "event_type": "price_change"}}
{"_local_timestamp": "2026-01-25T23:45:40.670196+00:00", "data": {"market": "0x6f56cdf896a8cdb2552661dd7b3d54dab6ef418d5be0d8a96dea3f16cbf31632", "price_changes": [{"asset_id": "37806907368043161074949113436745462734936336037202698916361016094424427186209", "price": "0.22", "size": "1908", "side": "BUY", "hash": "c8e8bda001db5475ca1f7544be72246bb1a8838e", "best_bid": "0.91", "best_ask": "0.94"}, {"asset_id": "12372043962778394976024486768688292040496139295686161489871763438144310710290", "price": "0.78", "size": "1908", "side": "SELL", "hash": "d8a10791f66e5b3f7f91e6d70a32e09243965e57", "best_bid": "0.06", "best_ask": "0.09"}], "timestamp": "1769384740607", "event_type": "price_change"}}
{"_local_timestamp": "2026-01-25T23:45:40.904433+00:00", "data": {"market": "0xc07048f298bae3ec73447a92cdc2dfd2e44d10ae1164b6d50db68ec5ab4b2766", "price_changes": [{"asset_id": "89749451189659806236078281140753717284965641684284805325103046978904196883787", "price": "0.56", "size": "0", "side": "BUY", "hash": "22c494e1cfecc802df9ae5faeaee65d1e51bc1d3", "best_bid": "0.93", "best_ask": "0.94"}, {"asset_id": "94720102345103978732985991591541449349105398685307981352929740529082927790385", "price": "0.44", "size": "0", "side": "SELL", "hash": "e89de1d618147c7513e18ff61feb2160566f7dbc", "best_bid": "0.06", "best_ask": "0.07"}], "timestamp": "1769384740832", "event_type": "price_change"}}
{"_local_timestamp": "2026-01-25T23:45:40.925652+00:00", "data": {"market": "0xc07048f298bae3ec73447a92cdc2dfd2e44d10ae1164b6d50db68ec5ab4b2766", "price_changes": [{"asset_id": "89749451189659806236078281140753717284965641684284805325103046978904196883787", "price": "0.39", "size": "20", "side": "BUY", "hash": "5d5e9a13b73f3bfd6a2f28c30fa15e8c8bd5be6d", "best_bid": "0.93", "best_ask": "0.94"}, {"asset_id": "94720102345103978732985991591541449349105398685307981352929740529082927790385", "price": "0.61", "size": "20", "side": "SELL", "hash": "b5ffe83987e00314df47a11ab9e2cd6785588d1d", "best_bid": "0.06", "best_ask": "0.07"}], "timestamp": "1769384740862", "event_type": "price_change"}}
{"_local_timestamp": "2026-01-25T23:45:41.272157+00:00", "data": {"market": "0x6f56cdf896a8cdb2552661dd7b3d54dab6ef418d5be0d8a96dea3f16cbf31632", "price_changes": [{"asset_id": "12372043962778394976024486768688292040496139295686161489871763438144310710290", "price": "0.04", "size": "10", "side": "BUY", "hash": "6b2b42603f19b145acb9f590ec2c041abf5a6598", "best_bid": "0.06", "best_ask": "0.09"}, {"asset_id": "37806907368043161074949113436745462734936336037202698916361016094424427186209", "price": "0.96", "size": "10", "side": "SELL", "hash": "d7e20a0176a8de5853f27ec2fbe5aa8aab0aa83d", "best_bid": "0.91", "best_ask": "0.94"}], "timestamp": "1769384741190", "event_type": "price_change"}}
{"_local_timestamp": "2026-01-25T23:45:49.125733+00:00", "data": {"market": "0x6f56cdf896a8cdb2552661dd7b3d54dab6ef418d5be0d8a96dea3f16cbf31632", "price_changes": [{"asset_id": "12372043962778394976024486768688292040496139295686161489871763438144310710290", "price": "0.04", "size": "110", "side": "BUY", "hash": "7fcbfb420cabc101676057192ba4df557390fa06", "best_bid": "0.06", "best_ask": "0.09"}, {"asset_id": "37806907368043161074949113436745462734936336037202698916361016094424427186209", "price": "0.96", "size": "110", "side": "SELL", "hash": "f27f909f6c3b2d2022fd5c72a872749e67a822f7", "best_bid": "0.91", "best_ask": "0.94"}], "timestamp": "1769384749047", "event_type": "price_change"}}
{"_local_timestamp": "2026-01-25T23:46:10.669003+00:00", "data": {"market": "0xc07048f298bae3ec73447a92cdc2dfd2e44d10ae1164b6d50db68ec5ab4b2766", "price_changes": [{"asset_id": "89749451189659806236078281140753717284965641684284805325103046978904196883787", "price": "0.24", "size": "0", "side": "BUY", "hash": "809ab69cce770412351caaf165e21bb1e5269b57", "best_bid": "0.93", "best_ask": "0.94"}, {"asset_id": "94720102345103978732985991591541449349105398685307981352929740529082927790385", "price": "0.76", "size": "0", "side": "SELL", "hash": "de6657f6b0523cb71a196584993d3eee5bd35fdf", "best_bid": "0.06", "best_ask": "0.07"}], "timestamp": "1769384770467", "event_type": "price_change"}}
{"_local_timestamp": "2026-01-25T23:46:38.969036+00:00", "data": {"market": "0x6f56cdf896a8cdb2552661dd7b3d54dab6ef418d5be0d8a96dea3f16cbf31632", "price_changes": [{"asset_id": "12372043962778394976024486768688292040496139295686161489871763438144310710290", "price": "0.02", "size": "250", "side": "BUY", "hash": "fbc88d81857da2f6f70fa8813ae283253c7e1e11", "best_bid": "0.06", "best_ask": "0.09"}, {"asset_id": "37806907368043161074949113436745462734936336037202698916361016094424427186209", "price": "0.98", "size": "250", "side": "SELL", "hash": "fa721aa3ec22e892b1cf2279e896751896f3bd28", "best_bid": "0.91", "best_ask": "0.94"}], "timestamp": "1769384798714", "event_type": "price_change"}}
{"_local_timestamp": "2026-01-25T23:46:38.970053+00:00", "data": {"market": "0x6f56cdf896a8cdb2552661dd7b3d54dab6ef418d5be0d8a96dea3f16cbf31632", "price_changes": [{"asset_id": "12372043962778394976024486768688292040496139295686161489871763438144310710290", "price": "0.03", "size": "11.12", "side": "BUY", "hash": "fbc88d81857da2f6f70fa8813ae283253c7e1e11", "best_bid": "0.06", "best_ask": "0.09"}, {"asset_id": "37806907368043161074949113436745462734936336037202698916361016094424427186209", "price": "0.97", "size": "11.12", "side": "SELL", "hash": "fa721aa3ec22e892b1cf2279e896751896f3bd28", "best_bid": "0.91", "best_ask": "0.94"}], "timestamp": "1769384798714", "event_type": "price_change"}}
{"_local_timestamp": "2026-01-25T23:46:39.363787+00:00", "data": {"market": "0x6f56cdf896a8cdb2552661dd7b3d54dab6ef418d5be0d8a96dea3f16cbf31632", "price_changes": [{"asset_id": "37806907368043161074949113436745462734936336037202698916361016094424427186209", "price": "0.9", "size": "805.4", "side": "BUY", "hash": "f06d2404b70fa45e7c3ce805002eb337fd613438", "best_bid": "0.91", "best_ask": "0.94"}, {"asset_id": "12372043962778394976024486768688292040496139295686161489871763438144310710290", "price": "0.1", "size": "805.4", "side": "SELL", "hash": "1fb694a93aee099c855c68b5ca1d5350fe05c0e8", "best_bid": "0.06", "best_ask": "0.09"}], "timestamp": "1769384799095", "event_type": "price_change"}}
{"_local_timestamp": "2026-01-25T23:46:39.455346+00:00", "data": {"market": "0x6f56cdf896a8cdb2552661dd7b3d54dab6ef418d5be0d8a96dea3f16cbf31632", "price_changes": [{"asset_id": "37806907368043161074949113436745462734936336037202698916361016094424427186209", "price": "0.9", "size": "361", "side": "BUY", "hash": "ff2c1fb4e1d3e8bf77357dc02b0216337dd57ffd", "best_bid": "0.91", "best_ask": "0.94"}, {"asset_id": "12372043962778394976024486768688292040496139295686161489871763438144310710290", "price": "0.1", "size": "361", "side": "SELL", "hash": "e0968ab8d79e8d637c8d22fa89e73cfc180bc2a6", "best_bid": "0.06", "best_ask": "0.09"}], "timestamp": "1769384799191", "event_type": "price_change"}}
{"_local_timestamp": "2026-01-25T23:46:39.467812+00:00", "data": {"market": "0x6f56cdf896a8cdb2552661dd7b3d54dab6ef418d5be0d8a96dea3f16cbf31632", "price_changes": [{"asset_id": "12372043962778394976024486768688292040496139295686161489871763438144310710290", "price": "0.06", "size": "117.21", "side": "BUY", "hash": "a8aad240e3bb6e4fc180adac68f471d2c30f944b", "best_bid": "0.06", "best_ask": "0.09"}, {"asset_id": "37806907368043161074949113436745462734936336037202698916361016094424427186209", "price": "0.94", "size": "117.21", "side": "SELL", "hash": "6dd2843e32518cc80b42c4f1cd06e7fa6cd12d91", "best_bid": "0.91", "best_ask": "0.94"}], "timestamp": "1769384799195", "event_type": "price_change"}}
{"_local_timestamp": "2026-01-25T23:46:39.468126+00:00", "data": {"market": "0x6f56cdf896a8cdb2552661dd7b3d54dab6ef418d5be0d8a96dea3f16cbf31632", "price_changes": [{"asset_id": "12372043962778394976024486768688292040496139295686161489871763438144310710290", "price": "0.04", "size": "120.1", "side": "BUY", "hash": "4d040eed901741e99c7bcbfbd7843d612df16b57", "best_bid": "0.06", "best_ask": "0.09"}, {"asset_id": "37806907368043161074949113436745462734936336037202698916361016094424427186209", "price": "0.96", "size": "120.1", "side": "SELL", "hash": "b8bd1f3d5b4c328e87837ac5d153b3ab001b4cef", "best_bid": "0.91", "best_ask": "0.94"}], "timestamp": "1769384799196", "event_type": "price_change"}}
{"_local_timestamp": "2026-01-25T23:46:39.468386+00:00", "data": {"market": "0x6f56cdf896a8cdb2552661dd7b3d54dab6ef418d5be0d8a96dea3f16cbf31632", "price_changes": [{"asset_id": "12372043962778394976024486768688292040496139295686161489871763438144310710290", "price": "0.02", "size": "271.89", "side": "BUY", "hash": "e56acbaf787e02871b097b216b0f31339080fd1a", "best_bid": "0.06", "best_ask": "0.09"}, {"asset_id": "37806907368043161074949113436745462734936336037202698916361016094424427186209", "price": "0.98", "size": "271.89", "side": "SELL", "hash": "1ed767950ed34410fcc9d2cab7a0c1ae58e302c9", "best_bid": "0.91", "best_ask": "0.94"}], "timestamp": "1769384799198", "event_type": "price_change"}}
{"_local_timestamp": "2026-01-25T23:46:43.381231+00:00", "data": {"market": "0xc07048f298bae3ec73447a92cdc2dfd2e44d10ae1164b6d50db68ec5ab4b2766", "price_changes": [{"asset_id": "89749451189659806236078281140753717284965641684284805325103046978904196883787", "price": "0.21", "size": "1998", "side": "BUY", "hash": "53f79e522b812b8cdd5e9c42d7f77b6b086b4340", "best_bid": "0.93", "best_ask": "0.94"}, {"asset_id": "94720102345103978732985991591541449349105398685307981352929740529082927790385", "price": "0.79", "size": "1998", "side": "SELL", "hash": "23cc5c880b237c612d5d6af5f7311986e4ecad5c", "best_bid": "0.06", "best_ask": "0.07"}], "timestamp": "1769384803210", "event_type": "price_change"}}
{"_local_timestamp": "2026-01-25T23:46:59.203720+00:00", "data": {"market": "0x6f56cdf896a8cdb2552661dd7b3d54dab6ef418d5be0d8a96dea3f16cbf31632", "price_changes": [{"asset_id": "37806907368043161074949113436745462734936336037202698916361016094424427186209", "price": "0.35", "size": "0", "side": "BUY", "hash": "dc6e49010bc3a7c9531f2b17ad3192c039394aa3", "best_bid": "0.91", "best_ask": "0.94"}, {"asset_id": "12372043962778394976024486768688292040496139295686161489871763438144310710290", "price": "0.65", "size": "0", "side": "SELL", "hash": "b79df6bbf1a23ad3b0fe05c2aa60cbc6c23723ad", "best_bid": "0.06", "best_ask": "0.09"}], "timestamp": "1769384819033", "event_type": "price_change"}}
{"_local_timestamp": "2026-01-25T23:46:59.345518+00:00", "data": {"market": "0x6f56cdf896a8cdb2552661dd7b3d54dab6ef418d5be0d8a96dea3f16cbf31632", "price_changes": [{"asset_id": "37806907368043161074949113436745462734936336037202698916361016094424427186209", "price": "0.37", "size": "3818.05", "side": "BUY", "hash": "3ea427bcb59dc7d66ace6afd60965c256a388007", "best_bid": "0.91", "best_ask": "0.94"}, {"asset_id": "12372043962778394976024486768688292040496139295686161489871763438144310710290", "price": "0.63", "size": "3818.05", "side": "SELL", "hash": "ce86fde2dc53c0ac0fa12fc857eb669702c7aa93", "best_bid": "0.06", "best_ask": "0.09"}], "timestamp": "1769384819205", "event_type": "price_change"}}
{"_local_timestamp": "2026-01-25T23:46:59.671278+00:00", "data": {"market": "0xc07048f298bae3ec73447a92cdc2dfd2e44d10ae1164b6d50db68ec5ab4b2766", "price_changes": [{"asset_id": "89749451189659806236078281140753717284965641684284805325103046978904196883787", "price": "0.35", "size": "0", "side": "BUY", "hash": "cf857f105a5583036b9910deca4f27e8812bab78", "best_bid": "0.93", "best_ask": "0.94"}, {"asset_id": "94720102345103978732985991591541449349105398685307981352929740529082927790385", "price": "0.65", "size": "0", "side": "SELL", "hash": "dce13334732dc907977850086c9b2a6abcb7191f", "best_bid": "0.06", "best_ask": "0.07"}], "timestamp": "1769384819537", "event_type": "price_change"}}
{"_local_timestamp": "2026-01-25T23:46:59.840257+00:00", "data": {"market": "0xc07048f298bae3ec73447a92cdc2dfd2e44d10ae1164b6d50db68ec5ab4b2766", "price_changes": [{"asset_id": "89749451189659806236078281140753717284965641684284805325103046978904196883787", "price": "0.37", "size": "4380", "side": "BUY", "hash": "f5cfd749a70e14e8bf92aa5a83275fc4fd9f3cbe", "best_bid": "0.93", "best_ask": "0.94"}, {"asset_id": "94720102345103978732985991591541449349105398685307981352929740529082927790385", "price": "0.63", "size": "4380", "side": "SELL", "hash": "51964a27ccbf250e37c407ffc3cdf700234d56f5", "best_bid": "0.06", "best_ask": "0.07"}], "timestamp": "1769384819705", "event_type": "price_change"}}
{"_local_timestamp": "2026-01-25T23:47:17.323488+00:00", "data": {"market": "0xc07048f298bae3ec73447a92cdc2dfd2e44d10ae1164b6d50db68ec5ab4b2766", "price_changes": [{"asset_id": "94720102345103978732985991591541449349105398685307981352929740529082927790385", "price": "0.02", "size": "500", "side": "BUY", "hash": "2c6032159e53a9e35dae2bb0ce5bf0ef9aafa95e", "best_bid": "0.06", "best_ask": "0.07"}, {"asset_id": "89749451189659806236078281140753717284965641684284805325103046978904196883787", "price": "0.98", "size": "500", "side": "SELL", "hash": "0e871eb1d86774dc4053de7ec358cf9d6a976b9b", "best_bid": "0.93", "best_ask": "0.94"}], "timestamp": "1769384837177", "event_type": "price_change"}}
{"_local_timestamp": "2026-01-25T23:47:17.323888+00:00", "data": {"market": "0xc07048f298bae3ec73447a92cdc2dfd2e44d10ae1164b6d50db68ec5ab4b2766", "price_changes": [{"asset_id": "94720102345103978732985991591541449349105398685307981352929740529082927790385", "price": "0.03", "size": "0", "side": "BUY", "hash": "2c6032159e53a9e35dae2bb0ce5bf0ef9aafa95e", "best_bid": "0.06", "best_ask": "0.07"}, {"asset_id": "89749451189659806236078281140753717284965641684284805325103046978904196883787", "price": "0.97", "size": "0", "side": "SELL", "hash": "0e871eb1d86774dc4053de7ec358cf9d6a976b9b", "best_bid": "0.93", "best_ask": "0.94"}], "timestamp": "1769384837177", "event_type": "price_change"}}
{"_local_timestamp": "2026-01-25T23:47:17.693399+00:00", "data": {"market": "0xc07048f298bae3ec73447a92cdc2dfd2e44d10ae1164b6d50db68ec5ab4b2766", "price_changes": [{"asset_id": "89749451189659806236078281140753717284965641684284805325103046978904196883787", "price": "0.92", "size": "802.32", "side": "BUY", "hash": "d394138a39d37c4d46238cdd3c533ce2a6e94936", "best_bid": "0.93", "best_ask": "0.94"}, {"asset_id": "94720102345103978732985991591541449349105398685307981352929740529082927790385", "price": "0.08", "size": "802.32", "side": "SELL", "hash": "512fe7265bbd0aac80d1649df43a8c6398377a6b", "best_bid": "0.06", "best_ask": "0.07"}], "timestamp": "1769384837534", "event_type": "price_change"}}
{"_local_timestamp": "2026-01-25T23:47:17.720477+00:00", "data": {"market": "0xc07048f298bae3ec73447a92cdc2dfd2e44d10ae1164b6d50db68ec5ab4b2766", "price_changes": [{"asset_id": "94720102345103978732985991591541449349105398685307981352929740529082927790385", "price": "0.02", "size": "525.62", "side": "BUY", "hash": "5d4ed80bb800f0a3220664cae0c9fec7ea0f8634", "best_bid": "0.06", "best_ask": "0.07"}, {"asset_id": "89749451189659806236078281140753717284965641684284805325103046978904196883787", "price": "0.98", "size": "525.62", "side": "SELL", "hash": "5eba27a0ad7443b6acd0c78f5dc6a633da980d31", "best_bid": "0.93", "best_ask": "0.94"}], "timestamp": "1769384837559", "event_type": "price_change"}}
{"_local_timestamp": "2026-01-25T23:47:17.727560+00:00", "data": {"market": "0xc07048f298bae3ec73447a92cdc2dfd2e44d10ae1164b6d50db68ec5ab4b2766", "price_changes": [{"asset_id": "94720102345103978732985991591541449349105398685307981352929740529082927790385", "price": "0.03", "size": "16.25", "side": "BUY", "hash": "5a3509b393fce5626639a77db74673fb3715efa5", "best_bid": "0.06", "best_ask": "0.07"}, {"asset_id": "89749451189659806236078281140753717284965641684284805325103046978904196883787", "price": "0.97", "size": "16.25", "side": "SELL", "hash": "e4688ac62621e5b0b5af568abdd47636bb290c3c", "best_bid": "0.93", "best_ask": "0.94"}], "timestamp": "1769384837570", "event_type": "price_change"}}
{"_local_timestamp": "2026-01-25T23:47:17.844485+00:00", "data": {"market": "0xc07048f298bae3ec73447a92cdc2dfd2e44d10ae1164b6d50db68ec5ab4b2766", "price_changes": [{"asset_id": "89749451189659806236078281140753717284965641684284805325103046978904196883787", "price": "0.92", "size": "367.62", "side": "BUY", "hash": "c9de9a22148de7baad75854e8a1970add634a593", "best_bid": "0.93", "best_ask": "0.94"}, {"asset_id": "94720102345103978732985991591541449349105398685307981352929740529082927790385", "price": "0.08", "size": "367.62", "side": "SELL", "hash": "e079ba6e2fb26176721cfc281193271dc53f1022", "best_bid": "0.06", "best_ask": "0.07"}], "timestamp": "1769384837675", "event_type": "price_change"}}
{"_local_timestamp": "2026-01-25T23:47:21.561011+00:00", "data": {"market": "0x6f56cdf896a8cdb2552661dd7b3d54dab6ef418d5be0d8a96dea3f16cbf31632", "price_changes": [{"asset_id": "12372043962778394976024486768688292040496139295686161489871763438144310710290", "price": "0.06", "size": "111", "side": "BUY", "hash": "3844c54c45bc2bc4f4ec1ba44837244e708cd0d2", "best_bid": "0.06", "best_ask": "0.09"}, {"asset_id": "37806907368043161074949113436745462734936336037202698916361016094424427186209", "price": "0.94", "size": "111", "side": "SELL", "hash": "2b172a00345c4abe033e0ff39426378fc84aa82c", "best_bid": "0.91", "best_ask": "0.94"}], "timestamp": "1769384841339", "event_type": "price_change"}}
