{"_local_timestamp": "2026-01-25T23:34:19.201124+00:00", "data": [{"market": "0x751adb6b8c11b7d78b364891f6809d379e196639b0bbc94655ce4703390222ad", "asset_id": "57497969242729029078322224209855273366441776683227801070287166342237155726345", "timestamp": "1769384020599", "hash": "01835a1d767b67ef92af5e123b1ecfef720dc55f", "bids": [{"price": "0.01", "size": "1214.79"}, {"price": "0.02", "size": "400"}, {"price": "0.03", "size": "9.17"}, {"price": "0.05", "size": "20"}, {"price": "0.06", "size": "33"}, {"price": "0.07", "size": "800"}, {"price": "0.09", "size": "111.11"}, {"price": "0.1", "size": "6.26"}, {"price": "0.11", "size": "625"}, {"price": "0.13", "size": "250"}, {"price": "0.15", "size": "100"}, {"price": "0.16", "size": "275"}, {"price": "0.17", "size": "2570"}, {"price": "0.24", "size": "150"}, {"price": "0.4", "size": "275"}, {"price": "0.49", "size": "5"}, {"price": "0.51", "size": "15.69"}, {"price": "0.6", "size": "80"}, {"price": "0.61", "size": "20"}, {"price": "0.62", "size": "20.96"}, {"price": "0.63", "size": "17.46"}, {"price": "0.71", "size": "4534"}, {"price": "0.72", "size": "192"}, {"price": "0.73", "size": "1350"}, {"price": "0.74", "size": "535.67"}], "asks": [{"price": "0.99", "size": "412.76"}, {"price": "0.98", "size": "107"}, {"price": "0.97", "size": "10.46"}, {"price": "0.95", "size": "100"}, {"price": "0.93", "size": "300"}, {"price": "0.92", "size": "7.6"}, {"price": "0.91", "size": "111.11"}, {"price": "0.89", "size": "200"}, {"price": "0.87", "size": "500"}, {"price": "0.85", "size": "86.66"}, {"price": "0.84", "size": "68.75"}, {"price": "0.79", "size": "1187.6"}, {"price": "0.78", "size": "236.2"}, {"price": "0.77", "size": "190"}, {"price": "0.76", "size": "114"}, {"price": "0.75", "size": "415.66"}], "event_type": "book", "last_trade_price": "0.740"}, {"market": "0x751adb6b8c11b7d78b364891f6809d379e196639b0bbc94655ce4703390222ad", "asset_id": "79582688196598084475131646053881241255064998002954143127817309460584011671169", "timestamp": "1769384020599", "hash": "22d221524cb49edb6dd8e5977f44b99ab4313b1d", "bids": [{"price": "0.01", "size": "412.76"}, {"price": "0.02", "size": "107"}, {"price": "0.03", "size": "10.46"}, {"price": "0.05", "size": "100"}, {"price": "0.07", "size": "300"}, {"price": "0.08", "size": "7.6"}, {"price": "0.09", "size": "111.11"}, {"price": "0.11", "size": "200"}, {"price": "0.13", "size": "500"}, {"price": "0.15", "size": "86.66"}, {"price": "0.16", "size": "68.75"}, {"price": "0.21", "size": "1187.6"}, {"price": "0.22", "size": "236.2"}, {"price": "0.23", "size": "190"}, {"price": "0.24", "size": "114"}, {"price": "0.25", "size": "415.66"}], "asks": [{"price": "0.99", "size": "1214.79"}, {"price": "0.98", "size": "400"}, {"price": "0.97", "size": "9.17"}, {"price": "0.95", "size": "20"}, {"price": "0.94", "size": "33"}, {"price": "0.93", "size": "800"}, {"price": "0.91", "size": "111.11"}, {"price": "0.9", "size": "6.26"}, {"price": "0.89", "size": "625"}, {"price": "0.87", "size": "250"}, {"price": "0.85", "size": "100"}, {"price": "0.84", "size": "275"}, {"price": "0.83", "size": "2570"}, {"price": "0.76", "size": "150"}, {"price": "0.6", "size": "275"}, {"price": "0.51", "size": "5"}, {"price": "0.49", "size": "15.69"}, {"price": "0.4", "size": "80"}, {"price": "0.39", "size": "20"}, {"price": "0.38", "size": "20.96"}, {"price": "0.37", "size": "17.46"}, {"price": "0.29", "size": "4534"}, {"price": "0.28", "size": "192"}, {"price": "0.27", "size": "1350"}, {"price": "0.26", "size": "535.67"}], "event_type": "book", "last_trade_price": "0.740"}]}
{"_local_timestamp": "2026-01-25T23:34:27.720986+00:00", "data": {"market": "0x751adb6b8c11b7d78b364891f6809d379e196639b0bbc94655ce4703390222ad", "price_changes": [{"asset_id": "57497969242729029078322224209855273366441776683227801070287166342237155726345", "price": "0.24", "size": "50", "side": "BUY", "hash": "067230a71ec8c8a352f656047d739e79ee758d0e", "best_bid": "0.74", "best_ask": "0.75"}, {"asset_id": "79582688196598084475131646053881241255064998002954143127817309460584011671169", "price": "0.76", "size": "50", "side": "SELL", "hash": "6b25dafefdb768700c8fdca5681b1d435b9f58b6", "best_bid": "0.25", "best_ask": "0.26"}], "timestamp": "1769384067498", "event_type": "price_change"}}
{"_local_timestamp": "2026-01-25T23:34:27.721825+00:00", "data": {"market": "0x751adb6b8c11b7d78b364891f6809d379e196639b0bbc94655ce4703390222ad", "price_changes": [{"asset_id": "57497969242729029078322224209855273366441776683227801070287166342237155726345", "price": "0.16", "size": "125", "side": "BUY", "hash": "067230a71ec8c8a352f656047d739e79ee758d0e", "best_bid": "0.74", "best_ask": "0.75"}, {"asset_id": "79582688196598084475131646053881241255064998002954143127817309460584011671169", "price": "0.84", "size": "125", "side": "SELL", "hash": "6b25dafefdb768700c8fdca5681b1d435b9f58b6", "best_bid": "0.25", "best_ask": "0.26"}], "timestamp": "1769384067498", "event_type": "price_change"}}
{"_local_timestamp": "2026-01-25T23:34:28.483383+00:00", "data": {"market": "0x751adb6b8c11b7d78b364891f6809d379e196639b0bbc94655ce4703390222ad", "price_changes": [{"asset_id": "57497969242729029078322224209855273366441776683227801070287166342237155726345", "price": "0.17", "size": "2720", "side": "BUY", "hash": "09d24d4bdcc8dac0a05461c4afaf20ea4888139d", "best_bid": "0.74", "best_ask": "0.75"}, {"asset_id": "79582688196598084475131646053881241255064998002954143127817309460584011671169", "price": "0.83", "size": "2720", "side": "SELL", "hash": "374bf57a276e4416c9bdc73e5cca7ae14e8251b5", "best_bid": "0.25", "best_ask": "0.26"}], "timestamp": "1769384068083", "event_type": "price_change"}}
{"_local_timestamp": "2026-01-25T23:34:28.783499+00:00", "data": {"market": "0x751adb6b8c11b7d78b364891f6809d379e196639b0bbc94655ce4703390222ad", "price_changes": [{"asset_id": "57497969242729029078322224209855273366441776683227801070287166342237155726345", "price": "0.22", "size": "100", "side": "BUY", "hash": "a2dacbf8095a11fb5b96baa525cac59b8e98dc91", "best_bid": "0.74", "best_ask": "0.75"}, {"asset_id": "79582688196598084475131646053881241255064998002954143127817309460584011671169", "price": "0.78", "size": "100", "side": "SELL", "hash": "1898a78bc74e714fdcfd269f985dfcdd26f815e2", "best_bid": "0.25", "best_ask": "0.26"}], "timestamp": "1769384068188", "event_type": "price_change"}}
