{"_local_timestamp": "2026-01-25T23:40:42.979907+00:00", "data": [{"market": "0xf5ca6fb6cef9f97956b68db06a3a7cc10ef4a8df39ffaeca149fb5b565f63bee", "asset_id": "41868683612109792891450678972496899932817107358992742343202035002953705311282", "timestamp": "1769384426807", "hash": "5b9e6c8481cc068077b7c19ba63b075e609ac4ba", "bids": [{"price": "0.01", "size": "107.79"}, {"price": "0.02", "size": "213.69"}, {"price": "0.03", "size": "181.17"}, {"price": "0.04", "size": "13.12"}, {"price": "0.05", "size": "66.66"}, {"price": "0.06", "size": "10.67"}], "asks": [{"price": "0.99", "size": "5809.91"}, {"price": "0.98", "size": "2200"}, {"price": "0.97", "size": "5.69"}, {"price": "0.95", "size": "30"}, {"price": "0.94", "size": "733"}, {"price": "0.93", "size": "10.43"}, {"price": "0.86", "size": "800"}, {"price": "0.84", "size": "400"}, {"price": "0.83", "size": "100"}, {"price": "0.76", "size": "100"}, {"price": "0.75", "size": "50"}, {"price": "0.73", "size": "50"}, {"price": "0.7", "size": "50"}, {"price": "0.59", "size": "100"}, {"price": "0.41", "size": "100"}, {"price": "0.38", "size": "10"}, {"price": "0.36", "size": "7.69"}], "event_type": "book", "last_trade_price": ""}, {"market": "0xd4b9577d5640c162bc058907b44b36741d8fe4d10fcf4bbc977b096ca90519f3", "asset_id": "64284753300193161656738631436785153867819025210552262036758897931331151987575", "timestamp": "1769382816910", "hash": "76c5274a1c6f4cf1ef38093669e3789874ddf3a7", "bids": [{"price": "0.01", "size": "73.56"}, {"price": "0.02", "size": "43.28"}, {"price": "0.03", "size": "73.16"}, {"price": "0.04", "size": "13.26"}, {"price": "0.06", "size": "113.32"}], "asks": [{"price": "0.99", "size": "5616.03"}, {"price": "0.98", "size": "2200"}, {"price": "0.97", "size": "9.48"}, {"price": "0.95", "size": "30"}, {"price": "0.94", "size": "33"}, {"price": "0.93", "size": "6.41"}, {"price": "0.91", "size": "1000"}, {"price": "0.86", "size": "467.85"}, {"price": "0.85", "size": "7.37"}, {"price": "0.81", "size": "318.42"}, {"price": "0.77", "size": "121.73"}, {"price": "0.72", "size": "92.85"}, {"price": "0.71", "size": "46"}, {"price": "0.67", "size": "72.72"}, {"price": "0.62", "size": "52.63"}, {"price": "0.57", "size": "100"}, {"price": "0.56", "size": "25"}, {"price": "0.24", "size": "10"}, {"price": "0.16", "size": "10"}], "event_type": "book", "last_trade_price": ""}, {"market": "0xf5ca6fb6cef9f97956b68db06a3a7cc10ef4a8df39ffaeca149fb5b565f63bee", "asset_id": "69711951384659341030856474164978291061453300466418442416351168367874517678892", "timestamp": "1769384426807", "hash": "1d8311855aca6978927773e9e833e8c0da1b382e", "bids": [{"price": "0.01", "size": "5809.91"}, {"price": "0.02", "size": "2200"}, {"price": "0.03", "size": "5.69"}, {"price": "0.05", "size": "30"}, {"price": "0.06", "size": "733"}, {"price": "0.07", "size": "10.43"}, {"price": "0.14", "size": "800"}, {"price": "0.16", "size": "400"}, {"price": "0.17", "size": "100"}, {"price": "0.24", "size": "100"}, {"price": "0.25", "size": "50"}, {"price": "0.27", "size": "50"}, {"price": "0.3", "size": "50"}, {"price": "0.41", "size": "100"}, {"price": "0.59", "size": "100"}, {"price": "0.62", "size": "10"}, {"price": "0.64", "size": "7.69"}], "asks": [{"price": "0.99", "size": "107.79"}, {"price": "0.98", "size": "213.69"}, {"price": "0.97", "size": "181.17"}, {"price": "0.96", "size": "13.12"}, {"price": "0.95", "size": "66.66"}, {"price": "0.94", "size": "10.67"}], "event_type": "book", "last_trade_price": ""}, {"market": "0xd4b9577d5640c162bc058907b44b36741d8fe4d10fcf4bbc977b096ca90519f3", "asset_id": "41690494021377756676557234430418678018467661140414844385723681656498371796949", "timestamp": "1769382816910", "hash": "db8ace391dfc822f8f362fabcee36baf0943c198", "bids": [{"price": "0.01", "size": "5616.03"}, {"price": "0.02", "size": "2200"}, {"price": "0.03", "size": "9.48"}, {"price": "0.05", "size": "30"}, {"price": "0.06", "size": "33"}, {"price": "0.07", "size": "6.41"}, {"price": "0.09", "size": "1000"}, {"price": "0.14", "size": "467.85"}, {"price": "0.15", "size": "7.37"}, {"price": "0.19", "size": "318.42"}, {"price": "0.23", "size": "121.73"}, {"price": "0.28", "size": "92.85"}, {"price": "0.29", "size": "46"}, {"price": "0.33", "size": "72.72"}, {"price": "0.38", "size": "52.63"}, {"price": "0.43", "size": "100"}, {"price": "0.44", "size": "25"}, {"price": "0.76", "size": "10"}, {"price": "0.84", "size": "10"}], "asks": [{"price": "0.99", "size": "73.56"}, {"price": "0.98", "size": "43.28"}, {"price": "0.97", "size": "73.16"}, {"price": "0.96", "size": "13.26"}, {"price": "0.94", "size": "113.32"}], "event_type": "book", "last_trade_price": ""}]}
{"_local_timestamp": "2026-01-25T23:41:09.648282+00:00", "data": {"market": "0xf5ca6fb6cef9f97956b68db06a3a7cc10ef4a8df39ffaeca149fb5b565f63bee", "price_changes": [{"asset_id": "69711951384659341030856474164978291061453300466418442416351168367874517678892", "price": "0.24", "size": "0", "side": "BUY", "hash": "8d466073ec63a37d01d25cbd9fbcedd737b11e34", "best_bid": "0.64", "best_ask": "0.94"}, {"asset_id": "41868683612109792891450678972496899932817107358992742343202035002953705311282", "price": "0.76", "size": "0", "side": "SELL", "hash": "93c5e6159c264c4f000cd630e84e6ec5c4d9ec52", "best_bid": "0.06", "best_ask": "0.36"}], "timestamp": "1769384469551", "event_type": "price_change"}}
{"_local_timestamp": "2026-01-25T23:41:09.860588+00:00", "data": {"market": "0xf5ca6fb6cef9f97956b68db06a3a7cc10ef4a8df39ffaeca149fb5b565f63bee", "price_changes": [{"asset_id": "69711951384659341030856474164978291061453300466418442416351168367874517678892", "price": "0.25", "size": "150", "side": "BUY", "hash": "d692d5ac47e97d3845670b324c70971719cc914e", "best_bid": "0.64", "best_ask": "0.94"}, {"asset_id": "41868683612109792891450678972496899932817107358992742343202035002953705311282", "price": "0.75", "size": "150", "side": "SELL", "hash": "767b6b10dcbc557ad162c0b0a870cd06d02b18a1", "best_bid": "0.06", "best_ask": "0.36"}], "timestamp": "1769384469793", "event_type": "price_change"}}
{"_local_timestamp": "2026-01-25T23:42:45.364267+00:00", "data": {"market": "0xf5ca6fb6cef9f97956b68db06a3a7cc10ef4a8df39ffaeca149fb5b565f63bee", "price_changes": [{"asset_id": "69711951384659341030856474164978291061453300466418442416351168367874517678892", "price": "0.25", "size": "100", "side": "BUY", "hash": "cfedc29461c33d1428c2f0cf1e82c2c187255c0b", "best_bid": "0.64", "best_ask": "0.94"}, {"asset_id": "41868683612109792891450678972496899932817107358992742343202035002953705311282", "price": "0.75", "size": "100", "side": "SELL", "hash": "2b153d560a0cc1a2e284da34b904a7a834dad428", "best_bid": "0.06", "best_ask": "0.36"}], "timestamp": "1769384565206", "event_type": "price_change"}}
{"_local_timestamp": "2026-01-25T23:42:45.804979+00:00", "data": {"market": "0xf5ca6fb6cef9f97956b68db06a3a7cc10ef4a8df39ffaeca149fb5b565f63bee", "price_changes": [{"asset_id": "69711951384659341030856474164978291061453300466418442416351168367874517678892", "price": "0.24", "size": "50", "side": "BUY", "hash": "9f722a14cb638edfaaffb86b800d6bfac05dfefb", "best_bid": "0.64", "best_ask": "0.94"}, {"asset_id": "41868683612109792891450678972496899932817107358992742343202035002953705311282", "price": "0.76", "size": "50", "side": "SELL", "hash": "e6b48128388f8f3d27d6b4282737eca431ca09b1", "best_bid": "0.06", "best_ask": "0.36"}], "timestamp": "1769384565620", "event_type": "price_change"}}
{"_local_timestamp": "2026-01-25T23:43:38.542493+00:00", "data": {"market": "0xf5ca6fb6cef9f97956b68db06a3a7cc10ef4a8df39ffaeca149fb5b565f63bee", "price_changes": [{"asset_id": "69711951384659341030856474164978291061453300466418442416351168367874517678892", "price": "0.25", "size": "0", "side": "BUY", "hash": "28e910f87fdfab5c2434d42474ae2ad61d0be154", "best_bid": "0.64", "best_ask": "0.94"}, {"asset_id": "41868683612109792891450678972496899932817107358992742343202035002953705311282", "price": "0.75", "size": "0", "side": "SELL", "hash": "e4e5813a777437131bf46112eebf89e59d75c26e", "best_bid": "0.06", "best_ask": "0.36"}], "timestamp": "1769384618458", "event_type": "price_change"}}
{"_local_timestamp": "2026-01-25T23:43:38.818001+00:00", "data": {"market": "0xf5ca6fb6cef9f97956b68db06a3a7cc10ef4a8df39ffaeca149fb5b565f63bee", "price_changes": [{"asset_id": "69711951384659341030856474164978291061453300466418442416351168367874517678892", "price": "0.24", "size": "150", "side": "BUY", "hash": "9406bdc4bec190a95d5a9df346b5647c56e4a717", "best_bid": "0.64", "best_ask": "0.94"}, {"asset_id": "41868683612109792891450678972496899932817107358992742343202035002953705311282", "price": "0.76", "size": "150", "side": "SELL", "hash": "b107a191f30aa96d76e8fb6fe329950a19a5ca55", "best_bid": "0.06", "best_ask": "0.36"}], "timestamp": "1769384618718", "event_type": "price_change"}}
