{"_local_timestamp": "2026-01-25T23:40:45.209232+00:00", "data": [{"market": "0x63bd6b51d2fd4ddb1a1b9e5a29fd949e52907b0d2dd58dfaa399ce1e9d2939b6", "asset_id": "108000435898861121307931392131212467783825567689679334641712592663452779313494", "timestamp": "1769384440600", "hash": "c1fc06c75803fc6c35ba59234c7d2aed35401427", "bids": [{"price": "0.01", "size": "3009.98"}, {"price": "0.02", "size": "3700"}, {"price": "0.03", "size": "255.73"}, {"price": "0.06", "size": "200"}, {"price": "0.07", "size": "10.4"}, {"price": "0.15", "size": "325"}, {"price": "0.16", "size": "1000"}, {"price": "0.17", "size": "2470"}, {"price": "0.18", "size": "150"}, {"price": "0.19", "size": "100"}, {"price": "0.28", "size": "3394"}, {"price": "0.41", "size": "20"}, {"price": "0.46", "size": "100"}, {"price": "0.57", "size": "1314"}, {"price": "0.6", "size": "766"}, {"price": "0.61", "size": "561.12"}, {"price": "0.63", "size": "620"}, {"price": "0.64", "size": "100"}], "asks": [{"price": "0.99", "size": "5008.79"}, {"price": "0.98", "size": "2750"}, {"price": "0.97", "size": "10.02"}, {"price": "0.96", "size": "300"}, {"price": "0.95", "size": "6715"}, {"price": "0.94", "size": "300"}, {"price": "0.92", "size": "50"}, {"price": "0.91", "size": "6.79"}, {"price": "0.87", "size": "1000"}, {"price": "0.84", "size": "25"}, {"price": "0.81", "size": "20"}, {"price": "0.67", "size": "419.99"}, {"price": "0.66", "size": "659.96"}], "event_type": "book", "last_trade_price": "0.640"}, {"market": "0x63bd6b51d2fd4ddb1a1b9e5a29fd949e52907b0d2dd58dfaa399ce1e9d2939b6", "asset_id": "26244119549831204412293063691617590996016705899128364238145634000710346179934", "timestamp": "1769384440600", "hash": "c8323b1dbdcf219f7f6585f7c25534a84f8d5f6f", "bids": [{"price": "0.01", "size": "5008.79"}, {"price": "0.02", "size": "2750"}, {"price": "0.03", "size": "10.02"}, {"price": "0.04", "size": "300"}, {"price": "0.05", "size": "6715"}, {"price": "0.06", "size": "300"}, {"price": "0.08", "size": "50"}, {"price": "0.09", "size": "6.79"}, {"price": "0.13", "size": "1000"}, {"price": "0.16", "size": "25"}, {"price": "0.19", "size": "20"}, {"price": "0.33", "size": "419.99"}, {"price": "0.34", "size": "659.96"}], "asks": [{"price": "0.99", "size": "3009.98"}, {"price": "0.98", "size": "3700"}, {"price": "0.97", "size": "255.73"}, {"price": "0.94", "size": "200"}, {"price": "0.93", "size": "10.4"}, {"price": "0.85", "size": "325"}, {"price": "0.84", "size": "1000"}, {"price": "0.83", "size": "2470"}, {"price": "0.82", "size": "150"}, {"price": "0.81", "size": "100"}, {"price": "0.72", "size": "3394"}, {"price": "0.59", "size": "20"}, {"price": "0.54", "size": "100"}, {"price": "0.43", "size": "1314"}, {"price": "0.4", "size": "766"}, {"price": "0.39", "size": "561.12"}, {"price": "0.37", "size": "620"}, {"price": "0.36", "size": "100"}], "event_type": "book", "last_trade_price": "0.640"}]}
{"_local_timestamp": "2026-01-25T23:41:14.659505+00:00", "data": {"market": "0x63bd6b51d2fd4ddb1a1b9e5a29fd949e52907b0d2dd58dfaa399ce1e9d2939b6", "price_changes": [{"asset_id": "108000435898861121307931392131212467783825567689679334641712592663452779313494", "price": "0.17", "size": "0", "side": "BUY", "hash": "33648adadec733356e9026ac4e91206bbb7162c5", "best_bid": "0.64", "best_ask": "0.66"}, {"asset_id": "26244119549831204412293063691617590996016705899128364238145634000710346179934", "price": "0.83", "size": "0", "side": "SELL", "hash": "be6e5119c6e28fa31c33c88e41178f2ccebf247a", "best_bid": "0.34", "best_ask": "0.36"}], "timestamp": "1769384474534", "event_type": "price_change"}}
{"_local_timestamp": "2026-01-25T23:42:18.524573+00:00", "data": {"market": "0x63bd6b51d2fd4ddb1a1b9e5a29fd949e52907b0d2dd58dfaa399ce1e9d2939b6", "price_changes": [{"asset_id": "108000435898861121307931392131212467783825567689679334641712592663452779313494", "price": "0.2", "size": "2100", "side": "BUY", "hash": "9a02508d9a158f2b182f46915fb1b68315b32b3d", "best_bid": "0.64", "best_ask": "0.66"}, {"asset_id": "26244119549831204412293063691617590996016705899128364238145634000710346179934", "price": "0.8", "size": "2100", "side": "SELL", "hash": "3a8e187394fb1796cc28f76e7985e114768b1033", "best_bid": "0.34", "best_ask": "0.36"}], "timestamp": "1769384538409", "event_type": "price_change"}}
{"_local_timestamp": "2026-01-25T23:42:24.700609+00:00", "data": {"market": "0x63bd6b51d2fd4ddb1a1b9e5a29fd949e52907b0d2dd58dfaa399ce1e9d2939b6", "price_changes": [{"asset_id": "108000435898861121307931392131212467783825567689679334641712592663452779313494", "price": "0.19", "size": "0", "side": "BUY", "hash": "1de0fd7662518abe4dafb65da7f54a67b04c97db", "best_bid": "0.64", "best_ask": "0.66"}, {"asset_id": "26244119549831204412293063691617590996016705899128364238145634000710346179934", "price": "0.81", "size": "0", "side": "SELL", "hash": "7d789deec5f4ac46956c8222723065f2edd65e6b", "best_bid": "0.34", "best_ask": "0.36"}], "timestamp": "1769384544484", "event_type": "price_change"}}
{"_local_timestamp": "2026-01-25T23:42:25.124767+00:00", "data": {"market": "0x63bd6b51d2fd4ddb1a1b9e5a29fd949e52907b0d2dd58dfaa399ce1e9d2939b6", "price_changes": [{"asset_id": "108000435898861121307931392131212467783825567689679334641712592663452779313494", "price": "0.17", "size": "100", "side": "BUY", "hash": "cc97c0929a5af769a0c7793f55c6d2d85bd2640f", "best_bid": "0.64", "best_ask": "0.66"}, {"asset_id": "26244119549831204412293063691617590996016705899128364238145634000710346179934", "price": "0.83", "size": "100", "side": "SELL", "hash": "4bddd094b8eb976149a165274a20df4c8874e15b", "best_bid": "0.34", "best_ask": "0.36"}], "timestamp": "1769384544914", "event_type": "price_change"}}
{"_local_timestamp": "2026-01-25T23:42:47.265607+00:00", "data": {"market": "0x63bd6b51d2fd4ddb1a1b9e5a29fd949e52907b0d2dd58dfaa399ce1e9d2939b6", "price_changes": [{"asset_id": "108000435898861121307931392131212467783825567689679334641712592663452779313494", "price": "0.2", "size": "0", "side": "BUY", "hash": "ed89cee96db2e68545fb85ef17b23e6f326c18b7", "best_bid": "0.64", "best_ask": "0.66"}, {"asset_id": "26244119549831204412293063691617590996016705899128364238145634000710346179934", "price": "0.8", "size": "0", "side": "SELL", "hash": "53bcd967b7c3da1bfd842519f83e1dae87f68193", "best_bid": "0.34", "best_ask": "0.36"}], "timestamp": "1769384566988", "event_type": "price_change"}}
{"_local_timestamp": "2026-01-25T23:44:03.305146+00:00", "data": {"market": "0x63bd6b51d2fd4ddb1a1b9e5a29fd949e52907b0d2dd58dfaa399ce1e9d2939b6", "price_changes": [{"asset_id": "108000435898861121307931392131212467783825567689679334641712592663452779313494", "price": "0.19", "size": "2210", "side": "BUY", "hash": "3bff6b2697a9bdc22433260d0f9cdc76f870b64a", "best_bid": "0.64", "best_ask": "0.66"}, {"asset_id": "26244119549831204412293063691617590996016705899128364238145634000710346179934", "price": "0.81", "size": "2210", "side": "SELL", "hash": "202daff608c7bc1b099c36d091ea81d63e1847f6", "best_bid": "0.34", "best_ask": "0.36"}], "timestamp": "1769384643161", "event_type": "price_change"}}
{"_local_timestamp": "2026-01-25T23:44:08.698611+00:00", "data": {"market": "0x63bd6b51d2fd4ddb1a1b9e5a29fd949e52907b0d2dd58dfaa399ce1e9d2939b6", "price_changes": [{"asset_id": "108000435898861121307931392131212467783825567689679334641712592663452779313494", "price": "0.17", "size": "0", "side": "BUY", "hash": "aa0ac0eb6b770eb3c3b469d714f17ffd465b7a73", "best_bid": "0.64", "best_ask": "0.66"}, {"asset_id": "26244119549831204412293063691617590996016705899128364238145634000710346179934", "price": "0.83", "size": "0", "side": "SELL", "hash": "5ad5f077f24ba271abbf1ef16a0c00194973e67a", "best_bid": "0.34", "best_ask": "0.36"}], "timestamp": "1769384648433", "event_type": "price_change"}}
{"_local_timestamp": "2026-01-25T23:44:09.089185+00:00", "data": {"market": "0x63bd6b51d2fd4ddb1a1b9e5a29fd949e52907b0d2dd58dfaa399ce1e9d2939b6", "price_changes": [{"asset_id": "108000435898861121307931392131212467783825567689679334641712592663452779313494", "price": "0.2", "size": "100", "side": "BUY", "hash": "7e08bd5b912287eacbdb17edf9b5e411c33a0cd6", "best_bid": "0.64", "best_ask": "0.66"}, {"asset_id": "26244119549831204412293063691617590996016705899128364238145634000710346179934", "price": "0.8", "size": "100", "side": "SELL", "hash": "ee8226cb35bee0361a8d5b46e6466f0791a344e1", "best_bid": "0.34", "best_ask": "0.36"}], "timestamp": "1769384648767", "event_type": "price_change"}}
{"_local_timestamp": "2026-01-25T23:44:20.626931+00:00", "data": {"market": "0x63bd6b51d2fd4ddb1a1b9e5a29fd949e52907b0d2dd58dfaa399ce1e9d2939b6", "price_changes": [{"asset_id": "108000435898861121307931392131212467783825567689679334641712592663452779313494", "price": "0.18", "size": "0", "side": "BUY", "hash": "c18185c99a0a759ba399855182017d2467850d18", "best_bid": "0.64", "best_ask": "0.66"}, {"asset_id": "26244119549831204412293063691617590996016705899128364238145634000710346179934", "price": "0.82", "size": "0", "side": "SELL", "hash": "36901ccaed60966925b918ea5c8407c83f2a8740", "best_bid": "0.34", "best_ask": "0.36"}], "timestamp": "1769384660475", "event_type": "price_change"}}
{"_local_timestamp": "2026-01-25T23:44:21.418034+00:00", "data": {"market": "0x63bd6b51d2fd4ddb1a1b9e5a29fd949e52907b0d2dd58dfaa399ce1e9d2939b6", "price_changes": [{"asset_id": "108000435898861121307931392131212467783825567689679334641712592663452779313494", "price": "0.16", "size": "1150", "side": "BUY", "hash": "20d0cbedf267e04437407391751a0abf7f99ec19", "best_bid": "0.64", "best_ask": "0.66"}, {"asset_id": "26244119549831204412293063691617590996016705899128364238145634000710346179934", "price": "0.84", "size": "1150", "side": "SELL", "hash": "543dd16ec28acf276e2ef098806fa6ba1adb3b2c", "best_bid": "0.34", "best_ask": "0.36"}], "timestamp": "1769384660894", "event_type": "price_change"}}
{"_local_timestamp": "2026-01-25T23:45:02.036869+00:00", "data": {"market": "0x63bd6b51d2fd4ddb1a1b9e5a29fd949e52907b0d2dd58dfaa399ce1e9d2939b6", "price_changes": [{"asset_id": "108000435898861121307931392131212467783825567689679334641712592663452779313494", "price": "0.63", "size": "720", "side": "BUY", "hash": "73fd4b0efe9da5d9316f27df150fe10ec7057031", "best_bid": "0.64", "best_ask": "0.66"}, {"asset_id": "26244119549831204412293063691617590996016705899128364238145634000710346179934", "price": "0.37", "size": "720", "side": "SELL", "hash": "9e2ede399fc61d6a076d147edd4fea34e6edff1f", "best_bid": "0.34", "best_ask": "0.36"}], "timestamp": "1769384701946", "event_type": "price_change"}}
{"_local_timestamp": "2026-01-25T23:45:22.880670+00:00", "data": {"market": "0x63bd6b51d2fd4ddb1a1b9e5a29fd949e52907b0d2dd58dfaa399ce1e9d2939b6", "price_changes": [{"asset_id": "108000435898861121307931392131212467783825567689679334641712592663452779313494", "price": "0.61", "size": "461.12", "side": "BUY", "hash": "2b18f6526f51f25476ea76ce6019ae0cec25a216", "best_bid": "0.64", "best_ask": "0.66"}, {"asset_id": "26244119549831204412293063691617590996016705899128364238145634000710346179934", "price": "0.39", "size": "461.12", "side": "SELL", "hash": "6aaa002a8e65e73428b1a9839f0bb01ca0b20ce9", "best_bid": "0.34", "best_ask": "0.36"}], "timestamp": "1769384722777", "event_type": "price_change"}}
{"_local_timestamp": "2026-01-25T23:45:27.967121+00:00", "data": {"market": "0x63bd6b51d2fd4ddb1a1b9e5a29fd949e52907b0d2dd58dfaa399ce1e9d2939b6", "price_changes": [{"asset_id": "108000435898861121307931392131212467783825567689679334641712592663452779313494", "price": "0.61", "size": "561.12", "side": "BUY", "hash": "978418c39d9ea14e898965e45a03c5c20269f3d8", "best_bid": "0.64", "best_ask": "0.66"}, {"asset_id": "26244119549831204412293063691617590996016705899128364238145634000710346179934", "price": "0.39", "size": "561.12", "side": "SELL", "hash": "9af3609cfde793a7756d0f9cf152157be295390d", "best_bid": "0.34", "best_ask": "0.36"}], "timestamp": "1769384727887", "event_type": "price_change"}}
{"_local_timestamp": "2026-01-25T23:45:53.278429+00:00", "data": {"market": "0x63bd6b51d2fd4ddb1a1b9e5a29fd949e52907b0d2dd58dfaa399ce1e9d2939b6", "price_changes": [{"asset_id": "108000435898861121307931392131212467783825567689679334641712592663452779313494", "price": "0.2", "size": "0", "side": "BUY", "hash": "0a7e17ebe57c837838318537a42b254d7fb113e7", "best_bid": "0.64", "best_ask": "0.66"}, {"asset_id": "26244119549831204412293063691617590996016705899128364238145634000710346179934", "price": "0.8", "size": "0", "side": "SELL", "hash": "134052ca82e3e09081bf8862c84af80370fb0dde", "best_bid": "0.34", "best_ask": "0.36"}], "timestamp": "1769384753027", "event_type": "price_change"}}
{"_local_timestamp": "2026-01-25T23:45:53.618714+00:00", "data": {"market": "0x63bd6b51d2fd4ddb1a1b9e5a29fd949e52907b0d2dd58dfaa399ce1e9d2939b6", "price_changes": [{"asset_id": "108000435898861121307931392131212467783825567689679334641712592663452779313494", "price": "0.19", "size": "2310", "side": "BUY", "hash": "c243d7d27ac95365efc7aea9495a0787b2f126d5", "best_bid": "0.64", "best_ask": "0.66"}, {"asset_id": "26244119549831204412293063691617590996016705899128364238145634000710346179934", "price": "0.81", "size": "2310", "side": "SELL", "hash": "7809ce0c1c5cc3ba0badd82ffe375c9fe927921e", "best_bid": "0.34", "best_ask": "0.36"}], "timestamp": "1769384753509", "event_type": "price_change"}}
