{"_local_timestamp": "2026-01-25T23:33:36.193177+00:00", "data": [{"market": "0x63bd6b51d2fd4ddb1a1b9e5a29fd949e52907b0d2dd58dfaa399ce1e9d2939b6", "asset_id": "108000435898861121307931392131212467783825567689679334641712592663452779313494", "timestamp": "1769383981302", "hash": "2fe56cbdae495593f71517127308c43d18e77b6b", "bids": [{"price": "0.01", "size": "3009.98"}, {"price": "0.02", "size": "3700"}, {"price": "0.03", "size": "255.73"}, {"price": "0.06", "size": "200"}, {"price": "0.07", "size": "10.4"}, {"price": "0.15", "size": "325"}, {"price": "0.16", "size": "1000"}, {"price": "0.19", "size": "250"}, {"price": "0.2", "size": "2100"}, {"price": "0.26", "size": "7"}, {"price": "0.27", "size": "3500"}, {"price": "0.41", "size": "20"}, {"price": "0.46", "size": "100"}, {"price": "0.57", "size": "1314"}, {"price": "0.6", "size": "766"}, {"price": "0.61", "size": "561.12"}, {"price": "0.63", "size": "720"}, {"price": "0.64", "size": "100"}], "asks": [{"price": "0.99", "size": "5008.79"}, {"price": "0.98", "size": "3150"}, {"price": "0.97", "size": "10.02"}, {"price": "0.96", "size": "300"}, {"price": "0.92", "size": "50"}, {"price": "0.91", "size": "3349"}, {"price": "0.9", "size": "6.11"}, {"price": "0.87", "size": "1000"}, {"price": "0.86", "size": "250"}, {"price": "0.84", "size": "25"}, {"price": "0.81", "size": "20"}, {"price": "0.67", "size": "519.99"}, {"price": "0.66", "size": "659.96"}], "event_type": "book", "last_trade_price": "0.640"}, {"market": "0x63bd6b51d2fd4ddb1a1b9e5a29fd949e52907b0d2dd58dfaa399ce1e9d2939b6", "asset_id": "26244119549831204412293063691617590996016705899128364238145634000710346179934", "timestamp": "1769383981302", "hash": "aa14eda757dba59b9b0481f49215ecf47683ba50", "bids": [{"price": "0.01", "size": "5008.79"}, {"price": "0.02", "size": "3150"}, {"price": "0.03", "size": "10.02"}, {"price": "0.04", "size": "300"}, {"price": "0.08", "size": "50"}, {"price": "0.09", "size": "3349"}, {"price": "0.1", "size": "6.11"}, {"price": "0.13", "size": "1000"}, {"price": "0.14", "size": "250"}, {"price": "0.16", "size": "25"}, {"price": "0.19", "size": "20"}, {"price": "0.33", "size": "519.99"}, {"price": "0.34", "size": "659.96"}], "asks": [{"price": "0.99", "size": "3009.98"}, {"price": "0.98", "size": "3700"}, {"price": "0.97", "size": "255.73"}, {"price": "0.94", "size": "200"}, {"price": "0.93", "size": "10.4"}, {"price": "0.85", "size": "325"}, {"price": "0.84", "size": "1000"}, {"price": "0.81", "size": "250"}, {"price": "0.8", "size": "2100"}, {"price": "0.74", "size": "7"}, {"price": "0.73", "size": "3500"}, {"price": "0.59", "size": "20"}, {"price": "0.54", "size": "100"}, {"price": "0.43", "size": "1314"}, {"price": "0.4", "size": "766"}, {"price": "0.39", "size": "561.12"}, {"price": "0.37", "size": "720"}, {"price": "0.36", "size": "100"}], "event_type": "book", "last_trade_price": "0.640"}]}
{"_local_timestamp": "2026-01-25T23:33:40.244127+00:00", "data": {"market": "0x63bd6b51d2fd4ddb1a1b9e5a29fd949e52907b0d2dd58dfaa399ce1e9d2939b6", "price_changes": [{"asset_id": "108000435898861121307931392131212467783825567689679334641712592663452779313494", "price": "0.19", "size": "150", "side": "BUY", "hash": "529e4d07d847701b4ec779f5901b8da272b8331c", "best_bid": "0.64", "best_ask": "0.66"}, {"asset_id": "26244119549831204412293063691617590996016705899128364238145634000710346179934", "price": "0.81", "size": "150", "side": "SELL", "hash": "5374f7906d8b850ac3b4e97af8cdb9c82e3379f2", "best_bid": "0.34", "best_ask": "0.36"}], "timestamp": "1769384020092", "event_type": "price_change"}}
{"_local_timestamp": "2026-01-25T23:33:40.676201+00:00", "data": {"market": "0x63bd6b51d2fd4ddb1a1b9e5a29fd949e52907b0d2dd58dfaa399ce1e9d2939b6", "price_changes": [{"asset_id": "108000435898861121307931392131212467783825567689679334641712592663452779313494", "price": "0.17", "size": "100", "side": "BUY", "hash": "5cb2db9c2c61f78c342c716ad1a9989c63fd0e87", "best_bid": "0.64", "best_ask": "0.66"}, {"asset_id": "26244119549831204412293063691617590996016705899128364238145634000710346179934", "price": "0.83", "size": "100", "side": "SELL", "hash": "f490df63f1e00dcfdde03dbde5d781f7ef8481c1", "best_bid": "0.34", "best_ask": "0.36"}], "timestamp": "1769384020531", "event_type": "price_change"}}
{"_local_timestamp": "2026-01-25T23:34:00.105312+00:00", "data": {"market": "0x63bd6b51d2fd4ddb1a1b9e5a29fd949e52907b0d2dd58dfaa399ce1e9d2939b6", "price_changes": [{"asset_id": "108000435898861121307931392131212467783825567689679334641712592663452779313494", "price": "0.63", "size": "520", "side": "BUY", "hash": "10e226a0acc630824d0796b07ee055af0f2f4e62", "best_bid": "0.64", "best_ask": "0.66"}, {"asset_id": "26244119549831204412293063691617590996016705899128364238145634000710346179934", "price": "0.37", "size": "520", "side": "SELL", "hash": "38139994d2b939a3c258f246608657816dd70107", "best_bid": "0.34", "best_ask": "0.36"}], "timestamp": "1769384040001", "event_type": "price_change"}}
{"_local_timestamp": "2026-01-25T23:34:07.085200+00:00", "data": {"market": "0x63bd6b51d2fd4ddb1a1b9e5a29fd949e52907b0d2dd58dfaa399ce1e9d2939b6", "price_changes": [{"asset_id": "108000435898861121307931392131212467783825567689679334641712592663452779313494", "price": "0.63", "size": "420", "side": "BUY", "hash": "a4d3a54f57c87981da20c56145b638370e563016", "best_bid": "0.64", "best_ask": "0.66"}, {"asset_id": "26244119549831204412293063691617590996016705899128364238145634000710346179934", "price": "0.37", "size": "420", "side": "SELL", "hash": "2adee58069a03950802b8ff160e44e073bfa2108", "best_bid": "0.34", "best_ask": "0.36"}], "timestamp": "1769384047000", "event_type": "price_change"}}
{"_local_timestamp": "2026-01-25T23:34:07.098189+00:00", "data": {"market": "0x63bd6b51d2fd4ddb1a1b9e5a29fd949e52907b0d2dd58dfaa399ce1e9d2939b6", "price_changes": [{"asset_id": "26244119549831204412293063691617590996016705899128364238145634000710346179934", "price": "0.33", "size": "419.99", "side": "BUY", "hash": "5b80f8f071bb655e61f76d70677af403e0c21bdc", "best_bid": "0.34", "best_ask": "0.36"}, {"asset_id": "108000435898861121307931392131212467783825567689679334641712592663452779313494", "price": "0.67", "size": "419.99", "side": "SELL", "hash": "00a2bb88af1e12d4fb81587c4dd3f76e02c069ea", "best_bid": "0.64", "best_ask": "0.66"}], "timestamp": "1769384047004", "event_type": "price_change"}}
{"_local_timestamp": "2026-01-25T23:34:13.196944+00:00", "data": {"market": "0x63bd6b51d2fd4ddb1a1b9e5a29fd949e52907b0d2dd58dfaa399ce1e9d2939b6", "price_changes": [{"asset_id": "108000435898861121307931392131212467783825567689679334641712592663452779313494", "price": "0.26", "size": "0", "side": "BUY", "hash": "9df8c5fddaf5633d49d4e2b5f7e4dbbec6d65dd1", "best_bid": "0.64", "best_ask": "0.66"}, {"asset_id": "26244119549831204412293063691617590996016705899128364238145634000710346179934", "price": "0.74", "size": "0", "side": "SELL", "hash": "c21237e05b469bc4e174dcaabc6acd640ea0e476", "best_bid": "0.34", "best_ask": "0.36"}], "timestamp": "1769384053070", "event_type": "price_change"}}
{"_local_timestamp": "2026-01-25T23:34:13.210646+00:00", "data": {"market": "0x63bd6b51d2fd4ddb1a1b9e5a29fd949e52907b0d2dd58dfaa399ce1e9d2939b6", "price_changes": [{"asset_id": "108000435898861121307931392131212467783825567689679334641712592663452779313494", "price": "0.28", "size": "7", "side": "BUY", "hash": "cbbf7e0860fb7232856289cb359cac2151d50b06", "best_bid": "0.64", "best_ask": "0.66"}, {"asset_id": "26244119549831204412293063691617590996016705899128364238145634000710346179934", "price": "0.72", "size": "7", "side": "SELL", "hash": "51f96779afa6ef5cd91cfed13aaa411b0de1ef72", "best_bid": "0.34", "best_ask": "0.36"}], "timestamp": "1769384053121", "event_type": "price_change"}}
{"_local_timestamp": "2026-01-25T23:34:27.803849+00:00", "data": {"market": "0x63bd6b51d2fd4ddb1a1b9e5a29fd949e52907b0d2dd58dfaa399ce1e9d2939b6", "price_changes": [{"asset_id": "108000435898861121307931392131212467783825567689679334641712592663452779313494", "price": "0.19", "size": "0", "side": "BUY", "hash": "58c2198b011a2290b1645e87fdc1e51a35daefdf", "best_bid": "0.64", "best_ask": "0.66"}, {"asset_id": "26244119549831204412293063691617590996016705899128364238145634000710346179934", "price": "0.81", "size": "0", "side": "SELL", "hash": "e3d946bad1624e71c7aa5dc1fb4a2cdbb7b5cdca", "best_bid": "0.34", "best_ask": "0.36"}], "timestamp": "1769384067593", "event_type": "price_change"}}
{"_local_timestamp": "2026-01-25T23:34:28.417647+00:00", "data": {"market": "0x63bd6b51d2fd4ddb1a1b9e5a29fd949e52907b0d2dd58dfaa399ce1e9d2939b6", "price_changes": [{"asset_id": "108000435898861121307931392131212467783825567689679334641712592663452779313494", "price": "0.17", "size": "250", "side": "BUY", "hash": "e37422b8fc101d470e2baac646c101dfcc0a5ba5", "best_bid": "0.64", "best_ask": "0.66"}, {"asset_id": "26244119549831204412293063691617590996016705899128364238145634000710346179934", "price": "0.83", "size": "250", "side": "SELL", "hash": "9c4198a028b295601b524148d8de5ed63af4e728", "best_bid": "0.34", "best_ask": "0.36"}], "timestamp": "1769384068123", "event_type": "price_change"}}
{"_local_timestamp": "2026-01-25T23:34:43.867011+00:00", "data": {"market": "0x63bd6b51d2fd4ddb1a1b9e5a29fd949e52907b0d2dd58dfaa399ce1e9d2939b6", "price_changes": [{"asset_id": "26244119549831204412293063691617590996016705899128364238145634000710346179934", "price": "0.09", "size": "0", "side": "BUY", "hash": "82c3e32acb9d3016f2a83c46bdfb4a2c3dedc4f1", "best_bid": "0.34", "best_ask": "0.36"}, {"asset_id": "108000435898861121307931392131212467783825567689679334641712592663452779313494", "price": "0.91", "size": "0", "side": "SELL", "hash": "bab3d724ebea913428087f28df987de004671dbf", "best_bid": "0.64", "best_ask": "0.66"}], "timestamp": "1769384083797", "event_type": "price_change"}}
{"_local_timestamp": "2026-01-25T23:34:44.034887+00:00", "data": {"market": "0x63bd6b51d2fd4ddb1a1b9e5a29fd949e52907b0d2dd58dfaa399ce1e9d2939b6", "price_changes": [{"asset_id": "26244119549831204412293063691617590996016705899128364238145634000710346179934", "price": "0.05", "size": "6015", "side": "BUY", "hash": "13d68f4f86bb453109487345c2bf30ec1ee9e08e", "best_bid": "0.34", "best_ask": "0.36"}, {"asset_id": "108000435898861121307931392131212467783825567689679334641712592663452779313494", "price": "0.95", "size": "6015", "side": "SELL", "hash": "b613621067dd5cffa1bc9b87000a81049934fd09", "best_bid": "0.64", "best_ask": "0.66"}], "timestamp": "1769384083963", "event_type": "price_change"}}
{"_local_timestamp": "2026-01-25T23:34:44.244159+00:00", "data": {"market": "0x63bd6b51d2fd4ddb1a1b9e5a29fd949e52907b0d2dd58dfaa399ce1e9d2939b6", "price_changes": [{"asset_id": "108000435898861121307931392131212467783825567689679334641712592663452779313494", "price": "0.27", "size": "150", "side": "BUY", "hash": "be8c1da60b9402880cb1e8e3860aaedf0069c73f", "best_bid": "0.64", "best_ask": "0.66"}, {"asset_id": "26244119549831204412293063691617590996016705899128364238145634000710346179934", "price": "0.73", "size": "150", "side": "SELL", "hash": "a394a0c919d5cbf3aa0d5887480e79977a2309a2", "best_bid": "0.34", "best_ask": "0.36"}], "timestamp": "1769384084162", "event_type": "price_change"}}
{"_local_timestamp": "2026-01-25T23:34:44.398722+00:00", "data": {"market": "0x63bd6b51d2fd4ddb1a1b9e5a29fd949e52907b0d2dd58dfaa399ce1e9d2939b6", "price_changes": [{"asset_id": "108000435898861121307931392131212467783825567689679334641712592663452779313494", "price": "0.28", "size": "3244", "side": "BUY", "hash": "dfea9bde32581e2a8401584dab8cb93ed872d97a", "best_bid": "0.64", "best_ask": "0.66"}, {"asset_id": "26244119549831204412293063691617590996016705899128364238145634000710346179934", "price": "0.72", "size": "3244", "side": "SELL", "hash": "8d36184335c8a7f56f70a9bb9fb9a40f836b0268", "best_bid": "0.34", "best_ask": "0.36"}], "timestamp": "1769384084328", "event_type": "price_change"}}
{"_local_timestamp": "2026-01-25T23:35:26.707936+00:00", "data": {"market": "0x63bd6b51d2fd4ddb1a1b9e5a29fd949e52907b0d2dd58dfaa399ce1e9d2939b6", "price_changes": [{"asset_id": "108000435898861121307931392131212467783825567689679334641712592663452779313494", "price": "0.17", "size": "150", "side": "BUY", "hash": "0bf1cc48fe6fb68f00ab02b9a0343e6d01fa9832", "best_bid": "0.64", "best_ask": "0.66"}, {"asset_id": "26244119549831204412293063691617590996016705899128364238145634000710346179934", "price": "0.83", "size": "150", "side": "SELL", "hash": "f8b99a2ca66eb0067e89b2a432ce46c04a46595a", "best_bid": "0.34", "best_ask": "0.36"}], "timestamp": "1769384126571", "event_type": "price_change"}}
{"_local_timestamp": "2026-01-25T23:35:27.062056+00:00", "data": {"market": "0x63bd6b51d2fd4ddb1a1b9e5a29fd949e52907b0d2dd58dfaa399ce1e9d2939b6", "price_changes": [{"asset_id": "108000435898861121307931392131212467783825567689679334641712592663452779313494", "price": "0.2", "size": "2200", "side": "BUY", "hash": "70568bae206e412cbae9341022341638e2d90878", "best_bid": "0.64", "best_ask": "0.66"}, {"asset_id": "26244119549831204412293063691617590996016705899128364238145634000710346179934", "price": "0.8", "size": "2200", "side": "SELL", "hash": "49a94b292f908e2022f5e0ee01d3f7a431880708", "best_bid": "0.34", "best_ask": "0.36"}], "timestamp": "1769384126889", "event_type": "price_change"}}
{"_local_timestamp": "2026-01-25T23:35:53.643232+00:00", "data": {"market": "0x63bd6b51d2fd4ddb1a1b9e5a29fd949e52907b0d2dd58dfaa399ce1e9d2939b6", "price_changes": [{"asset_id": "108000435898861121307931392131212467783825567689679334641712592663452779313494", "price": "0.63", "size": "620", "side": "BUY", "hash": "27988d03d724ede6974387db70edb9f48526f753", "best_bid": "0.64", "best_ask": "0.66"}, {"asset_id": "26244119549831204412293063691617590996016705899128364238145634000710346179934", "price": "0.37", "size": "620", "side": "SELL", "hash": "9393fbec1da779d1031bf15be4b0df2109c0e4aa", "best_bid": "0.34", "best_ask": "0.36"}], "timestamp": "1769384153577", "event_type": "price_change"}}
{"_local_timestamp": "2026-01-25T23:35:58.160203+00:00", "data": {"market": "0x63bd6b51d2fd4ddb1a1b9e5a29fd949e52907b0d2dd58dfaa399ce1e9d2939b6", "price_changes": [{"asset_id": "108000435898861121307931392131212467783825567689679334641712592663452779313494", "price": "0.2", "size": "100", "side": "BUY", "hash": "af0016676391922b2c7b5c217ffeb089d852fd26", "best_bid": "0.64", "best_ask": "0.66"}, {"asset_id": "26244119549831204412293063691617590996016705899128364238145634000710346179934", "price": "0.8", "size": "100", "side": "SELL", "hash": "dbb104e26c5b1c236df9ccaedc2483f8ee25bfd7", "best_bid": "0.34", "best_ask": "0.36"}], "timestamp": "1769384158069", "event_type": "price_change"}}
{"_local_timestamp": "2026-01-25T23:36:37.578650+00:00", "data": {"market": "0x63bd6b51d2fd4ddb1a1b9e5a29fd949e52907b0d2dd58dfaa399ce1e9d2939b6", "price_changes": [{"asset_id": "108000435898861121307931392131212467783825567689679334641712592663452779313494", "price": "0.18", "size": "2332", "side": "BUY", "hash": "1a0d267fbcccc90ea2d95dbcb8642d72004d29cb", "best_bid": "0.64", "best_ask": "0.66"}, {"asset_id": "26244119549831204412293063691617590996016705899128364238145634000710346179934", "price": "0.82", "size": "2332", "side": "SELL", "hash": "eeeaf50dd54fe5e2b46a2d2911f56138afce559d", "best_bid": "0.34", "best_ask": "0.36"}], "timestamp": "1769384197515", "event_type": "price_change"}}
{"_local_timestamp": "2026-01-25T23:36:42.034130+00:00", "data": {"market": "0x63bd6b51d2fd4ddb1a1b9e5a29fd949e52907b0d2dd58dfaa399ce1e9d2939b6", "price_changes": [{"asset_id": "26244119549831204412293063691617590996016705899128364238145634000710346179934", "price": "0.1", "size": "0", "side": "BUY", "hash": "1ea1aab48a261b1271bbb5655c10982191f3fc1b", "best_bid": "0.34", "best_ask": "0.36"}, {"asset_id": "108000435898861121307931392131212467783825567689679334641712592663452779313494", "price": "0.9", "size": "0", "side": "SELL", "hash": "d2e5daf935a7d80ede935a9569e999987f45beef", "best_bid": "0.64", "best_ask": "0.66"}], "timestamp": "1769384201902", "event_type": "price_change"}}
{"_local_timestamp": "2026-01-25T23:36:42.638449+00:00", "data": {"market": "0x63bd6b51d2fd4ddb1a1b9e5a29fd949e52907b0d2dd58dfaa399ce1e9d2939b6", "price_changes": [{"asset_id": "26244119549831204412293063691617590996016705899128364238145634000710346179934", "price": "0.09", "size": "6.79", "side": "BUY", "hash": "e8858a8e86809c8b2b7b8968e7879add22dc8160", "best_bid": "0.34", "best_ask": "0.36"}, {"asset_id": "108000435898861121307931392131212467783825567689679334641712592663452779313494", "price": "0.91", "size": "6.79", "side": "SELL", "hash": "4a1092eb4462ba0f020696d5aa31ed71e5464294", "best_bid": "0.64", "best_ask": "0.66"}], "timestamp": "1769384202493", "event_type": "price_change"}}
{"_local_timestamp": "2026-01-25T23:36:55.230598+00:00", "data": {"market": "0x63bd6b51d2fd4ddb1a1b9e5a29fd949e52907b0d2dd58dfaa399ce1e9d2939b6", "price_changes": [{"asset_id": "108000435898861121307931392131212467783825567689679334641712592663452779313494", "price": "0.17", "size": "0", "side": "BUY", "hash": "856cadf29f3ba0a50aa1e3895f0966ba10b42727", "best_bid": "0.64", "best_ask": "0.66"}, {"asset_id": "26244119549831204412293063691617590996016705899128364238145634000710346179934", "price": "0.83", "size": "0", "side": "SELL", "hash": "e6a7e7f6c6321d818d512bb2ec00c204573141e3", "best_bid": "0.34", "best_ask": "0.36"}], "timestamp": "1769384215004", "event_type": "price_change"}}
{"_local_timestamp": "2026-01-25T23:36:56.038441+00:00", "data": {"market": "0x63bd6b51d2fd4ddb1a1b9e5a29fd949e52907b0d2dd58dfaa399ce1e9d2939b6", "price_changes": [{"asset_id": "108000435898861121307931392131212467783825567689679334641712592663452779313494", "price": "0.2", "size": "250", "side": "BUY", "hash": "b3a74fd5041ca5fd8681f44c59b2d3b983adfeb3", "best_bid": "0.64", "best_ask": "0.66"}, {"asset_id": "26244119549831204412293063691617590996016705899128364238145634000710346179934", "price": "0.8", "size": "250", "side": "SELL", "hash": "3855f034b5307dc3ee4a55467700dd7d0914c0c7", "best_bid": "0.34", "best_ask": "0.36"}], "timestamp": "1769384215642", "event_type": "price_change"}}
{"_local_timestamp": "2026-01-25T23:36:57.773537+00:00", "data": {"market": "0x63bd6b51d2fd4ddb1a1b9e5a29fd949e52907b0d2dd58dfaa399ce1e9d2939b6", "price_changes": [{"asset_id": "26244119549831204412293063691617590996016705899128364238145634000710346179934", "price": "0.14", "size": "0", "side": "BUY", "hash": "6661cae7946cb6c76f94e29a47214606b9e6093d", "best_bid": "0.34", "best_ask": "0.36"}, {"asset_id": "108000435898861121307931392131212467783825567689679334641712592663452779313494", "price": "0.86", "size": "0", "side": "SELL", "hash": "9f54382521c6480ee6def46c23075fc1157fba7c", "best_bid": "0.64", "best_ask": "0.66"}], "timestamp": "1769384217222", "event_type": "price_change"}}
{"_local_timestamp": "2026-01-25T23:37:13.237052+00:00", "data": {"market": "0x63bd6b51d2fd4ddb1a1b9e5a29fd949e52907b0d2dd58dfaa399ce1e9d2939b6", "price_changes": [{"asset_id": "108000435898861121307931392131212467783825567689679334641712592663452779313494", "price": "0.27", "size": "100", "side": "BUY", "hash": "f95f747e2d9c06376b5420975dddc3f00d617521", "best_bid": "0.64", "best_ask": "0.66"}, {"asset_id": "26244119549831204412293063691617590996016705899128364238145634000710346179934", "price": "0.73", "size": "100", "side": "SELL", "hash": "8aa3b845bfd1f0e501c2066b01f3acb4370cbb98", "best_bid": "0.34", "best_ask": "0.36"}], "timestamp": "1769384233028", "event_type": "price_change"}}
{"_local_timestamp": "2026-01-25T23:37:13.516077+00:00", "data": {"market": "0x63bd6b51d2fd4ddb1a1b9e5a29fd949e52907b0d2dd58dfaa399ce1e9d2939b6", "price_changes": [{"asset_id": "108000435898861121307931392131212467783825567689679334641712592663452779313494", "price": "0.28", "size": "3294", "side": "BUY", "hash": "1148e35167c64ca8f4986ed7196d34a4f3509b0d", "best_bid": "0.64", "best_ask": "0.66"}, {"asset_id": "26244119549831204412293063691617590996016705899128364238145634000710346179934", "price": "0.72", "size": "3294", "side": "SELL", "hash": "6442531f0215a7a5daca6d1d49480cd7919047df", "best_bid": "0.34", "best_ask": "0.36"}], "timestamp": "1769384233377", "event_type": "price_change"}}
{"_local_timestamp": "2026-01-25T23:37:25.211157+00:00", "data": {"market": "0x63bd6b51d2fd4ddb1a1b9e5a29fd949e52907b0d2dd58dfaa399ce1e9d2939b6", "price_changes": [{"asset_id": "26244119549831204412293063691617590996016705899128364238145634000710346179934", "price": "0.06", "size": "300", "side": "BUY", "hash": "5e40f0697914ad285de79602d03eec1c7383e7c2", "best_bid": "0.34", "best_ask": "0.36"}, {"asset_id": "108000435898861121307931392131212467783825567689679334641712592663452779313494", "price": "0.94", "size": "300", "side": "SELL", "hash": "4870af431f696c49d5a8ea0cae86d655e966d159", "best_bid": "0.64", "best_ask": "0.66"}], "timestamp": "1769384245133", "event_type": "price_change"}}
{"_local_timestamp": "2026-01-25T23:37:32.678101+00:00", "data": {"market": "0x63bd6b51d2fd4ddb1a1b9e5a29fd949e52907b0d2dd58dfaa399ce1e9d2939b6", "price_changes": [{"asset_id": "26244119549831204412293063691617590996016705899128364238145634000710346179934", "price": "0.02", "size": "2750", "side": "BUY", "hash": "823e2666b461ce906a60d3eaf432b825e33c443e", "best_bid": "0.34", "best_ask": "0.36"}, {"asset_id": "108000435898861121307931392131212467783825567689679334641712592663452779313494", "price": "0.98", "size": "2750", "side": "SELL", "hash": "a20014705c86bc668371f55de82ae0cfa10d14d8", "best_bid": "0.64", "best_ask": "0.66"}], "timestamp": "1769384252569", "event_type": "price_change"}}
{"_local_timestamp": "2026-01-25T23:37:33.085006+00:00", "data": {"market": "0x63bd6b51d2fd4ddb1a1b9e5a29fd949e52907b0d2dd58dfaa399ce1e9d2939b6", "price_changes": [{"asset_id": "26244119549831204412293063691617590996016705899128364238145634000710346179934", "price": "0.05", "size": "6415", "side": "BUY", "hash": "9d90ce17a3c03f8b8ab774ccb2c6b7c2a9a4540d", "best_bid": "0.34", "best_ask": "0.36"}, {"asset_id": "108000435898861121307931392131212467783825567689679334641712592663452779313494", "price": "0.95", "size": "6415", "side": "SELL", "hash": "21f56eeaf2116afe3ed04250ac96c57a770a9da5", "best_bid": "0.64", "best_ask": "0.66"}], "timestamp": "1769384252898", "event_type": "price_change"}}
{"_local_timestamp": "2026-01-25T23:37:35.204181+00:00", "data": {"market": "0x63bd6b51d2fd4ddb1a1b9e5a29fd949e52907b0d2dd58dfaa399ce1e9d2939b6", "price_changes": [{"asset_id": "108000435898861121307931392131212467783825567689679334641712592663452779313494", "price": "0.18", "size": "0", "side": "BUY", "hash": "f487eba67dd596420315eaf32186c5ccf05c8dc9", "best_bid": "0.64", "best_ask": "0.66"}, {"asset_id": "26244119549831204412293063691617590996016705899128364238145634000710346179934", "price": "0.82", "size": "0", "side": "SELL", "hash": "c855ee18eba9fa3ec37758b1162b151eefb251b6", "best_bid": "0.34", "best_ask": "0.36"}], "timestamp": "1769384255121", "event_type": "price_change"}}
{"_local_timestamp": "2026-01-25T23:38:16.212601+00:00", "data": {"market": "0x63bd6b51d2fd4ddb1a1b9e5a29fd949e52907b0d2dd58dfaa399ce1e9d2939b6", "price_changes": [{"asset_id": "108000435898861121307931392131212467783825567689679334641712592663452779313494", "price": "0.19", "size": "2210", "side": "BUY", "hash": "01f470689fb375bc91a4bdb496bca33befdc109d", "best_bid": "0.64", "best_ask": "0.66"}, {"asset_id": "26244119549831204412293063691617590996016705899128364238145634000710346179934", "price": "0.81", "size": "2210", "side": "SELL", "hash": "8ea94814d31a4ddd9f7ee837ffd74fa8130ca8c1", "best_bid": "0.34", "best_ask": "0.36"}], "timestamp": "1769384296144", "event_type": "price_change"}}
{"_local_timestamp": "2026-01-25T23:38:58.431532+00:00", "data": {"market": "0x63bd6b51d2fd4ddb1a1b9e5a29fd949e52907b0d2dd58dfaa399ce1e9d2939b6", "price_changes": [{"asset_id": "108000435898861121307931392131212467783825567689679334641712592663452779313494", "price": "0.2", "size": "150", "side": "BUY", "hash": "c40de0dbd95666732d0f0864c48c6c0a5a6cbc05", "best_bid": "0.64", "best_ask": "0.66"}, {"asset_id": "26244119549831204412293063691617590996016705899128364238145634000710346179934", "price": "0.8", "size": "150", "side": "SELL", "hash": "16125cfb843eb3119c94209bef8f498a4c9ff7b5", "best_bid": "0.34", "best_ask": "0.36"}], "timestamp": "1769384338226", "event_type": "price_change"}}
{"_local_timestamp": "2026-01-25T23:38:58.794072+00:00", "data": {"market": "0x63bd6b51d2fd4ddb1a1b9e5a29fd949e52907b0d2dd58dfaa399ce1e9d2939b6", "price_changes": [{"asset_id": "108000435898861121307931392131212467783825567689679334641712592663452779313494", "price": "0.18", "size": "100", "side": "BUY", "hash": "dc553dc29267f3e7eed3d80b18b301863b9ce1c0", "best_bid": "0.64", "best_ask": "0.66"}, {"asset_id": "26244119549831204412293063691617590996016705899128364238145634000710346179934", "price": "0.82", "size": "100", "side": "SELL", "hash": "e960d561d398a2d8ccadd6b607ed8bb28f515c73", "best_bid": "0.34", "best_ask": "0.36"}], "timestamp": "1769384338641", "event_type": "price_change"}}
{"_local_timestamp": "2026-01-25T23:39:20.428709+00:00", "data": {"market": "0x63bd6b51d2fd4ddb1a1b9e5a29fd949e52907b0d2dd58dfaa399ce1e9d2939b6", "price_changes": [{"asset_id": "108000435898861121307931392131212467783825567689679334641712592663452779313494", "price": "0.19", "size": "0", "side": "BUY", "hash": "8cf1b650a44086a855fa740244d1a1452ecca4f5", "best_bid": "0.64", "best_ask": "0.66"}, {"asset_id": "26244119549831204412293063691617590996016705899128364238145634000710346179934", "price": "0.81", "size": "0", "side": "SELL", "hash": "55fb9e22e3ae00429ca6425093d0f060fd87cf53", "best_bid": "0.34", "best_ask": "0.36"}], "timestamp": "1769384360333", "event_type": "price_change"}}
{"_local_timestamp": "2026-01-25T23:39:22.497735+00:00", "data": {"market": "0x63bd6b51d2fd4ddb1a1b9e5a29fd949e52907b0d2dd58dfaa399ce1e9d2939b6", "price_changes": [{"asset_id": "108000435898861121307931392131212467783825567689679334641712592663452779313494", "price": "0.27", "size": "0", "side": "BUY", "hash": "1e93bfdb00237ba8d31a5f4cef04f9864a8bb467", "best_bid": "0.64", "best_ask": "0.66"}, {"asset_id": "26244119549831204412293063691617590996016705899128364238145634000710346179934", "price": "0.73", "size": "0", "side": "SELL", "hash": "c4e4a4f0dd0baad473fb6667b5aba64aebcda1a0", "best_bid": "0.34", "best_ask": "0.36"}], "timestamp": "1769384362220", "event_type": "price_change"}}
{"_local_timestamp": "2026-01-25T23:39:22.498927+00:00", "data": {"market": "0x63bd6b51d2fd4ddb1a1b9e5a29fd949e52907b0d2dd58dfaa399ce1e9d2939b6", "price_changes": [{"asset_id": "108000435898861121307931392131212467783825567689679334641712592663452779313494", "price": "0.2", "size": "0", "side": "BUY", "hash": "1e93bfdb00237ba8d31a5f4cef04f9864a8bb467", "best_bid": "0.64", "best_ask": "0.66"}, {"asset_id": "26244119549831204412293063691617590996016705899128364238145634000710346179934", "price": "0.8", "size": "0", "side": "SELL", "hash": "c4e4a4f0dd0baad473fb6667b5aba64aebcda1a0", "best_bid": "0.34", "best_ask": "0.36"}], "timestamp": "1769384362220", "event_type": "price_change"}}
{"_local_timestamp": "2026-01-25T23:39:22.861160+00:00", "data": {"market": "0x63bd6b51d2fd4ddb1a1b9e5a29fd949e52907b0d2dd58dfaa399ce1e9d2939b6", "price_changes": [{"asset_id": "108000435898861121307931392131212467783825567689679334641712592663452779313494", "price": "0.18", "size": "250", "side": "BUY", "hash": "5b8bf79e6cac3f75bfc4e6a3a6bc0e592c909154", "best_bid": "0.64", "best_ask": "0.66"}, {"asset_id": "26244119549831204412293063691617590996016705899128364238145634000710346179934", "price": "0.82", "size": "250", "side": "SELL", "hash": "ee25deee678265b65612710d6b1ade5a28e89a98", "best_bid": "0.34", "best_ask": "0.36"}], "timestamp": "1769384362684", "event_type": "price_change"}}
{"_local_timestamp": "2026-01-25T23:39:23.002358+00:00", "data": {"market": "0x63bd6b51d2fd4ddb1a1b9e5a29fd949e52907b0d2dd58dfaa399ce1e9d2939b6", "price_changes": [{"asset_id": "108000435898861121307931392131212467783825567689679334641712592663452779313494", "price": "0.28", "size": "3394", "side": "BUY", "hash": "21fed96776875a47231d4e4976348c1c8cf167a2", "best_bid": "0.64", "best_ask": "0.66"}, {"asset_id": "26244119549831204412293063691617590996016705899128364238145634000710346179934", "price": "0.72", "size": "3394", "side": "SELL", "hash": "48ad63363a96aa309e3c43b5c005290808113408", "best_bid": "0.34", "best_ask": "0.36"}], "timestamp": "1769384362767", "event_type": "price_change"}}
{"_local_timestamp": "2026-01-25T23:39:23.030986+00:00", "data": {"market": "0x63bd6b51d2fd4ddb1a1b9e5a29fd949e52907b0d2dd58dfaa399ce1e9d2939b6", "price_changes": [{"asset_id": "26244119549831204412293063691617590996016705899128364238145634000710346179934", "price": "0.05", "size": "6715", "side": "BUY", "hash": "6152482d72e6a5c3ccbbae40f37e3578110ed776", "best_bid": "0.34", "best_ask": "0.36"}, {"asset_id": "108000435898861121307931392131212467783825567689679334641712592663452779313494", "price": "0.95", "size": "6715", "side": "SELL", "hash": "20348c9a72f7d4ae27a412f4d2ae6003e1d59497", "best_bid": "0.64", "best_ask": "0.66"}], "timestamp": "1769384362828", "event_type": "price_change"}}
