{"_local_timestamp": "2026-01-25T23:33:36.182370+00:00", "data": [{"market": "0xf355655fbd08319839ed3aceda8119e10969be2b64bfa5b814aa80a3d1166f4f", "asset_id": "33387855196356233009916843768079651193695668356368222794800448638089363613899", "timestamp": "1769383947128", "hash": "0cb0aebad0697394e823361323df46cde71ea1cd", "bids": [{"price": "0.01", "size": "2257.36"}, {"price": "0.02", "size": "1000"}, {"price": "0.03", "size": "11.12"}, {"price": "0.04", "size": "300"}, {"price": "0.06", "size": "250"}, {"price": "0.07", "size": "8.46"}, {"price": "0.09", "size": "1500"}, {"price": "0.1", "size": "25"}, {"price": "0.12", "size": "25"}, {"price": "0.13", "size": "85.18"}, {"price": "0.14", "size": "5010"}, {"price": "0.15", "size": "2307.79"}, {"price": "0.16", "size": "7611.95"}, {"price": "0.17", "size": "554.12"}], "asks": [{"price": "0.99", "size": "3009.72"}, {"price": "0.98", "size": "3000"}, {"price": "0.97", "size": "5748.58"}, {"price": "0.94", "size": "200"}, {"price": "0.93", "size": "10.5"}, {"price": "0.85", "size": "325"}, {"price": "0.84", "size": "1250"}, {"price": "0.79", "size": "250"}, {"price": "0.78", "size": "2058"}, {"price": "0.71", "size": "6"}, {"price": "0.69", "size": "50.54"}, {"price": "0.31", "size": "9"}, {"price": "0.3", "size": "18.5"}, {"price": "0.28", "size": "9"}, {"price": "0.27", "size": "13.5"}, {"price": "0.25", "size": "9"}, {"price": "0.24", "size": "13.5"}, {"price": "0.22", "size": "119"}, {"price": "0.2", "size": "350"}, {"price": "0.19", "size": "114.72"}], "event_type": "book", "last_trade_price": "0.810"}, {"market": "0xf355655fbd08319839ed3aceda8119e10969be2b64bfa5b814aa80a3d1166f4f", "asset_id": "35400853572447687925862326096696670514322590224572684747726757296976337371144", "timestamp": "1769383947128", "hash": "5f584859afd257b2caccbb171487b8f675c84865", "bids": [{"price": "0.01", "size": "3009.72"}, {"price": "0.02", "size": "3000"}, {"price": "0.03", "size": "5748.58"}, {"price": "0.06", "size": "200"}, {"price": "0.07", "size": "10.5"}, {"price": "0.15", "size": "325"}, {"price": "0.16", "size": "1250"}, {"price": "0.21", "size": "250"}, {"price": "0.22", "size": "2058"}, {"price": "0.29", "size": "6"}, {"price": "0.31", "size": "50.54"}, {"price": "0.69", "size": "9"}, {"price": "0.7", "size": "18.5"}, {"price": "0.72", "size": "9"}, {"price": "0.73", "size": "13.5"}, {"price": "0.75", "size": "9"}, {"price": "0.76", "size": "13.5"}, {"price": "0.78", "size": "119"}, {"price": "0.8", "size": "350"}, {"price": "0.81", "size": "114.72"}], "asks": [{"price": "0.99", "size": "2257.36"}, {"price": "0.98", "size": "1000"}, {"price": "0.97", "size": "11.12"}, {"price": "0.96", "size": "300"}, {"price": "0.94", "size": "250"}, {"price": "0.93", "size": "8.46"}, {"price": "0.91", "size": "1500"}, {"price": "0.9", "size": "25"}, {"price": "0.88", "size": "25"}, {"price": "0.87", "size": "85.18"}, {"price": "0.86", "size": "5010"}, {"price": "0.85", "size": "2307.79"}, {"price": "0.84", "size": "7611.95"}, {"price": "0.83", "size": "554.12"}], "event_type": "book", "last_trade_price": "0.810"}]}
{"_local_timestamp": "2026-01-25T23:34:07.088222+00:00", "data": {"market": "0xf355655fbd08319839ed3aceda8119e10969be2b64bfa5b814aa80a3d1166f4f", "price_changes": [{"asset_id": "33387855196356233009916843768079651193695668356368222794800448638089363613899", "price": "0.16", "size": "7511.95", "side": "BUY", "hash": "97e548bb4dd6cba256d1963317a17dd02ad26e62", "best_bid": "0.17", "best_ask": "0.19"}, {"asset_id": "35400853572447687925862326096696670514322590224572684747726757296976337371144", "price": "0.84", "size": "7511.95", "side": "SELL", "hash": "4b02db87146621fd97c85f7680b671bcc6271a1c", "best_bid": "0.81", "best_ask": "0.83"}], "timestamp": "1769384047000", "event_type": "price_change"}}
{"_local_timestamp": "2026-01-25T23:34:07.091062+00:00", "data": {"market": "0xf355655fbd08319839ed3aceda8119e10969be2b64bfa5b814aa80a3d1166f4f", "price_changes": [{"asset_id": "35400853572447687925862326096696670514322590224572684747726757296976337371144", "price": "0.8", "size": "250", "side": "BUY", "hash": "ef0eb2be7f08286e4f8ce5cc3c71a2b665c90f0a", "best_bid": "0.81", "best_ask": "0.83"}, {"asset_id": "33387855196356233009916843768079651193695668356368222794800448638089363613899", "price": "0.2", "size": "250", "side": "SELL", "hash": "6c2d67fb0d73c2ae59a05959df1acec3b7eb00c1", "best_bid": "0.17", "best_ask": "0.19"}], "timestamp": "1769384047003", "event_type": "price_change"}}
{"_local_timestamp": "2026-01-25T23:34:24.276791+00:00", "data": {"market": "0xf355655fbd08319839ed3aceda8119e10969be2b64bfa5b814aa80a3d1166f4f", "price_changes": [{"asset_id": "33387855196356233009916843768079651193695668356368222794800448638089363613899", "price": "0.69", "size": "58.04", "side": "SELL", "hash": "ae46e16c4afc52f3ad7bd843232506c7c0f397f7", "best_bid": "0.17", "best_ask": "0.19"}, {"asset_id": "35400853572447687925862326096696670514322590224572684747726757296976337371144", "price": "0.31", "size": "58.04", "side": "BUY", "hash": "602d8f139afb980c14b1280b9f6b2172c21a4a0f", "best_bid": "0.81", "best_ask": "0.83"}], "timestamp": "1769384064194", "event_type": "price_change"}}
{"_local_timestamp": "2026-01-25T23:34:28.574719+00:00", "data": {"market": "0xf355655fbd08319839ed3aceda8119e10969be2b64bfa5b814aa80a3d1166f4f", "price_changes": [{"asset_id": "35400853572447687925862326096696670514322590224572684747726757296976337371144", "price": "0.31", "size": "133.04", "side": "BUY", "hash": "9c76026785dc2c921a94b6d9b6019eceb6900688", "best_bid": "0.81", "best_ask": "0.83"}, {"asset_id": "33387855196356233009916843768079651193695668356368222794800448638089363613899", "price": "0.69", "size": "133.04", "side": "SELL", "hash": "4f0cba42e3afba5d837dea613f07e9fa8df024e3", "best_bid": "0.17", "best_ask": "0.19"}], "timestamp": "1769384068159", "event_type": "price_change"}}
{"_local_timestamp": "2026-01-25T23:34:34.577902+00:00", "data": {"market": "0xf355655fbd08319839ed3aceda8119e10969be2b64bfa5b814aa80a3d1166f4f", "price_changes": [{"asset_id": "33387855196356233009916843768079651193695668356368222794800448638089363613899", "price": "0.69", "size": "82.5", "side": "SELL", "hash": "fe879b57918d76e4eab5a39dd692eed37949be91", "best_bid": "0.17", "best_ask": "0.19"}, {"asset_id": "35400853572447687925862326096696670514322590224572684747726757296976337371144", "price": "0.31", "size": "82.5", "side": "BUY", "hash": "81e2c5dcc05adc677fd3e44552e6924ba1233f9b", "best_bid": "0.81", "best_ask": "0.83"}], "timestamp": "1769384074494", "event_type": "price_change"}}
{"_local_timestamp": "2026-01-25T23:34:44.593296+00:00", "data": {"market": "0xf355655fbd08319839ed3aceda8119e10969be2b64bfa5b814aa80a3d1166f4f", "price_changes": [{"asset_id": "35400853572447687925862326096696670514322590224572684747726757296976337371144", "price": "0.03", "size": "705.58", "side": "BUY", "hash": "d124d08a26a157a2fd8b2622efab22302325773d", "best_bid": "0.81", "best_ask": "0.83"}, {"asset_id": "33387855196356233009916843768079651193695668356368222794800448638089363613899", "price": "0.97", "size": "705.58", "side": "SELL", "hash": "c7d65543eddec287405269c1fe77cebed9ad1836", "best_bid": "0.17", "best_ask": "0.19"}], "timestamp": "1769384084521", "event_type": "price_change"}}
{"_local_timestamp": "2026-01-25T23:34:44.769451+00:00", "data": {"market": "0xf355655fbd08319839ed3aceda8119e10969be2b64bfa5b814aa80a3d1166f4f", "price_changes": [{"asset_id": "35400853572447687925862326096696670514322590224572684747726757296976337371144", "price": "0.04", "size": "3778", "side": "BUY", "hash": "d6e236ea7fa91579e88bbf6fc118cc61914c9f4b", "best_bid": "0.81", "best_ask": "0.83"}, {"asset_id": "33387855196356233009916843768079651193695668356368222794800448638089363613899", "price": "0.96", "size": "3778", "side": "SELL", "hash": "96ae665e5155798f69eeecf2e51dc0894ee4dc82", "best_bid": "0.17", "best_ask": "0.19"}], "timestamp": "1769384084697", "event_type": "price_change"}}
{"_local_timestamp": "2026-01-25T23:35:15.523845+00:00", "data": {"market": "0xf355655fbd08319839ed3aceda8119e10969be2b64bfa5b814aa80a3d1166f4f", "price_changes": [{"asset_id": "35400853572447687925862326096696670514322590224572684747726757296976337371144", "price": "0.8", "size": "50", "side": "BUY", "hash": "dfb46cf357558328c097015f4c43e678f82ad4b8", "best_bid": "0.81", "best_ask": "0.83"}, {"asset_id": "33387855196356233009916843768079651193695668356368222794800448638089363613899", "price": "0.2", "size": "50", "side": "SELL", "hash": "ef80c8084d0f5c99c91df214ed25ca51a9bd5c61", "best_bid": "0.17", "best_ask": "0.19"}], "timestamp": "1769384115451", "event_type": "price_change"}}
{"_local_timestamp": "2026-01-25T23:35:15.619123+00:00", "data": {"market": "0xf355655fbd08319839ed3aceda8119e10969be2b64bfa5b814aa80a3d1166f4f", "price_changes": [{"asset_id": "33387855196356233009916843768079651193695668356368222794800448638089363613899", "price": "0.15", "size": "1752.24", "side": "BUY", "hash": "81e89064babd72a94e179bfd779b64cb396d843a", "best_bid": "0.17", "best_ask": "0.19"}, {"asset_id": "35400853572447687925862326096696670514322590224572684747726757296976337371144", "price": "0.85", "size": "1752.24", "side": "SELL", "hash": "3e6524103069f371cac239d8d79e2341195648a5", "best_bid": "0.81", "best_ask": "0.83"}], "timestamp": "1769384115544", "event_type": "price_change"}}
{"_local_timestamp": "2026-01-25T23:35:24.733849+00:00", "data": {"market": "0xf355655fbd08319839ed3aceda8119e10969be2b64bfa5b814aa80a3d1166f4f", "price_changes": [{"asset_id": "35400853572447687925862326096696670514322590224572684747726757296976337371144", "price": "0.52", "size": "100", "side": "BUY", "hash": "99d64764d37575a5627e832ba26dd274d025d22d", "best_bid": "0.81", "best_ask": "0.83"}, {"asset_id": "33387855196356233009916843768079651193695668356368222794800448638089363613899", "price": "0.48", "size": "100", "side": "SELL", "hash": "d6f726cb8fbd15b6f9e67458afed6f94aaa36258", "best_bid": "0.17", "best_ask": "0.19"}], "timestamp": "1769384124562", "event_type": "price_change"}}
{"_local_timestamp": "2026-01-25T23:35:24.922208+00:00", "data": {"market": "0xf355655fbd08319839ed3aceda8119e10969be2b64bfa5b814aa80a3d1166f4f", "price_changes": [{"asset_id": "35400853572447687925862326096696670514322590224572684747726757296976337371144", "price": "0.22", "size": "2158", "side": "BUY", "hash": "fe6439d713a6e218ce856de4d36c2ca0850e075a", "best_bid": "0.81", "best_ask": "0.83"}, {"asset_id": "33387855196356233009916843768079651193695668356368222794800448638089363613899", "price": "0.78", "size": "2158", "side": "SELL", "hash": "fe266701c4230047c44d984b2fce52dd6e146436", "best_bid": "0.17", "best_ask": "0.19"}], "timestamp": "1769384124722", "event_type": "price_change"}}
{"_local_timestamp": "2026-01-25T23:35:52.578537+00:00", "data": {"market": "0xf355655fbd08319839ed3aceda8119e10969be2b64bfa5b814aa80a3d1166f4f", "price_changes": [{"asset_id": "33387855196356233009916843768079651193695668356368222794800448638089363613899", "price": "0.69", "size": "125.54", "side": "SELL", "hash": "a8e36ad2acbd26c5d9e360cf74dc9ad783216ea6", "best_bid": "0.17", "best_ask": "0.19"}, {"asset_id": "35400853572447687925862326096696670514322590224572684747726757296976337371144", "price": "0.31", "size": "125.54", "side": "BUY", "hash": "3af9e3d67747b7e87f07e964129bf28bf82339cd", "best_bid": "0.81", "best_ask": "0.83"}], "timestamp": "1769384152484", "event_type": "price_change"}}
{"_local_timestamp": "2026-01-25T23:35:58.196313+00:00", "data": {"market": "0xf355655fbd08319839ed3aceda8119e10969be2b64bfa5b814aa80a3d1166f4f", "price_changes": [{"asset_id": "35400853572447687925862326096696670514322590224572684747726757296976337371144", "price": "0.22", "size": "250", "side": "BUY", "hash": "560b5555a39796d2c8c475fc4f3fe1177bef9fb0", "best_bid": "0.81", "best_ask": "0.83"}, {"asset_id": "33387855196356233009916843768079651193695668356368222794800448638089363613899", "price": "0.78", "size": "250", "side": "SELL", "hash": "98bd3122996ec005d8f2025212fed4cb72b0b081", "best_bid": "0.17", "best_ask": "0.19"}], "timestamp": "1769384158075", "event_type": "price_change"}}
{"_local_timestamp": "2026-01-25T23:36:03.674885+00:00", "data": {"market": "0xf355655fbd08319839ed3aceda8119e10969be2b64bfa5b814aa80a3d1166f4f", "price_changes": [{"asset_id": "33387855196356233009916843768079651193695668356368222794800448638089363613899", "price": "0.69", "size": "75", "side": "SELL", "hash": "4d572c1e1a93172781e692a53b4e3f5c658fab26", "best_bid": "0.17", "best_ask": "0.19"}, {"asset_id": "35400853572447687925862326096696670514322590224572684747726757296976337371144", "price": "0.31", "size": "75", "side": "BUY", "hash": "a8b952c9738140ab130099f271738aa222c8530f", "best_bid": "0.81", "best_ask": "0.83"}], "timestamp": "1769384163600", "event_type": "price_change"}}
{"_local_timestamp": "2026-01-25T23:36:47.100939+00:00", "data": {"market": "0xf355655fbd08319839ed3aceda8119e10969be2b64bfa5b814aa80a3d1166f4f", "price_changes": [{"asset_id": "33387855196356233009916843768079651193695668356368222794800448638089363613899", "price": "0.69", "size": "133.04", "side": "SELL", "hash": "7fe710df77274efc01ecd711dcba944d4276baa0", "best_bid": "0.17", "best_ask": "0.19"}, {"asset_id": "35400853572447687925862326096696670514322590224572684747726757296976337371144", "price": "0.31", "size": "133.04", "side": "BUY", "hash": "6010735addbe4011c7880ad9a5748be1efa4bf88", "best_bid": "0.81", "best_ask": "0.83"}], "timestamp": "1769384206933", "event_type": "price_change"}}
{"_local_timestamp": "2026-01-25T23:36:55.234108+00:00", "data": {"market": "0xf355655fbd08319839ed3aceda8119e10969be2b64bfa5b814aa80a3d1166f4f", "price_changes": [{"asset_id": "35400853572447687925862326096696670514322590224572684747726757296976337371144", "price": "0.31", "size": "58.04", "side": "BUY", "hash": "a4949872d417fd8c4aff6912fc44d17cea7b99d0", "best_bid": "0.81", "best_ask": "0.83"}, {"asset_id": "33387855196356233009916843768079651193695668356368222794800448638089363613899", "price": "0.69", "size": "58.04", "side": "SELL", "hash": "22063a71b85c4c2fedf52a6280a52c0ba821d6f2", "best_bid": "0.17", "best_ask": "0.19"}], "timestamp": "1769384215005", "event_type": "price_change"}}
{"_local_timestamp": "2026-01-25T23:36:57.876058+00:00", "data": {"market": "0xf355655fbd08319839ed3aceda8119e10969be2b64bfa5b814aa80a3d1166f4f", "price_changes": [{"asset_id": "35400853572447687925862326096696670514322590224572684747726757296976337371144", "price": "0.21", "size": "0", "side": "BUY", "hash": "398c081e67a105e2278db087ab1a472b195f5480", "best_bid": "0.81", "best_ask": "0.83"}, {"asset_id": "33387855196356233009916843768079651193695668356368222794800448638089363613899", "price": "0.79", "size": "0", "side": "SELL", "hash": "5e2cf0aaefb0b29675ba8d3288124bbdf51fec2e", "best_bid": "0.17", "best_ask": "0.19"}], "timestamp": "1769384217245", "event_type": "price_change"}}
