{"_local_timestamp": "2026-01-25T23:34:17.115303+00:00", "data": [{"market": "0xf1608932598295f9c1bd6c801bc0111dcd41d8723a4af7cdceb50fe903b7d949", "asset_id": "18030511943535647992139790009749109199554751754162170490154281535476597731410", "timestamp": "1769383953433", "hash": "fcb12eb84d532869dab9c7700fce7828f7ac7e90", "bids": [{"price": "0.01", "size": "1214.92"}, {"price": "0.02", "size": "400"}, {"price": "0.03", "size": "10.37"}, {"price": "0.05", "size": "20"}, {"price": "0.09", "size": "111.11"}, {"price": "0.1", "size": "500"}, {"price": "0.11", "size": "5.36"}, {"price": "0.15", "size": "325"}, {"price": "0.16", "size": "2749"}, {"price": "0.2", "size": "250"}, {"price": "0.21", "size": "350"}, {"price": "0.25", "size": "200"}, {"price": "0.29", "size": "5"}, {"price": "0.51", "size": "15.69"}, {"price": "0.57", "size": "22.8"}, {"price": "0.58", "size": "18.96"}, {"price": "0.62", "size": "65"}, {"price": "0.63", "size": "2512"}, {"price": "0.64", "size": "600"}], "asks": [{"price": "0.99", "size": "1205"}, {"price": "0.98", "size": "6.04"}, {"price": "0.97", "size": "500"}, {"price": "0.96", "size": "7.44"}, {"price": "0.95", "size": "1020"}, {"price": "0.94", "size": "250"}, {"price": "0.93", "size": "28"}, {"price": "0.92", "size": "200"}, {"price": "0.91", "size": "111.11"}, {"price": "0.9", "size": "5.81"}, {"price": "0.89", "size": "200"}, {"price": "0.83", "size": "100"}, {"price": "0.78", "size": "59.09"}, {"price": "0.77", "size": "47.82"}, {"price": "0.75", "size": "300"}, {"price": "0.72", "size": "50"}, {"price": "0.7", "size": "1407.6"}, {"price": "0.69", "size": "300"}, {"price": "0.68", "size": "551"}], "event_type": "book", "last_trade_price": ""}, {"market": "0xf1608932598295f9c1bd6c801bc0111dcd41d8723a4af7cdceb50fe903b7d949", "asset_id": "19645773674964523930137278215148633880950241493649137487413405099123000324016", "timestamp": "1769383953433", "hash": "431ee3d87aea134989b01db916a476883acc3b74", "bids": [{"price": "0.01", "size": "1205"}, {"price": "0.02", "size": "6.04"}, {"price": "0.03", "size": "500"}, {"price": "0.04", "size": "7.44"}, {"price": "0.05", "size": "1020"}, {"price": "0.06", "size": "250"}, {"price": "0.07", "size": "28"}, {"price": "0.08", "size": "200"}, {"price": "0.09", "size": "111.11"}, {"price": "0.1", "size": "5.81"}, {"price": "0.11", "size": "200"}, {"price": "0.17", "size": "100"}, {"price": "0.22", "size": "59.09"}, {"price": "0.23", "size": "47.82"}, {"price": "0.25", "size": "300"}, {"price": "0.28", "size": "50"}, {"price": "0.3", "size": "1407.6"}, {"price": "0.31", "size": "300"}, {"price": "0.32", "size": "551"}], "asks": [{"price": "0.99", "size": "1214.92"}, {"price": "0.98", "size": "400"}, {"price": "0.97", "size": "10.37"}, {"price": "0.95", "size": "20"}, {"price": "0.91", "size": "111.11"}, {"price": "0.9", "size": "500"}, {"price": "0.89", "size": "5.36"}, {"price": "0.85", "size": "325"}, {"price": "0.84", "size": "2749"}, {"price": "0.8", "size": "250"}, {"price": "0.79", "size": "350"}, {"price": "0.75", "size": "200"}, {"price": "0.71", "size": "5"}, {"price": "0.49", "size": "15.69"}, {"price": "0.43", "size": "22.8"}, {"price": "0.42", "size": "18.96"}, {"price": "0.38", "size": "65"}, {"price": "0.37", "size": "2512"}, {"price": "0.36", "size": "600"}], "event_type": "book", "last_trade_price": ""}]}
{"_local_timestamp": "2026-01-25T23:35:26.651544+00:00", "data": {"market": "0xf1608932598295f9c1bd6c801bc0111dcd41d8723a4af7cdceb50fe903b7d949", "price_changes": [{"asset_id": "18030511943535647992139790009749109199554751754162170490154281535476597731410", "price": "0.2", "size": "150", "side": "BUY", "hash": "fd1337cc2e0495c0b9d0fdbdd829553716736e07", "best_bid": "0.64", "best_ask": "0.68"}, {"asset_id": "19645773674964523930137278215148633880950241493649137487413405099123000324016", "price": "0.8", "size": "150", "side": "SELL", "hash": "22ddee1ee8ef7adb68a5d0048b1067752d728c88", "best_bid": "0.32", "best_ask": "0.36"}], "timestamp": "1769384126561", "event_type": "price_change"}}
{"_local_timestamp": "2026-01-25T23:35:27.103130+00:00", "data": {"market": "0xf1608932598295f9c1bd6c801bc0111dcd41d8723a4af7cdceb50fe903b7d949", "price_changes": [{"asset_id": "18030511943535647992139790009749109199554751754162170490154281535476597731410", "price": "0.16", "size": "2849", "side": "BUY", "hash": "a640fd50490cee91e0ef7b25b91b62f0a244ee03", "best_bid": "0.64", "best_ask": "0.68"}, {"asset_id": "19645773674964523930137278215148633880950241493649137487413405099123000324016", "price": "0.84", "size": "2849", "side": "SELL", "hash": "47a510223e05af79f4b901efb6b6f9c99619c4f2", "best_bid": "0.32", "best_ask": "0.36"}], "timestamp": "1769384126897", "event_type": "price_change"}}
{"_local_timestamp": "2026-01-25T23:36:55.061458+00:00", "data": {"market": "0xf1608932598295f9c1bd6c801bc0111dcd41d8723a4af7cdceb50fe903b7d949", "price_changes": [{"asset_id": "18030511943535647992139790009749109199554751754162170490154281535476597731410", "price": "0.2", "size": "0", "side": "BUY", "hash": "96a0976639d89f061db2498689d8f2d255e732bb", "best_bid": "0.64", "best_ask": "0.68"}, {"asset_id": "19645773674964523930137278215148633880950241493649137487413405099123000324016", "price": "0.8", "size": "0", "side": "SELL", "hash": "7179a3273b5c40330f311f26201f703b16d88e47", "best_bid": "0.32", "best_ask": "0.36"}], "timestamp": "1769384214933", "event_type": "price_change"}}
{"_local_timestamp": "2026-01-25T23:36:55.906829+00:00", "data": {"market": "0xf1608932598295f9c1bd6c801bc0111dcd41d8723a4af7cdceb50fe903b7d949", "price_changes": [{"asset_id": "18030511943535647992139790009749109199554751754162170490154281535476597731410", "price": "0.16", "size": "2999", "side": "BUY", "hash": "7be3e3eb1aff4dd4818ba82ae58282f5918caecc", "best_bid": "0.64", "best_ask": "0.68"}, {"asset_id": "19645773674964523930137278215148633880950241493649137487413405099123000324016", "price": "0.84", "size": "2999", "side": "SELL", "hash": "f058ca62adca6675903f132218caf4df2eb4b663", "best_bid": "0.32", "best_ask": "0.36"}], "timestamp": "1769384215619", "event_type": "price_change"}}
