{"_local_timestamp": "2026-01-25T23:34:08.111991+00:00", "data": [{"market": "0xded00ece4352bc848e310dc5ef71eefa39df1146f8a6bf45ebf9fb9f51bab68d", "asset_id": "80298651544325926786692170692014873531737533916332635996430889208456588431746", "timestamp": "1769384020546", "hash": "392d3a7f5e61876ad04cf561ce32eae9c355bf9c", "bids": [{"price": "0.01", "size": "80"}, {"price": "0.02", "size": "26.27"}, {"price": "0.04", "size": "100"}, {"price": "0.05", "size": "349.47"}, {"price": "0.06", "size": "599.57"}, {"price": "0.07", "size": "1559.99"}, {"price": "0.08", "size": "1099"}, {"price": "0.09", "size": "11.18"}, {"price": "0.1", "size": "976.14"}], "asks": [{"price": "0.99", "size": "1230"}, {"price": "0.98", "size": "18.47"}, {"price": "0.95", "size": "540"}, {"price": "0.94", "size": "66"}, {"price": "0.91", "size": "111.11"}, {"price": "0.9", "size": "800"}, {"price": "0.89", "size": "345.73"}, {"price": "0.85", "size": "525"}, {"price": "0.84", "size": "125"}, {"price": "0.8", "size": "450"}, {"price": "0.78", "size": "90"}, {"price": "0.76", "size": "400"}, {"price": "0.75", "size": "1730"}, {"price": "0.49", "size": "195.7"}, {"price": "0.44", "size": "183.18"}, {"price": "0.3", "size": "93.32"}, {"price": "0.24", "size": "100"}, {"price": "0.23", "size": "116.88"}, {"price": "0.22", "size": "251.81"}, {"price": "0.21", "size": "13.92"}, {"price": "0.19", "size": "7.78"}, {"price": "0.16", "size": "14"}, {"price": "0.15", "size": "193.15"}, {"price": "0.14", "size": "213"}, {"price": "0.13", "size": "28"}, {"price": "0.12", "size": "138.88"}, {"price": "0.11", "size": "560.48"}], "event_type": "book", "last_trade_price": "0.890"}, {"market": "0xded00ece4352bc848e310dc5ef71eefa39df1146f8a6bf45ebf9fb9f51bab68d", "asset_id": "40576067894848716071616872289144270542297583332522271350140372390464674844494", "timestamp": "1769384020546", "hash": "ddcae794ed7f550250456189f2694e7287601182", "bids": [{"price": "0.01", "size": "1230"}, {"price": "0.02", "size": "18.47"}, {"price": "0.05", "size": "540"}, {"price": "0.06", "size": "66"}, {"price": "0.09", "size": "111.11"}, {"price": "0.1", "size": "800"}, {"price": "0.11", "size": "345.73"}, {"price": "0.15", "size": "525"}, {"price": "0.16", "size": "125"}, {"price": "0.2", "size": "450"}, {"price": "0.22", "size": "90"}, {"price": "0.24", "size": "400"}, {"price": "0.25", "size": "1730"}, {"price": "0.51", "size": "195.7"}, {"price": "0.56", "size": "183.18"}, {"price": "0.7", "size": "93.32"}, {"price": "0.76", "size": "100"}, {"price": "0.77", "size": "116.88"}, {"price": "0.78", "size": "251.81"}, {"price": "0.79", "size": "13.92"}, {"price": "0.81", "size": "7.78"}, {"price": "0.84", "size": "14"}, {"price": "0.85", "size": "193.15"}, {"price": "0.86", "size": "213"}, {"price": "0.87", "size": "28"}, {"price": "0.88", "size": "138.88"}, {"price": "0.89", "size": "560.48"}], "asks": [{"price": "0.99", "size": "80"}, {"price": "0.98", "size": "26.27"}, {"price": "0.96", "size": "100"}, {"price": "0.95", "size": "349.47"}, {"price": "0.94", "size": "599.57"}, {"price": "0.93", "size": "1559.99"}, {"price": "0.92", "size": "1099"}, {"price": "0.91", "size": "11.18"}, {"price": "0.9", "size": "976.14"}], "event_type": "book", "last_trade_price": "0.890"}]}
{"_local_timestamp": "2026-01-25T23:34:27.643106+00:00", "data": {"market": "0xded00ece4352bc848e310dc5ef71eefa39df1146f8a6bf45ebf9fb9f51bab68d", "price_changes": [{"asset_id": "40576067894848716071616872289144270542297583332522271350140372390464674844494", "price": "0.24", "size": "300", "side": "BUY", "hash": "1df29bec2ea08352c81efd1ff3be3e15e38c40df", "best_bid": "0.89", "best_ask": "0.9"}, {"asset_id": "80298651544325926786692170692014873531737533916332635996430889208456588431746", "price": "0.76", "size": "300", "side": "SELL", "hash": "8cbd163958cb15d5f5709709a5db5c72708ac876", "best_bid": "0.1", "best_ask": "0.11"}], "timestamp": "1769384067562", "event_type": "price_change"}}
{"_local_timestamp": "2026-01-25T23:34:28.505464+00:00", "data": {"market": "0xded00ece4352bc848e310dc5ef71eefa39df1146f8a6bf45ebf9fb9f51bab68d", "price_changes": [{"asset_id": "40576067894848716071616872289144270542297583332522271350140372390464674844494", "price": "0.25", "size": "1830", "side": "BUY", "hash": "3aa0d948c8a202be14815bd439e75a4c49d69c35", "best_bid": "0.89", "best_ask": "0.9"}, {"asset_id": "80298651544325926786692170692014873531737533916332635996430889208456588431746", "price": "0.75", "size": "1830", "side": "SELL", "hash": "3b0afcccd9f9d8c5cf0de54a183d98226e84e000", "best_bid": "0.1", "best_ask": "0.11"}], "timestamp": "1769384068139", "event_type": "price_change"}}
{"_local_timestamp": "2026-01-25T23:35:04.739196+00:00", "data": {"market": "0xded00ece4352bc848e310dc5ef71eefa39df1146f8a6bf45ebf9fb9f51bab68d", "price_changes": [{"asset_id": "80298651544325926786692170692014873531737533916332635996430889208456588431746", "price": "0.06", "size": "591.66", "side": "BUY", "hash": "6cd80791c5ea2170220ae798309db0b3bb0feb57", "best_bid": "0.1", "best_ask": "0.11"}, {"asset_id": "40576067894848716071616872289144270542297583332522271350140372390464674844494", "price": "0.94", "size": "591.66", "side": "SELL", "hash": "e94adb873ef1cf8acc7cf9c27a616b79777f38bd", "best_bid": "0.89", "best_ask": "0.9"}], "timestamp": "1769384104662", "event_type": "price_change"}}
{"_local_timestamp": "2026-01-25T23:35:05.045270+00:00", "data": {"market": "0xded00ece4352bc848e310dc5ef71eefa39df1146f8a6bf45ebf9fb9f51bab68d", "price_changes": [{"asset_id": "80298651544325926786692170692014873531737533916332635996430889208456588431746", "price": "0.06", "size": "599.57", "side": "BUY", "hash": "2f5e4f59270336ce82b5953d7ab788f18908bd94", "best_bid": "0.1", "best_ask": "0.11"}, {"asset_id": "40576067894848716071616872289144270542297583332522271350140372390464674844494", "price": "0.94", "size": "599.57", "side": "SELL", "hash": "5a5b210ffdd99cdc1ce10a96c518f9767f65c55d", "best_bid": "0.89", "best_ask": "0.9"}], "timestamp": "1769384104982", "event_type": "price_change"}}
{"_local_timestamp": "2026-01-25T23:36:58.392376+00:00", "data": {"market": "0xded00ece4352bc848e310dc5ef71eefa39df1146f8a6bf45ebf9fb9f51bab68d", "price_changes": [{"asset_id": "40576067894848716071616872289144270542297583332522271350140372390464674844494", "price": "0.24", "size": "0", "side": "BUY", "hash": "40ae0867f8524c5112f7e4cc25f6bb2dfb64065f", "best_bid": "0.89", "best_ask": "0.9"}, {"asset_id": "80298651544325926786692170692014873531737533916332635996430889208456588431746", "price": "0.76", "size": "0", "side": "SELL", "hash": "f9aff9520e537b26a61090ba444998d5b6f6b8c8", "best_bid": "0.1", "best_ask": "0.11"}], "timestamp": "1769384218089", "event_type": "price_change"}}
{"_local_timestamp": "2026-01-25T23:37:55.422976+00:00", "data": {"market": "0xded00ece4352bc848e310dc5ef71eefa39df1146f8a6bf45ebf9fb9f51bab68d", "price_changes": [{"asset_id": "40576067894848716071616872289144270542297583332522271350140372390464674844494", "price": "0.26", "size": "300", "side": "BUY", "hash": "1610aacca09874e4bd979f9b4f8fba8bbd84f795", "best_bid": "0.89", "best_ask": "0.9"}, {"asset_id": "80298651544325926786692170692014873531737533916332635996430889208456588431746", "price": "0.74", "size": "300", "side": "SELL", "hash": "017079eeedc90771c36c3e3e8760ea4fbe145371", "best_bid": "0.1", "best_ask": "0.11"}], "timestamp": "1769384275287", "event_type": "price_change"}}
{"_local_timestamp": "2026-01-25T23:38:46.759672+00:00", "data": {"market": "0xded00ece4352bc848e310dc5ef71eefa39df1146f8a6bf45ebf9fb9f51bab68d", "price_changes": [{"asset_id": "80298651544325926786692170692014873531737533916332635996430889208456588431746", "price": "0.06", "size": "591.66", "side": "BUY", "hash": "7796d8d73f4e568d687910000ed4b5f2f2cdb3bd", "best_bid": "0.1", "best_ask": "0.11"}, {"asset_id": "40576067894848716071616872289144270542297583332522271350140372390464674844494", "price": "0.94", "size": "591.66", "side": "SELL", "hash": "0b0f78326f4640ac185e782d9f50db7ab08a6785", "best_bid": "0.89", "best_ask": "0.9"}], "timestamp": "1769384326695", "event_type": "price_change"}}
{"_local_timestamp": "2026-01-25T23:38:47.128211+00:00", "data": {"market": "0xded00ece4352bc848e310dc5ef71eefa39df1146f8a6bf45ebf9fb9f51bab68d", "price_changes": [{"asset_id": "80298651544325926786692170692014873531737533916332635996430889208456588431746", "price": "0.06", "size": "599.57", "side": "BUY", "hash": "b7386d15633806c3a3c12e651eededd9b9e54b91", "best_bid": "0.1", "best_ask": "0.11"}, {"asset_id": "40576067894848716071616872289144270542297583332522271350140372390464674844494", "price": "0.94", "size": "599.57", "side": "SELL", "hash": "83b103fe6294c5a86c5aca4118c19a68a9045425", "best_bid": "0.89", "best_ask": "0.9"}], "timestamp": "1769384327049", "event_type": "price_change"}}
