{"_local_timestamp": "2026-01-25T23:41:31.636163+00:00", "data": [{"market": "0x3ac26a9514c3e2c6578bd27dd4095e2ad5ca1d01253af89cb65ade3c5603f3eb", "asset_id": "73590564005398869419553975243126829218172158565102173644930269430721983247122", "timestamp": "1769383922778", "hash": "9ef41a33fa47da9a901291a6824b8528094b65f2", "bids": [{"price": "0.01", "size": "285.01"}, {"price": "0.02", "size": "32.49"}], "asks": [{"price": "0.99", "size": "468.81"}, {"price": "0.98", "size": "239.44"}, {"price": "0.97", "size": "9.74"}, {"price": "0.96", "size": "15.74"}], "event_type": "book", "last_trade_price": ""}, {"market": "0x1a86c49f12fd57afcb8074ba84516e4d394ba16bc4816a56736e7ff6f0c93532", "asset_id": "115452537815867056128495865008588884999859841379910398463880263671804964607841", "timestamp": "1769383926129", "hash": "9b665ed9a09de6d6f2121a09979d1e0b6af2439e", "bids": [{"price": "0.01", "size": "469.87"}, {"price": "0.02", "size": "238.69"}, {"price": "0.03", "size": "22.24"}, {"price": "0.04", "size": "5.47"}], "asks": [{"price": "0.99", "size": "285.01"}, {"price": "0.98", "size": "32.49"}], "event_type": "book", "last_trade_price": ""}, {"market": "0xf38126634b7cb77d837addd858cd4a95a05c643475a31e5fb32bda0b6892ffff", "asset_id": "55364450758926910793385400394908605098533878763977934654580053535980482951643", "timestamp": "1769383925041", "hash": "b25131f3143555dcea74ac300dabe8f8b6f9b076", "bids": [{"price": "0.01", "size": "285.01"}, {"price": "0.02", "size": "32.49"}], "asks": [{"price": "0.99", "size": "472.82"}, {"price": "0.98", "size": "239.03"}, {"price": "0.97", "size": "21.03"}, {"price": "0.96", "size": "5.47"}], "event_type": "book", "last_trade_price": ""}, {"market": "0x788e9ccd209ff05b40e676c4735d2ad47048050be5e1fd323d5be834a2d9c361", "asset_id": "46513208962299782942231049586089409614990803216164447601012350140604566856690", "timestamp": "1769383923779", "hash": "4a49750d1bb52912f7c1dc5b00d196cee2e08614", "bids": [{"price": "0.01", "size": "472.82"}, {"price": "0.02", "size": "239.03"}, {"price": "0.03", "size": "7.36"}, {"price": "0.04", "size": "15.72"}], "asks": [{"price": "0.99", "size": "285.01"}, {"price": "0.98", "size": "32.49"}], "event_type": "book", "last_trade_price": ""}, {"market": "0x1a86c49f12fd57afcb8074ba84516e4d394ba16bc4816a56736e7ff6f0c93532", "asset_id": "47986995536556825354083782903091486358850749548113114423012192535032879917392", "timestamp": "1769383926129", "hash": "03d4dc45ab8c9e81883eda1073d1cf1839468ff2", "bids": [{"price": "0.01", "size": "285.01"}, {"price": "0.02", "size": "32.49"}], "asks": [{"price": "0.99", "size": "469.87"}, {"price": "0.98", "size": "238.69"}, {"price": "0.97", "size": "22.24"}, {"price": "0.96", "size": "5.47"}], "event_type": "book", "last_trade_price": ""}, {"market": "0x447fe1f165316a5735d852960ec9abf9c6e08c93dd917229726a56dccf0c9f49", "asset_id": "65892912292786424217319279010441313238022742467573535673760785646838604955312", "timestamp": "1769382483670", "hash": "64f0c1213d211dc644650824dc30cbb06b77e9ef", "bids": [{"price": "0.01", "size": "614.79"}, {"price": "0.02", "size": "26.16"}, {"price": "0.04", "size": "33"}, {"price": "0.05", "size": "100"}, {"price": "0.06", "size": "43.95"}], "asks": [{"price": "0.99", "size": "618.81"}, {"price": "0.98", "size": "25.56"}, {"price": "0.97", "size": "66"}, {"price": "0.96", "size": "107"}, {"price": "0.95", "size": "46.01"}], "event_type": "book", "last_trade_price": ""}, {"market": "0xf38126634b7cb77d837addd858cd4a95a05c643475a31e5fb32bda0b6892ffff", "asset_id": "54132707761456776422639970670713335993149223123936244684163445725185442037027", "timestamp": "1769383925041", "hash": "61d5c28be93b467f04ce194f7ca8f4b9be46e86e", "bids": [{"price": "0.01", "size": "472.82"}, {"price": "0.02", "size": "239.03"}, {"price": "0.03", "size": "21.03"}, {"price": "0.04", "size": "5.47"}], "asks": [{"price": "0.99", "size": "285.01"}, {"price": "0.98", "size": "32.49"}], "event_type": "book", "last_trade_price": ""}, {"market": "0x788e9ccd209ff05b40e676c4735d2ad47048050be5e1fd323d5be834a2d9c361", "asset_id": "66299753326758469442413639150520791610371896602441491001934776977079876815749", "timestamp": "1769383923779", "hash": "dba5a2c060ab22fdc2837a1d6a2d0e5057b3815c", "bids": [{"price": "0.01", "size": "285.01"}, {"price": "0.02", "size": "32.49"}], "asks": [{"price": "0.99", "size": "472.82"}, {"price": "0.98", "size": "239.03"}, {"price": "0.97", "size": "7.36"}, {"price": "0.96", "size": "15.72"}], "event_type": "book", "last_trade_price": ""}, {"market": "0x3ac26a9514c3e2c6578bd27dd4095e2ad5ca1d01253af89cb65ade3c5603f3eb", "asset_id": "27321166096822846988569690656551139652092381364589054540854518511669717024525", "timestamp": "1769383922778", "hash": "bb4d64c2f5548114a5cd7b99806aae349baf3783", "bids": [{"price": "0.01", "size": "468.81"}, {"price": "0.02", "size": "239.44"}, {"price": "0.03", "size": "9.74"}, {"price": "0.04", "size": "15.74"}], "asks": [{"price": "0.99", "size": "285.01"}, {"price": "0.98", "size": "32.49"}], "event_type": "book", "last_trade_price": ""}, {"market": "0x447fe1f165316a5735d852960ec9abf9c6e08c93dd917229726a56dccf0c9f49", "asset_id": "106816364495389996101882690934511518929587211001878454477988950698274507549300", "timestamp": "1769382483670", "hash": "bea7eb7c59848e83c914f30be22fe8872756c40e", "bids": [{"price": "0.01", "size": "618.81"}, {"price": "0.02", "size": "25.56"}, {"price": "0.03", "size": "66"}, {"price": "0.04", "size": "107"}, {"price": "0.05", "size": "46.01"}], "asks": [{"price": "0.99", "size": "614.79"}, {"price": "0.98", "size": "26.16"}, {"price": "0.96", "size": "33"}, {"price": "0.95", "size": "100"}, {"price": "0.94", "size": "43.95"}], "event_type": "book", "last_trade_price": ""}]}
