{"_local_timestamp": "2026-01-25T23:41:31.798747+00:00", "data": [{"market": "0x56afd64b4b7a80e9bbdb9f1e61014f197f9abe01359dbcb06eeac888bb5530f1", "asset_id": "99453115654572644633782131351306303659711384133124522594341430853192578224789", "timestamp": "1769382483702", "hash": "e5ce27ec4e9e3a9a77c77e7ae60a07c3108dd00d", "bids": [{"price": "0.01", "size": "285.01"}, {"price": "0.02", "size": "32.49"}], "asks": [{"price": "0.99", "size": "473.64"}, {"price": "0.98", "size": "141.03"}, {"price": "0.97", "size": "20.76"}, {"price": "0.96", "size": "5.47"}], "event_type": "book", "last_trade_price": ""}, {"market": "0x2db5bb87a12f8903b7f786778a508a2cd9ec2ff8339d7265e1a070d5f704ed3c", "asset_id": "76340717488455826788795439551274634099401849331945536829193201986028686322263", "timestamp": "1769383917560", "hash": "9e0221e04860b4a8d47121134053f5a318e7b1e3", "bids": [{"price": "0.01", "size": "470.74"}, {"price": "0.02", "size": "141.03"}, {"price": "0.03", "size": "21.73"}, {"price": "0.04", "size": "5.47"}], "asks": [{"price": "0.99", "size": "285.01"}, {"price": "0.98", "size": "32.49"}], "event_type": "book", "last_trade_price": ""}, {"market": "0x4b155f39d0b1de046e47fac00331f7230c6f34a50d2abc0db6ed645f258e20c9", "asset_id": "108362852321430901107730828540125968428960302578289414162393133360010754905246", "timestamp": "1769383918579", "hash": "76417d9ef9c31418b46bb458c277204b5bd79bfb", "bids": [{"price": "0.01", "size": "470.74"}, {"price": "0.02", "size": "141.03"}, {"price": "0.03", "size": "12.74"}, {"price": "0.04", "size": "12.21"}], "asks": [{"price": "0.99", "size": "285.01"}, {"price": "0.98", "size": "32.49"}], "event_type": "book", "last_trade_price": ""}, {"market": "0x4b155f39d0b1de046e47fac00331f7230c6f34a50d2abc0db6ed645f258e20c9", "asset_id": "91714499443631434654751155734439557932718051293339074956885285681169524680272", "timestamp": "1769383918579", "hash": "7cbbec1dbe22e8dbba3cbde164495e6ad24e9496", "bids": [{"price": "0.01", "size": "285.01"}, {"price": "0.02", "size": "32.49"}], "asks": [{"price": "0.99", "size": "470.74"}, {"price": "0.98", "size": "141.03"}, {"price": "0.97", "size": "12.74"}, {"price": "0.96", "size": "12.21"}], "event_type": "book", "last_trade_price": ""}, {"market": "0x8fc8a59ccc73e9cf9cdbdbbcfa80ee7a7c40099cd0a25423e1a42b4adb5c8f48", "asset_id": "77002071612750996787134790996677673886025415448920940781122333438068313409599", "timestamp": "1769382483672", "hash": "74b449d8e4bb937be586324a584d93db23c69e2a", "bids": [{"price": "0.01", "size": "618.81"}, {"price": "0.02", "size": "25.56"}, {"price": "0.03", "size": "66"}, {"price": "0.04", "size": "149"}, {"price": "0.05", "size": "46.01"}], "asks": [{"price": "0.99", "size": "614.79"}, {"price": "0.98", "size": "26.16"}, {"price": "0.95", "size": "125"}, {"price": "0.94", "size": "43.95"}], "event_type": "book", "last_trade_price": ""}, {"market": "0x4f2836b1265e0fd89f51e169bffcfbe7742d36eaf6b5a03aa026bf5d2b45525a", "asset_id": "5449227428310691641649424585215005105172806865657072215390258978713668084991", "timestamp": "1769383919581", "hash": "69638d70bf81eccfa63b8230dcb54e19452c5ee7", "bids": [{"price": "0.01", "size": "285.01"}, {"price": "0.02", "size": "32.49"}], "asks": [{"price": "0.99", "size": "470.74"}, {"price": "0.98", "size": "144.03"}, {"price": "0.97", "size": "21.73"}, {"price": "0.96", "size": "5.47"}], "event_type": "book", "last_trade_price": ""}, {"market": "0x8fc8a59ccc73e9cf9cdbdbbcfa80ee7a7c40099cd0a25423e1a42b4adb5c8f48", "asset_id": "19799202671089010718435620280664501612381685421086018039181366568141733074375", "timestamp": "1769382483672", "hash": "a7bf38f51ee5b05ea1f7c0da194491e39e6613cf", "bids": [{"price": "0.01", "size": "614.79"}, {"price": "0.02", "size": "26.16"}, {"price": "0.05", "size": "125"}, {"price": "0.06", "size": "43.95"}], "asks": [{"price": "0.99", "size": "618.81"}, {"price": "0.98", "size": "25.56"}, {"price": "0.97", "size": "66"}, {"price": "0.96", "size": "149"}, {"price": "0.95", "size": "46.01"}], "event_type": "book", "last_trade_price": ""}, {"market": "0x4f2836b1265e0fd89f51e169bffcfbe7742d36eaf6b5a03aa026bf5d2b45525a", "asset_id": "49643179925435470324482700868711679849985345157243485347102053941619139927529", "timestamp": "1769383919581", "hash": "e04dedb6f5381e11b4507b3141abcb713d5b60ad", "bids": [{"price": "0.01", "size": "470.74"}, {"price": "0.02", "size": "144.03"}, {"price": "0.03", "size": "21.73"}, {"price": "0.04", "size": "5.47"}], "asks": [{"price": "0.99", "size": "285.01"}, {"price": "0.98", "size": "32.49"}], "event_type": "book", "last_trade_price": ""}, {"market": "0x56afd64b4b7a80e9bbdb9f1e61014f197f9abe01359dbcb06eeac888bb5530f1", "asset_id": "29858106311103002939301397258012014691233569865056964438242828310901803249550", "timestamp": "1769382483702", "hash": "b737cb37284fea40674809df292cc4a867173594", "bids": [{"price": "0.01", "size": "473.64"}, {"price": "0.02", "size": "141.03"}, {"price": "0.03", "size": "20.76"}, {"price": "0.04", "size": "5.47"}], "asks": [{"price": "0.99", "size": "285.01"}, {"price": "0.98", "size": "32.49"}], "event_type": "book", "last_trade_price": ""}, {"market": "0x2db5bb87a12f8903b7f786778a508a2cd9ec2ff8339d7265e1a070d5f704ed3c", "asset_id": "30358903170038512226049410519172675275694779666534879980730382740275910245409", "timestamp": "1769383917560", "hash": "cb877e1429fa97bec87864e119263204c5303756", "bids": [{"price": "0.01", "size": "285.01"}, {"price": "0.02", "size": "32.49"}], "asks": [{"price": "0.99", "size": "470.74"}, {"price": "0.98", "size": "141.03"}, {"price": "0.97", "size": "21.73"}, {"price": "0.96", "size": "5.47"}], "event_type": "book", "last_trade_price": ""}]}
