{"_local_timestamp": "2026-01-25T23:33:44.756401+00:00", "data": [{"market": "0xc23491e669c53326b7c1e5b89a2f840c7de2a46ed3e82d2800d97302b81538fb", "asset_id": "1591623342798714539854529028504405387642085816710949203609034511539452871496", "timestamp": "1769383994326", "hash": "d923b9a982d600613f947dd53251321784ec34c3", "bids": [{"price": "0.01", "size": "123.33"}, {"price": "0.02", "size": "711.6"}, {"price": "0.03", "size": "16"}, {"price": "0.04", "size": "7.79"}, {"price": "0.05", "size": "20"}, {"price": "0.06", "size": "33"}, {"price": "0.07", "size": "7.14"}, {"price": "0.09", "size": "300"}, {"price": "0.1", "size": "330"}, {"price": "0.11", "size": "225"}, {"price": "0.12", "size": "75"}, {"price": "0.13", "size": "6.33"}, {"price": "0.15", "size": "201"}, {"price": "0.25", "size": "10"}, {"price": "0.26", "size": "150"}], "asks": [{"price": "0.99", "size": "125.69"}, {"price": "0.98", "size": "25"}, {"price": "0.97", "size": "6.14"}, {"price": "0.94", "size": "42.05"}, {"price": "0.93", "size": "310.83"}, {"price": "0.92", "size": "487.5"}, {"price": "0.91", "size": "75"}, {"price": "0.9", "size": "110"}, {"price": "0.89", "size": "55"}, {"price": "0.82", "size": "10"}, {"price": "0.81", "size": "150"}], "event_type": "book", "last_trade_price": ""}, {"market": "0xc23491e669c53326b7c1e5b89a2f840c7de2a46ed3e82d2800d97302b81538fb", "asset_id": "112602011424851000103155656947679684438751382645862874734174162906146763262104", "timestamp": "1769383994326", "hash": "ffc6405754a2f56c7e27138df13314543a1a8562", "bids": [{"price": "0.01", "size": "125.69"}, {"price": "0.02", "size": "25"}, {"price": "0.03", "size": "6.14"}, {"price": "0.06", "size": "42.05"}, {"price": "0.07", "size": "310.83"}, {"price": "0.08", "size": "487.5"}, {"price": "0.09", "size": "75"}, {"price": "0.1", "size": "110"}, {"price": "0.11", "size": "55"}, {"price": "0.18", "size": "10"}, {"price": "0.19", "size": "150"}], "asks": [{"price": "0.99", "size": "123.33"}, {"price": "0.98", "size": "711.6"}, {"price": "0.97", "size": "16"}, {"price": "0.96", "size": "7.79"}, {"price": "0.95", "size": "20"}, {"price": "0.94", "size": "33"}, {"price": "0.93", "size": "7.14"}, {"price": "0.91", "size": "300"}, {"price": "0.9", "size": "330"}, {"price": "0.89", "size": "225"}, {"price": "0.88", "size": "75"}, {"price": "0.87", "size": "6.33"}, {"price": "0.85", "size": "201"}, {"price": "0.75", "size": "10"}, {"price": "0.74", "size": "150"}], "event_type": "book", "last_trade_price": ""}, {"market": "0x4b4bc4a3d08f4bfbd039cd51e9e90c5d6d99ff8e8294c9c123cec127d72b45df", "asset_id": "13014513819564186659036727888915395306970063120569611859316633530800092862906", "timestamp": "1769383994357", "hash": "5ed4af6ef2dd94d19e28cd45cc63e0a0fbdf0eeb", "bids": [{"price": "0.01", "size": "1027"}, {"price": "0.02", "size": "710.46"}, {"price": "0.03", "size": "16"}, {"price": "0.04", "size": "8.35"}, {"price": "0.05", "size": "20"}, {"price": "0.06", "size": "33"}, {"price": "0.07", "size": "6.11"}, {"price": "0.1", "size": "300"}, {"price": "0.12", "size": "308.33"}, {"price": "0.13", "size": "125"}, {"price": "0.14", "size": "253.57"}, {"price": "0.15", "size": "49.06"}, {"price": "0.16", "size": "8.5"}, {"price": "0.29", "size": "10"}, {"price": "0.3", "size": "150"}], "asks": [{"price": "0.99", "size": "1820"}, {"price": "0.98", "size": "725"}, {"price": "0.95", "size": "500"}, {"price": "0.94", "size": "44.6"}, {"price": "0.87", "size": "300"}, {"price": "0.85", "size": "200"}, {"price": "0.84", "size": "125"}, {"price": "0.83", "size": "76.47"}, {"price": "0.82", "size": "113"}, {"price": "0.81", "size": "57.89"}, {"price": "0.8", "size": "8.5"}, {"price": "0.62", "size": "10"}, {"price": "0.61", "size": "150"}], "event_type": "book", "last_trade_price": ""}, {"market": "0x4b4bc4a3d08f4bfbd039cd51e9e90c5d6d99ff8e8294c9c123cec127d72b45df", "asset_id": "78251160312981557515057155871280446885803851470938434971060724245845718670662", "timestamp": "1769383994357", "hash": "49393d02cf1bca9c0a05ea6d861bb2df4764a784", "bids": [{"price": "0.01", "size": "1820"}, {"price": "0.02", "size": "725"}, {"price": "0.05", "size": "500"}, {"price": "0.06", "size": "44.6"}, {"price": "0.13", "size": "300"}, {"price": "0.15", "size": "200"}, {"price": "0.16", "size": "125"}, {"price": "0.17", "size": "76.47"}, {"price": "0.18", "size": "113"}, {"price": "0.19", "size": "57.89"}, {"price": "0.2", "size": "8.5"}, {"price": "0.38", "size": "10"}, {"price": "0.39", "size": "150"}], "asks": [{"price": "0.99", "size": "1027"}, {"price": "0.98", "size": "710.46"}, {"price": "0.97", "size": "16"}, {"price": "0.96", "size": "8.35"}, {"price": "0.95", "size": "20"}, {"price": "0.94", "size": "33"}, {"price": "0.93", "size": "6.11"}, {"price": "0.9", "size": "300"}, {"price": "0.88", "size": "308.33"}, {"price": "0.87", "size": "125"}, {"price": "0.86", "size": "253.57"}, {"price": "0.85", "size": "49.06"}, {"price": "0.84", "size": "8.5"}, {"price": "0.71", "size": "10"}, {"price": "0.7", "size": "150"}], "event_type": "book", "last_trade_price": ""}, {"market": "0x0f50bb6c3fba411f4d6c153abed8a750434b8f88f5e7e59a6c2fa7c68965c98d", "asset_id": "108640408865912714304980143618024557382069945018865372673974193384587151691217", "timestamp": "1769384020323", "hash": "a7ebea971088e930d95d3a056c6ad238c96c75ca", "bids": [{"price": "0.01", "size": "1026.94"}, {"price": "0.02", "size": "725.01"}, {"price": "0.05", "size": "30"}, {"price": "0.06", "size": "33"}, {"price": "0.07", "size": "8.02"}, {"price": "0.1", "size": "300"}, {"price": "0.11", "size": "318.18"}, {"price": "0.12", "size": "125"}, {"price": "0.13", "size": "259.61"}, {"price": "0.14", "size": "42"}, {"price": "0.15", "size": "13.95"}, {"price": "0.29", "size": "10"}, {"price": "0.3", "size": "150"}], "asks": [{"price": "0.99", "size": "1032.03"}, {"price": "0.98", "size": "25"}, {"price": "0.97", "size": "318.21"}, {"price": "0.96", "size": "325"}, {"price": "0.95", "size": "75"}, {"price": "0.94", "size": "44.6"}, {"price": "0.93", "size": "269.75"}, {"price": "0.91", "size": "56"}, {"price": "0.87", "size": "10"}, {"price": "0.85", "size": "8.5"}, {"price": "0.84", "size": "150"}], "event_type": "book", "last_trade_price": ""}, {"market": "0x0f50bb6c3fba411f4d6c153abed8a750434b8f88f5e7e59a6c2fa7c68965c98d", "asset_id": "36680377078077148593910111584810781850541881273788879831231274564384521562016", "timestamp": "1769384020323", "hash": "3fe994b9782facc671f10284bf2950af46b8aa7a", "bids": [{"price": "0.01", "size": "1032.03"}, {"price": "0.02", "size": "25"}, {"price": "0.03", "size": "318.21"}, {"price": "0.04", "size": "325"}, {"price": "0.05", "size": "75"}, {"price": "0.06", "size": "44.6"}, {"price": "0.07", "size": "269.75"}, {"price": "0.09", "size": "56"}, {"price": "0.13", "size": "10"}, {"price": "0.15", "size": "8.5"}, {"price": "0.16", "size": "150"}], "asks": [{"price": "0.99", "size": "1026.94"}, {"price": "0.98", "size": "725.01"}, {"price": "0.95", "size": "30"}, {"price": "0.94", "size": "33"}, {"price": "0.93", "size": "8.02"}, {"price": "0.9", "size": "300"}, {"price": "0.89", "size": "318.18"}, {"price": "0.88", "size": "125"}, {"price": "0.87", "size": "259.61"}, {"price": "0.86", "size": "42"}, {"price": "0.85", "size": "13.95"}, {"price": "0.71", "size": "10"}, {"price": "0.7", "size": "150"}], "event_type": "book", "last_trade_price": ""}]}
{"_local_timestamp": "2026-01-25T23:33:46.315562+00:00", "data": {"market": "0x0f50bb6c3fba411f4d6c153abed8a750434b8f88f5e7e59a6c2fa7c68965c98d", "price_changes": [{"asset_id": "36680377078077148593910111584810781850541881273788879831231274564384521562016", "price": "0.15", "size": "0", "side": "BUY", "hash": "1d54b53079baa58c5f1c13b31e9b7bbd41e8d293", "best_bid": "0.16", "best_ask": "0.7"}, {"asset_id": "108640408865912714304980143618024557382069945018865372673974193384587151691217", "price": "0.85", "size": "0", "side": "SELL", "hash": "33374f3ae4bb54a8ff435bfa6ad00bbc4c128562", "best_bid": "0.3", "best_ask": "0.84"}], "timestamp": "1769384026246", "event_type": "price_change"}}
{"_local_timestamp": "2026-01-25T23:33:46.316558+00:00", "data": {"market": "0x0f50bb6c3fba411f4d6c153abed8a750434b8f88f5e7e59a6c2fa7c68965c98d", "price_changes": [{"asset_id": "108640408865912714304980143618024557382069945018865372673974193384587151691217", "price": "0.15", "size": "5.45", "side": "BUY", "hash": "cc09273263601f5266fae9f505a056aabceac230", "best_bid": "0.3", "best_ask": "0.84"}, {"asset_id": "36680377078077148593910111584810781850541881273788879831231274564384521562016", "price": "0.85", "size": "5.45", "side": "SELL", "hash": "bd2513b057a11246b0eb8afc72e103bdd8247c38", "best_bid": "0.16", "best_ask": "0.7"}], "timestamp": "1769384026246", "event_type": "price_change"}}
{"_local_timestamp": "2026-01-25T23:33:51.063721+00:00", "data": {"market": "0x0f50bb6c3fba411f4d6c153abed8a750434b8f88f5e7e59a6c2fa7c68965c98d", "price_changes": [{"asset_id": "36680377078077148593910111584810781850541881273788879831231274564384521562016", "price": "0.16", "size": "0", "side": "BUY", "hash": "06754b98d05e210422f284089ea65876cc601ead", "best_bid": "0.13", "best_ask": "0.7"}, {"asset_id": "108640408865912714304980143618024557382069945018865372673974193384587151691217", "price": "0.84", "size": "0", "side": "SELL", "hash": "ea62b54cb25235f6c436625ad6cc8e7ac804adc1", "best_bid": "0.3", "best_ask": "0.87"}], "timestamp": "1769384030988", "event_type": "price_change"}}
{"_local_timestamp": "2026-01-25T23:33:51.440444+00:00", "data": {"market": "0x0f50bb6c3fba411f4d6c153abed8a750434b8f88f5e7e59a6c2fa7c68965c98d", "price_changes": [{"asset_id": "36680377078077148593910111584810781850541881273788879831231274564384521562016", "price": "0.14", "size": "150", "side": "BUY", "hash": "b91e8bdd57884afdfcde6cc99cf6c8c3f25db3b0", "best_bid": "0.14", "best_ask": "0.7"}, {"asset_id": "108640408865912714304980143618024557382069945018865372673974193384587151691217", "price": "0.86", "size": "150", "side": "SELL", "hash": "c489a89d0153a91bc41f46da047772269d89d529", "best_bid": "0.3", "best_ask": "0.86"}], "timestamp": "1769384031366", "event_type": "price_change"}}
{"_local_timestamp": "2026-01-25T23:33:58.061182+00:00", "data": {"market": "0x0f50bb6c3fba411f4d6c153abed8a750434b8f88f5e7e59a6c2fa7c68965c98d", "price_changes": [{"asset_id": "36680377078077148593910111584810781850541881273788879831231274564384521562016", "price": "0.15", "size": "8.5", "side": "BUY", "hash": "38b984d854d3e7ddb54b92e1abc80799225db626", "best_bid": "0.15", "best_ask": "0.7"}, {"asset_id": "108640408865912714304980143618024557382069945018865372673974193384587151691217", "price": "0.85", "size": "8.5", "side": "SELL", "hash": "ffd7ada0ef1c7bb0fce2ce5ae7af9c36b0af3ef5", "best_bid": "0.3", "best_ask": "0.85"}], "timestamp": "1769384037977", "event_type": "price_change"}}
{"_local_timestamp": "2026-01-25T23:33:58.062604+00:00", "data": {"market": "0x0f50bb6c3fba411f4d6c153abed8a750434b8f88f5e7e59a6c2fa7c68965c98d", "price_changes": [{"asset_id": "108640408865912714304980143618024557382069945018865372673974193384587151691217", "price": "0.15", "size": "13.95", "side": "BUY", "hash": "1febee29e79597931cebd759bdb582285256a81f", "best_bid": "0.3", "best_ask": "0.85"}, {"asset_id": "36680377078077148593910111584810781850541881273788879831231274564384521562016", "price": "0.85", "size": "13.95", "side": "SELL", "hash": "ff53d7c668c2cb8c5371b5682a80c97d201aa4a0", "best_bid": "0.15", "best_ask": "0.7"}], "timestamp": "1769384037978", "event_type": "price_change"}}
{"_local_timestamp": "2026-01-25T23:34:02.045428+00:00", "data": {"market": "0x0f50bb6c3fba411f4d6c153abed8a750434b8f88f5e7e59a6c2fa7c68965c98d", "price_changes": [{"asset_id": "36680377078077148593910111584810781850541881273788879831231274564384521562016", "price": "0.14", "size": "0", "side": "BUY", "hash": "8150061a9caf8ade301b21596046feea00f15842", "best_bid": "0.15", "best_ask": "0.7"}, {"asset_id": "108640408865912714304980143618024557382069945018865372673974193384587151691217", "price": "0.86", "size": "0", "side": "SELL", "hash": "cc6461855e9f19aff030091d51dc6b6d96bf731a", "best_bid": "0.3", "best_ask": "0.85"}], "timestamp": "1769384041967", "event_type": "price_change"}}
{"_local_timestamp": "2026-01-25T23:34:02.384850+00:00", "data": {"market": "0x0f50bb6c3fba411f4d6c153abed8a750434b8f88f5e7e59a6c2fa7c68965c98d", "price_changes": [{"asset_id": "36680377078077148593910111584810781850541881273788879831231274564384521562016", "price": "0.16", "size": "150", "side": "BUY", "hash": "50c760c9175a298c66e98da5348b252aa5e75c18", "best_bid": "0.16", "best_ask": "0.7"}, {"asset_id": "108640408865912714304980143618024557382069945018865372673974193384587151691217", "price": "0.84", "size": "150", "side": "SELL", "hash": "3a75556c56c960f701023c263ef7e263d6c78929", "best_bid": "0.3", "best_ask": "0.84"}], "timestamp": "1769384042311", "event_type": "price_change"}}
{"_local_timestamp": "2026-01-25T23:34:07.812156+00:00", "data": {"market": "0x0f50bb6c3fba411f4d6c153abed8a750434b8f88f5e7e59a6c2fa7c68965c98d", "price_changes": [{"asset_id": "36680377078077148593910111584810781850541881273788879831231274564384521562016", "price": "0.15", "size": "0", "side": "BUY", "hash": "f134a2a7d7a6818245796c262cf1d055e08028d6", "best_bid": "0.16", "best_ask": "0.7"}, {"asset_id": "108640408865912714304980143618024557382069945018865372673974193384587151691217", "price": "0.85", "size": "0", "side": "SELL", "hash": "084d673bf9f28296d34e6dc1904572aaf617055d", "best_bid": "0.3", "best_ask": "0.84"}], "timestamp": "1769384047735", "event_type": "price_change"}}
{"_local_timestamp": "2026-01-25T23:34:07.812836+00:00", "data": {"market": "0x0f50bb6c3fba411f4d6c153abed8a750434b8f88f5e7e59a6c2fa7c68965c98d", "price_changes": [{"asset_id": "108640408865912714304980143618024557382069945018865372673974193384587151691217", "price": "0.15", "size": "5.45", "side": "BUY", "hash": "071a6be41770d6ea42a83d9ae73ffddc464b80d7", "best_bid": "0.3", "best_ask": "0.84"}, {"asset_id": "36680377078077148593910111584810781850541881273788879831231274564384521562016", "price": "0.85", "size": "5.45", "side": "SELL", "hash": "408778cd8f98db7f17a86b8de4d66dc38f71367a", "best_bid": "0.16", "best_ask": "0.7"}], "timestamp": "1769384047736", "event_type": "price_change"}}
{"_local_timestamp": "2026-01-25T23:34:13.178892+00:00", "data": {"market": "0x0f50bb6c3fba411f4d6c153abed8a750434b8f88f5e7e59a6c2fa7c68965c98d", "price_changes": [{"asset_id": "36680377078077148593910111584810781850541881273788879831231274564384521562016", "price": "0.16", "size": "0", "side": "BUY", "hash": "8130076aead451fac05c4dbe0b3510a615b17a03", "best_bid": "0.13", "best_ask": "0.7"}, {"asset_id": "108640408865912714304980143618024557382069945018865372673974193384587151691217", "price": "0.84", "size": "0", "side": "SELL", "hash": "ff993a3466d4065186eeb4eb2aa82cec911bc657", "best_bid": "0.3", "best_ask": "0.87"}], "timestamp": "1769384053055", "event_type": "price_change"}}
{"_local_timestamp": "2026-01-25T23:34:13.546161+00:00", "data": {"market": "0x0f50bb6c3fba411f4d6c153abed8a750434b8f88f5e7e59a6c2fa7c68965c98d", "price_changes": [{"asset_id": "36680377078077148593910111584810781850541881273788879831231274564384521562016", "price": "0.14", "size": "150", "side": "BUY", "hash": "8a019d2f9b06ae9ac95fdaad20395cefac3cfc6c", "best_bid": "0.14", "best_ask": "0.7"}, {"asset_id": "108640408865912714304980143618024557382069945018865372673974193384587151691217", "price": "0.86", "size": "150", "side": "SELL", "hash": "79002195468622b0cc6ea7b5017a102b892788c9", "best_bid": "0.3", "best_ask": "0.86"}], "timestamp": "1769384053360", "event_type": "price_change"}}
{"_local_timestamp": "2026-01-25T23:34:18.627551+00:00", "data": {"market": "0x0f50bb6c3fba411f4d6c153abed8a750434b8f88f5e7e59a6c2fa7c68965c98d", "price_changes": [{"asset_id": "36680377078077148593910111584810781850541881273788879831231274564384521562016", "price": "0.15", "size": "8.5", "side": "BUY", "hash": "4c09bafd82004cb40e565c1a2b22930b554e07ca", "best_bid": "0.15", "best_ask": "0.7"}, {"asset_id": "108640408865912714304980143618024557382069945018865372673974193384587151691217", "price": "0.85", "size": "8.5", "side": "SELL", "hash": "e33a24c9db352d3f5269e75a86acd88914977982", "best_bid": "0.3", "best_ask": "0.85"}], "timestamp": "1769384058554", "event_type": "price_change"}}
{"_local_timestamp": "2026-01-25T23:34:18.628074+00:00", "data": {"market": "0x0f50bb6c3fba411f4d6c153abed8a750434b8f88f5e7e59a6c2fa7c68965c98d", "price_changes": [{"asset_id": "108640408865912714304980143618024557382069945018865372673974193384587151691217", "price": "0.15", "size": "13.95", "side": "BUY", "hash": "0a2767f5a97c2e1545b77269e4abec0ca4c29126", "best_bid": "0.3", "best_ask": "0.85"}, {"asset_id": "36680377078077148593910111584810781850541881273788879831231274564384521562016", "price": "0.85", "size": "13.95", "side": "SELL", "hash": "12571c46754c68af16ee2d2e97318bbb5466f4e9", "best_bid": "0.15", "best_ask": "0.7"}], "timestamp": "1769384058555", "event_type": "price_change"}}
{"_local_timestamp": "2026-01-25T23:34:23.953169+00:00", "data": {"market": "0x0f50bb6c3fba411f4d6c153abed8a750434b8f88f5e7e59a6c2fa7c68965c98d", "price_changes": [{"asset_id": "36680377078077148593910111584810781850541881273788879831231274564384521562016", "price": "0.14", "size": "0", "side": "BUY", "hash": "f5868380615eb3b4ca486ba888579dcebd9e649f", "best_bid": "0.15", "best_ask": "0.7"}, {"asset_id": "108640408865912714304980143618024557382069945018865372673974193384587151691217", "price": "0.86", "size": "0", "side": "SELL", "hash": "522397f6367cb82d35364c107e13e2af2ed6a9aa", "best_bid": "0.3", "best_ask": "0.85"}], "timestamp": "1769384063868", "event_type": "price_change"}}
{"_local_timestamp": "2026-01-25T23:34:24.389006+00:00", "data": {"market": "0x0f50bb6c3fba411f4d6c153abed8a750434b8f88f5e7e59a6c2fa7c68965c98d", "price_changes": [{"asset_id": "36680377078077148593910111584810781850541881273788879831231274564384521562016", "price": "0.16", "size": "150", "side": "BUY", "hash": "818729b39c2ca9bca52a61ee39a8330ceeeade07", "best_bid": "0.16", "best_ask": "0.7"}, {"asset_id": "108640408865912714304980143618024557382069945018865372673974193384587151691217", "price": "0.84", "size": "150", "side": "SELL", "hash": "80d05c6bbec34e45647f792cd2de95610fa8b230", "best_bid": "0.3", "best_ask": "0.84"}], "timestamp": "1769384064318", "event_type": "price_change"}}
{"_local_timestamp": "2026-01-25T23:34:28.995866+00:00", "data": {"market": "0x0f50bb6c3fba411f4d6c153abed8a750434b8f88f5e7e59a6c2fa7c68965c98d", "price_changes": [{"asset_id": "36680377078077148593910111584810781850541881273788879831231274564384521562016", "price": "0.15", "size": "0", "side": "BUY", "hash": "c8413a8f7df7b20aed014690abeba8960ccacfd8", "best_bid": "0.16", "best_ask": "0.7"}, {"asset_id": "108640408865912714304980143618024557382069945018865372673974193384587151691217", "price": "0.85", "size": "0", "side": "SELL", "hash": "075d5f5ca952e4decd5b86b85a004926c63c2c08", "best_bid": "0.3", "best_ask": "0.84"}], "timestamp": "1769384068634", "event_type": "price_change"}}
{"_local_timestamp": "2026-01-25T23:34:28.996476+00:00", "data": {"market": "0x0f50bb6c3fba411f4d6c153abed8a750434b8f88f5e7e59a6c2fa7c68965c98d", "price_changes": [{"asset_id": "108640408865912714304980143618024557382069945018865372673974193384587151691217", "price": "0.15", "size": "5.45", "side": "BUY", "hash": "b1e238c46bf23c90660726ad24d9cbd29943538d", "best_bid": "0.3", "best_ask": "0.84"}, {"asset_id": "36680377078077148593910111584810781850541881273788879831231274564384521562016", "price": "0.85", "size": "5.45", "side": "SELL", "hash": "93c49176af8cfe314c4ed9cbb47baa004cf39f88", "best_bid": "0.16", "best_ask": "0.7"}], "timestamp": "1769384068635", "event_type": "price_change"}}
{"_local_timestamp": "2026-01-25T23:34:29.600880+00:00", "data": {"market": "0x0f50bb6c3fba411f4d6c153abed8a750434b8f88f5e7e59a6c2fa7c68965c98d", "price_changes": [{"asset_id": "36680377078077148593910111584810781850541881273788879831231274564384521562016", "price": "0.16", "size": "0", "side": "BUY", "hash": "007b1006bdd219c97af20108f54c062d3afa5b96", "best_bid": "0.13", "best_ask": "0.7"}, {"asset_id": "108640408865912714304980143618024557382069945018865372673974193384587151691217", "price": "0.84", "size": "0", "side": "SELL", "hash": "b66aa31df26fca863c8cd478f7d606c5e4613694", "best_bid": "0.3", "best_ask": "0.87"}], "timestamp": "1769384069524", "event_type": "price_change"}}
{"_local_timestamp": "2026-01-25T23:34:30.285307+00:00", "data": {"market": "0x0f50bb6c3fba411f4d6c153abed8a750434b8f88f5e7e59a6c2fa7c68965c98d", "price_changes": [{"asset_id": "36680377078077148593910111584810781850541881273788879831231274564384521562016", "price": "0.14", "size": "150", "side": "BUY", "hash": "0c2e2826d3ccc0027458e3167713f9a5efc463d3", "best_bid": "0.14", "best_ask": "0.7"}, {"asset_id": "108640408865912714304980143618024557382069945018865372673974193384587151691217", "price": "0.86", "size": "150", "side": "SELL", "hash": "244b615c5e5c571d74d41464e4cc7fac567b9ff4", "best_bid": "0.3", "best_ask": "0.86"}], "timestamp": "1769384070114", "event_type": "price_change"}}
{"_local_timestamp": "2026-01-25T23:34:35.257482+00:00", "data": {"market": "0x0f50bb6c3fba411f4d6c153abed8a750434b8f88f5e7e59a6c2fa7c68965c98d", "price_changes": [{"asset_id": "36680377078077148593910111584810781850541881273788879831231274564384521562016", "price": "0.15", "size": "8.5", "side": "BUY", "hash": "4606bb029de8a62e02b95faccd957bc973e44ea4", "best_bid": "0.15", "best_ask": "0.7"}, {"asset_id": "108640408865912714304980143618024557382069945018865372673974193384587151691217", "price": "0.85", "size": "8.5", "side": "SELL", "hash": "5a38fd092efb1df95ba4fdd8c4a24b046878dfd3", "best_bid": "0.3", "best_ask": "0.85"}], "timestamp": "1769384075189", "event_type": "price_change"}}
{"_local_timestamp": "2026-01-25T23:34:35.257976+00:00", "data": {"market": "0x0f50bb6c3fba411f4d6c153abed8a750434b8f88f5e7e59a6c2fa7c68965c98d", "price_changes": [{"asset_id": "108640408865912714304980143618024557382069945018865372673974193384587151691217", "price": "0.15", "size": "13.95", "side": "BUY", "hash": "4722900a2fbbc6c035ca247f364df76a6dc7590c", "best_bid": "0.3", "best_ask": "0.85"}, {"asset_id": "36680377078077148593910111584810781850541881273788879831231274564384521562016", "price": "0.85", "size": "13.95", "side": "SELL", "hash": "50f7adc80395414b849823b1dd37dc23c34a9b7d", "best_bid": "0.15", "best_ask": "0.7"}], "timestamp": "1769384075190", "event_type": "price_change"}}
{"_local_timestamp": "2026-01-25T23:34:36.841741+00:00", "data": {"market": "0xc23491e669c53326b7c1e5b89a2f840c7de2a46ed3e82d2800d97302b81538fb", "price_changes": [{"asset_id": "1591623342798714539854529028504405387642085816710949203609034511539452871496", "price": "0.26", "size": "308", "side": "BUY", "hash": "8f7e8339f33d42d5d0bc6e6d39737c0132b9338e", "best_bid": "0.26", "best_ask": "0.81"}, {"asset_id": "112602011424851000103155656947679684438751382645862874734174162906146763262104", "price": "0.74", "size": "308", "side": "SELL", "hash": "f0d6ea842abc24e2732d972a08cb965d32b34fb7", "best_bid": "0.19", "best_ask": "0.74"}], "timestamp": "1769384076777", "event_type": "price_change"}}
{"_local_timestamp": "2026-01-25T23:34:36.849532+00:00", "data": {"market": "0x4b4bc4a3d08f4bfbd039cd51e9e90c5d6d99ff8e8294c9c123cec127d72b45df", "price_changes": [{"asset_id": "13014513819564186659036727888915395306970063120569611859316633530800092862906", "price": "0.31", "size": "19", "side": "BUY", "hash": "258b5ecffbed4c8611c5da0026b244b398bf36d6", "best_bid": "0.31", "best_ask": "0.61"}, {"asset_id": "78251160312981557515057155871280446885803851470938434971060724245845718670662", "price": "0.69", "size": "19", "side": "SELL", "hash": "4f9b4a053c496906a608bdd960747c8d8c5f0d05", "best_bid": "0.39", "best_ask": "0.69"}], "timestamp": "1769384076777", "event_type": "price_change"}}
{"_local_timestamp": "2026-01-25T23:34:36.849956+00:00", "data": {"market": "0xc23491e669c53326b7c1e5b89a2f840c7de2a46ed3e82d2800d97302b81538fb", "price_changes": [{"asset_id": "1591623342798714539854529028504405387642085816710949203609034511539452871496", "price": "0.27", "size": "316.66", "side": "BUY", "hash": "419f74fd1c03f951a84f45cb2b2ba0367d67c109", "best_bid": "0.27", "best_ask": "0.81"}, {"asset_id": "112602011424851000103155656947679684438751382645862874734174162906146763262104", "price": "0.73", "size": "316.66", "side": "SELL", "hash": "0b272066bdb6e7090c82aad1994063c3fc5aacea", "best_bid": "0.19", "best_ask": "0.73"}], "timestamp": "1769384076778", "event_type": "price_change"}}
{"_local_timestamp": "2026-01-25T23:34:36.850382+00:00", "data": {"market": "0x0f50bb6c3fba411f4d6c153abed8a750434b8f88f5e7e59a6c2fa7c68965c98d", "price_changes": [{"asset_id": "108640408865912714304980143618024557382069945018865372673974193384587151691217", "price": "0.31", "size": "316.66", "side": "BUY", "hash": "4a9dae9920c0c0c951c9655c92e35d98b237f444", "best_bid": "0.31", "best_ask": "0.85"}, {"asset_id": "36680377078077148593910111584810781850541881273788879831231274564384521562016", "price": "0.69", "size": "316.66", "side": "SELL", "hash": "fcd319fcd2fa5334565c0d4066c0183cfae55cf2", "best_bid": "0.15", "best_ask": "0.69"}], "timestamp": "1769384076777", "event_type": "price_change"}}
{"_local_timestamp": "2026-01-25T23:34:36.851057+00:00", "data": {"market": "0x0f50bb6c3fba411f4d6c153abed8a750434b8f88f5e7e59a6c2fa7c68965c98d", "price_changes": [{"asset_id": "108640408865912714304980143618024557382069945018865372673974193384587151691217", "price": "0.3", "size": "308", "side": "BUY", "hash": "75a23112da540c7493da220c9130b82453cbf037", "best_bid": "0.31", "best_ask": "0.85"}, {"asset_id": "36680377078077148593910111584810781850541881273788879831231274564384521562016", "price": "0.7", "size": "308", "side": "SELL", "hash": "5d53d7592daaca8c45f42c6fd3dc48b1de125303", "best_bid": "0.15", "best_ask": "0.69"}], "timestamp": "1769384076778", "event_type": "price_change"}}
{"_local_timestamp": "2026-01-25T23:34:40.996769+00:00", "data": {"market": "0xc23491e669c53326b7c1e5b89a2f840c7de2a46ed3e82d2800d97302b81538fb", "price_changes": [{"asset_id": "1591623342798714539854529028504405387642085816710949203609034511539452871496", "price": "0.26", "size": "158", "side": "BUY", "hash": "253e09c6349d1346eab966bb5a6421fdacd8c5a1", "best_bid": "0.27", "best_ask": "0.81"}, {"asset_id": "112602011424851000103155656947679684438751382645862874734174162906146763262104", "price": "0.74", "size": "158", "side": "SELL", "hash": "49fa9e75f444fba34161133e445366be7dbc40fd", "best_bid": "0.19", "best_ask": "0.73"}], "timestamp": "1769384080922", "event_type": "price_change"}}
{"_local_timestamp": "2026-01-25T23:34:40.997375+00:00", "data": {"market": "0x4b4bc4a3d08f4bfbd039cd51e9e90c5d6d99ff8e8294c9c123cec127d72b45df", "price_changes": [{"asset_id": "13014513819564186659036727888915395306970063120569611859316633530800092862906", "price": "0.3", "size": "0", "side": "BUY", "hash": "faf478e19c2cf3fa42e9580986715616773c3748", "best_bid": "0.31", "best_ask": "0.61"}, {"asset_id": "78251160312981557515057155871280446885803851470938434971060724245845718670662", "price": "0.7", "size": "0", "side": "SELL", "hash": "72ab563a5b79a835ea82102d92a74d3a8fc6939c", "best_bid": "0.39", "best_ask": "0.69"}], "timestamp": "1769384080922", "event_type": "price_change"}}
{"_local_timestamp": "2026-01-25T23:34:40.997790+00:00", "data": {"market": "0x0f50bb6c3fba411f4d6c153abed8a750434b8f88f5e7e59a6c2fa7c68965c98d", "price_changes": [{"asset_id": "108640408865912714304980143618024557382069945018865372673974193384587151691217", "price": "0.3", "size": "158", "side": "BUY", "hash": "3786cce2882ee24bec44256f32a44ca8a4b0d756", "best_bid": "0.31", "best_ask": "0.85"}, {"asset_id": "36680377078077148593910111584810781850541881273788879831231274564384521562016", "price": "0.7", "size": "158", "side": "SELL", "hash": "d8827baac5dd85fd7535c21b4804c5b7c424aaa9", "best_bid": "0.15", "best_ask": "0.69"}], "timestamp": "1769384080922", "event_type": "price_change"}}
{"_local_timestamp": "2026-01-25T23:34:40.998126+00:00", "data": {"market": "0x0f50bb6c3fba411f4d6c153abed8a750434b8f88f5e7e59a6c2fa7c68965c98d", "price_changes": [{"asset_id": "36680377078077148593910111584810781850541881273788879831231274564384521562016", "price": "0.14", "size": "0", "side": "BUY", "hash": "d65e339c90b8c384fb0efe51995f1210729e7f06", "best_bid": "0.15", "best_ask": "0.69"}, {"asset_id": "108640408865912714304980143618024557382069945018865372673974193384587151691217", "price": "0.86", "size": "0", "side": "SELL", "hash": "daf839153fecac3a80b6bc1dfa1610d98a2871c4", "best_bid": "0.31", "best_ask": "0.85"}], "timestamp": "1769384080923", "event_type": "price_change"}}
{"_local_timestamp": "2026-01-25T23:34:41.419636+00:00", "data": {"market": "0x4b4bc4a3d08f4bfbd039cd51e9e90c5d6d99ff8e8294c9c123cec127d72b45df", "price_changes": [{"asset_id": "13014513819564186659036727888915395306970063120569611859316633530800092862906", "price": "0.32", "size": "150", "side": "BUY", "hash": "551f692975939b238a05b46dbe0dfcf985906c71", "best_bid": "0.32", "best_ask": "0.61"}, {"asset_id": "78251160312981557515057155871280446885803851470938434971060724245845718670662", "price": "0.68", "size": "150", "side": "SELL", "hash": "7003f73ddaf1be0fdb78907bda5d8f48f7c218ab", "best_bid": "0.39", "best_ask": "0.68"}], "timestamp": "1769384081347", "event_type": "price_change"}}
{"_local_timestamp": "2026-01-25T23:34:41.420951+00:00", "data": {"market": "0x0f50bb6c3fba411f4d6c153abed8a750434b8f88f5e7e59a6c2fa7c68965c98d", "price_changes": [{"asset_id": "36680377078077148593910111584810781850541881273788879831231274564384521562016", "price": "0.16", "size": "150", "side": "BUY", "hash": "684dfb5a1b337c54614c44c1a05d901a9c7b6e8d", "best_bid": "0.16", "best_ask": "0.69"}, {"asset_id": "108640408865912714304980143618024557382069945018865372673974193384587151691217", "price": "0.84", "size": "150", "side": "SELL", "hash": "e5432a4349d379ec9113809b742e5f4849f156a2", "best_bid": "0.31", "best_ask": "0.84"}], "timestamp": "1769384081347", "event_type": "price_change"}}
{"_local_timestamp": "2026-01-25T23:34:41.421358+00:00", "data": {"market": "0xc23491e669c53326b7c1e5b89a2f840c7de2a46ed3e82d2800d97302b81538fb", "price_changes": [{"asset_id": "1591623342798714539854529028504405387642085816710949203609034511539452871496", "price": "0.28", "size": "150", "side": "BUY", "hash": "f3810862b5d07a3c7b8f097c4c9f627d416640c6", "best_bid": "0.28", "best_ask": "0.81"}, {"asset_id": "112602011424851000103155656947679684438751382645862874734174162906146763262104", "price": "0.72", "size": "150", "side": "SELL", "hash": "206d098873c4bd9f4b6870f8d66052f96e45d9ae", "best_bid": "0.19", "best_ask": "0.72"}], "timestamp": "1769384081347", "event_type": "price_change"}}
{"_local_timestamp": "2026-01-25T23:34:41.421775+00:00", "data": {"market": "0x0f50bb6c3fba411f4d6c153abed8a750434b8f88f5e7e59a6c2fa7c68965c98d", "price_changes": [{"asset_id": "108640408865912714304980143618024557382069945018865372673974193384587151691217", "price": "0.32", "size": "150", "side": "BUY", "hash": "16f83d1fc115562f7611fd566f0542e6b0c37dda", "best_bid": "0.32", "best_ask": "0.84"}, {"asset_id": "36680377078077148593910111584810781850541881273788879831231274564384521562016", "price": "0.68", "size": "150", "side": "SELL", "hash": "20d2e8862822a272df4f783afa55c4559fbdea9c", "best_bid": "0.16", "best_ask": "0.68"}], "timestamp": "1769384081348", "event_type": "price_change"}}
{"_local_timestamp": "2026-01-25T23:34:48.830786+00:00", "data": {"market": "0x0f50bb6c3fba411f4d6c153abed8a750434b8f88f5e7e59a6c2fa7c68965c98d", "price_changes": [{"asset_id": "36680377078077148593910111584810781850541881273788879831231274564384521562016", "price": "0.15", "size": "0", "side": "BUY", "hash": "3f7224f7e17952ceea9899a8fd0e2b7dffbc390c", "best_bid": "0.16", "best_ask": "0.68"}, {"asset_id": "108640408865912714304980143618024557382069945018865372673974193384587151691217", "price": "0.85", "size": "0", "side": "SELL", "hash": "572c76925d7d135cc19800d73d0177d599e3e1d4", "best_bid": "0.32", "best_ask": "0.84"}], "timestamp": "1769384088762", "event_type": "price_change"}}
{"_local_timestamp": "2026-01-25T23:34:48.832972+00:00", "data": {"market": "0x0f50bb6c3fba411f4d6c153abed8a750434b8f88f5e7e59a6c2fa7c68965c98d", "price_changes": [{"asset_id": "108640408865912714304980143618024557382069945018865372673974193384587151691217", "price": "0.15", "size": "5.45", "side": "BUY", "hash": "67d8043df22152fd6143a1a591e69f2e4ead0a34", "best_bid": "0.32", "best_ask": "0.84"}, {"asset_id": "36680377078077148593910111584810781850541881273788879831231274564384521562016", "price": "0.85", "size": "5.45", "side": "SELL", "hash": "261b62dbb88bfc841a6794931229a0e5d5d2200c", "best_bid": "0.16", "best_ask": "0.68"}], "timestamp": "1769384088762", "event_type": "price_change"}}
{"_local_timestamp": "2026-01-25T23:34:51.984376+00:00", "data": {"market": "0x0f50bb6c3fba411f4d6c153abed8a750434b8f88f5e7e59a6c2fa7c68965c98d", "price_changes": [{"asset_id": "36680377078077148593910111584810781850541881273788879831231274564384521562016", "price": "0.16", "size": "0", "side": "BUY", "hash": "8e2162d2c5b6e1c2d2a5c7226308993b8c9b2320", "best_bid": "0.13", "best_ask": "0.68"}, {"asset_id": "108640408865912714304980143618024557382069945018865372673974193384587151691217", "price": "0.84", "size": "0", "side": "SELL", "hash": "de923efd76b7785c168263b662f050231d96acd5", "best_bid": "0.32", "best_ask": "0.87"}], "timestamp": "1769384091911", "event_type": "price_change"}}
{"_local_timestamp": "2026-01-25T23:34:52.231536+00:00", "data": {"market": "0x0f50bb6c3fba411f4d6c153abed8a750434b8f88f5e7e59a6c2fa7c68965c98d", "price_changes": [{"asset_id": "36680377078077148593910111584810781850541881273788879831231274564384521562016", "price": "0.14", "size": "150", "side": "BUY", "hash": "6f23369d4443b36e72235b8a266f05b381d8f082", "best_bid": "0.14", "best_ask": "0.68"}, {"asset_id": "108640408865912714304980143618024557382069945018865372673974193384587151691217", "price": "0.86", "size": "150", "side": "SELL", "hash": "224bdb4579b42bdda083c5b3a6bcb58f2b251891", "best_bid": "0.32", "best_ask": "0.86"}], "timestamp": "1769384092146", "event_type": "price_change"}}
{"_local_timestamp": "2026-01-25T23:34:55.861612+00:00", "data": {"market": "0x0f50bb6c3fba411f4d6c153abed8a750434b8f88f5e7e59a6c2fa7c68965c98d", "price_changes": [{"asset_id": "108640408865912714304980143618024557382069945018865372673974193384587151691217", "price": "0.31", "size": "0", "side": "BUY", "hash": "208957d24e09432baaf1f8a4de9e970484b98456", "best_bid": "0.32", "best_ask": "0.86"}, {"asset_id": "36680377078077148593910111584810781850541881273788879831231274564384521562016", "price": "0.69", "size": "0", "side": "SELL", "hash": "447e75ae7a43c03d85b6931f8aec16f83ae27519", "best_bid": "0.14", "best_ask": "0.68"}], "timestamp": "1769384095767", "event_type": "price_change"}}
{"_local_timestamp": "2026-01-25T23:34:55.862094+00:00", "data": {"market": "0xc23491e669c53326b7c1e5b89a2f840c7de2a46ed3e82d2800d97302b81538fb", "price_changes": [{"asset_id": "1591623342798714539854529028504405387642085816710949203609034511539452871496", "price": "0.27", "size": "0", "side": "BUY", "hash": "d6878d5228966da5aa9360131fbc17f0363ed9b0", "best_bid": "0.28", "best_ask": "0.81"}, {"asset_id": "112602011424851000103155656947679684438751382645862874734174162906146763262104", "price": "0.73", "size": "0", "side": "SELL", "hash": "c75afbc20e7bfc6fede4a0597db453707bb64e8b", "best_bid": "0.19", "best_ask": "0.72"}], "timestamp": "1769384095766", "event_type": "price_change"}}
{"_local_timestamp": "2026-01-25T23:34:55.862477+00:00", "data": {"market": "0x4b4bc4a3d08f4bfbd039cd51e9e90c5d6d99ff8e8294c9c123cec127d72b45df", "price_changes": [{"asset_id": "13014513819564186659036727888915395306970063120569611859316633530800092862906", "price": "0.31", "size": "0", "side": "BUY", "hash": "13ca2ff35b29433a11d89dc0d783b131252d0b73", "best_bid": "0.32", "best_ask": "0.61"}, {"asset_id": "78251160312981557515057155871280446885803851470938434971060724245845718670662", "price": "0.69", "size": "0", "side": "SELL", "hash": "4cc735f879d64f738f7de9c6c423603c2013c1ca", "best_bid": "0.39", "best_ask": "0.68"}], "timestamp": "1769384095768", "event_type": "price_change"}}
{"_local_timestamp": "2026-01-25T23:34:57.396898+00:00", "data": {"market": "0x0f50bb6c3fba411f4d6c153abed8a750434b8f88f5e7e59a6c2fa7c68965c98d", "price_changes": [{"asset_id": "108640408865912714304980143618024557382069945018865372673974193384587151691217", "price": "0.32", "size": "0", "side": "BUY", "hash": "1f31299e62db098f9c45ca57f50941d5ebcfdda3", "best_bid": "0.3", "best_ask": "0.86"}, {"asset_id": "36680377078077148593910111584810781850541881273788879831231274564384521562016", "price": "0.68", "size": "0", "side": "SELL", "hash": "e0adbadff4abd3396d955db192f6caf6f19e2e29", "best_bid": "0.14", "best_ask": "0.7"}], "timestamp": "1769384097328", "event_type": "price_change"}}
{"_local_timestamp": "2026-01-25T23:34:57.400608+00:00", "data": {"market": "0xc23491e669c53326b7c1e5b89a2f840c7de2a46ed3e82d2800d97302b81538fb", "price_changes": [{"asset_id": "1591623342798714539854529028504405387642085816710949203609034511539452871496", "price": "0.28", "size": "0", "side": "BUY", "hash": "5ca5161a5f14483b24c538fbaff7807e94fa95dd", "best_bid": "0.26", "best_ask": "0.81"}, {"asset_id": "112602011424851000103155656947679684438751382645862874734174162906146763262104", "price": "0.72", "size": "0", "side": "SELL", "hash": "524f53c8cbb420ae6afad7fa04c0e9ce27651d6e", "best_bid": "0.19", "best_ask": "0.74"}], "timestamp": "1769384097328", "event_type": "price_change"}}
{"_local_timestamp": "2026-01-25T23:34:57.401026+00:00", "data": {"market": "0x4b4bc4a3d08f4bfbd039cd51e9e90c5d6d99ff8e8294c9c123cec127d72b45df", "price_changes": [{"asset_id": "13014513819564186659036727888915395306970063120569611859316633530800092862906", "price": "0.32", "size": "0", "side": "BUY", "hash": "96373800f869f0b4c3e50fa710f9c63369a7d7a1", "best_bid": "0.29", "best_ask": "0.61"}, {"asset_id": "78251160312981557515057155871280446885803851470938434971060724245845718670662", "price": "0.68", "size": "0", "side": "SELL", "hash": "3fd96be8bef06a2a2959eb9a04500baa39e32fa1", "best_bid": "0.39", "best_ask": "0.71"}], "timestamp": "1769384097328", "event_type": "price_change"}}
{"_local_timestamp": "2026-01-25T23:34:57.789719+00:00", "data": {"market": "0x0f50bb6c3fba411f4d6c153abed8a750434b8f88f5e7e59a6c2fa7c68965c98d", "price_changes": [{"asset_id": "108640408865912714304980143618024557382069945018865372673974193384587151691217", "price": "0.31", "size": "150", "side": "BUY", "hash": "613c07367d21a35cafff8f7c4bdcdcf77939864e", "best_bid": "0.31", "best_ask": "0.86"}, {"asset_id": "36680377078077148593910111584810781850541881273788879831231274564384521562016", "price": "0.69", "size": "150", "side": "SELL", "hash": "e41ba4cb6f2aedf17c3a3263e01e109e65930f8f", "best_bid": "0.14", "best_ask": "0.69"}], "timestamp": "1769384097714", "event_type": "price_change"}}
{"_local_timestamp": "2026-01-25T23:34:57.813063+00:00", "data": {"market": "0x4b4bc4a3d08f4bfbd039cd51e9e90c5d6d99ff8e8294c9c123cec127d72b45df", "price_changes": [{"asset_id": "13014513819564186659036727888915395306970063120569611859316633530800092862906", "price": "0.3", "size": "150", "side": "BUY", "hash": "819cc6ffbdb95b0ef6a70da044669c2edcebe81e", "best_bid": "0.3", "best_ask": "0.61"}, {"asset_id": "78251160312981557515057155871280446885803851470938434971060724245845718670662", "price": "0.7", "size": "150", "side": "SELL", "hash": "9c85bb6ad2d0a641241edc7a9c27984364fb01a4", "best_bid": "0.39", "best_ask": "0.7"}], "timestamp": "1769384097729", "event_type": "price_change"}}
{"_local_timestamp": "2026-01-25T23:34:57.813664+00:00", "data": {"market": "0xc23491e669c53326b7c1e5b89a2f840c7de2a46ed3e82d2800d97302b81538fb", "price_changes": [{"asset_id": "1591623342798714539854529028504405387642085816710949203609034511539452871496", "price": "0.27", "size": "150", "side": "BUY", "hash": "49cd2681e13c6200aaf978828537ae0eb10e5faa", "best_bid": "0.27", "best_ask": "0.81"}, {"asset_id": "112602011424851000103155656947679684438751382645862874734174162906146763262104", "price": "0.73", "size": "150", "side": "SELL", "hash": "497fd7c94ff282e325721d83524f31bb0daf4aa2", "best_bid": "0.19", "best_ask": "0.73"}], "timestamp": "1769384097729", "event_type": "price_change"}}
{"_local_timestamp": "2026-01-25T23:34:58.597278+00:00", "data": {"market": "0x0f50bb6c3fba411f4d6c153abed8a750434b8f88f5e7e59a6c2fa7c68965c98d", "price_changes": [{"asset_id": "36680377078077148593910111584810781850541881273788879831231274564384521562016", "price": "0.15", "size": "8.5", "side": "BUY", "hash": "854c3b964c6cc8df85e3977f35516df755966dad", "best_bid": "0.15", "best_ask": "0.69"}, {"asset_id": "108640408865912714304980143618024557382069945018865372673974193384587151691217", "price": "0.85", "size": "8.5", "side": "SELL", "hash": "7cf22f369bc15e26f0b53639a1924e6452036520", "best_bid": "0.31", "best_ask": "0.85"}], "timestamp": "1769384098530", "event_type": "price_change"}}
{"_local_timestamp": "2026-01-25T23:34:58.597791+00:00", "data": {"market": "0x0f50bb6c3fba411f4d6c153abed8a750434b8f88f5e7e59a6c2fa7c68965c98d", "price_changes": [{"asset_id": "108640408865912714304980143618024557382069945018865372673974193384587151691217", "price": "0.15", "size": "13.95", "side": "BUY", "hash": "c1428df25f056d07ee3a8fc4eaf3cb7d19490ed9", "best_bid": "0.31", "best_ask": "0.85"}, {"asset_id": "36680377078077148593910111584810781850541881273788879831231274564384521562016", "price": "0.85", "size": "13.95", "side": "SELL", "hash": "5584968ce9590bfdf2600545b585893ea55164bb", "best_bid": "0.15", "best_ask": "0.69"}], "timestamp": "1769384098530", "event_type": "price_change"}}
{"_local_timestamp": "2026-01-25T23:35:03.033839+00:00", "data": {"market": "0x0f50bb6c3fba411f4d6c153abed8a750434b8f88f5e7e59a6c2fa7c68965c98d", "price_changes": [{"asset_id": "36680377078077148593910111584810781850541881273788879831231274564384521562016", "price": "0.14", "size": "0", "side": "BUY", "hash": "fa46ab38279de98d77535f807268995b9f260eee", "best_bid": "0.15", "best_ask": "0.69"}, {"asset_id": "108640408865912714304980143618024557382069945018865372673974193384587151691217", "price": "0.86", "size": "0", "side": "SELL", "hash": "00c0be885a6d5c78ab9ef6033623f58f0189847a", "best_bid": "0.31", "best_ask": "0.85"}], "timestamp": "1769384102878", "event_type": "price_change"}}
{"_local_timestamp": "2026-01-25T23:35:03.699852+00:00", "data": {"market": "0x0f50bb6c3fba411f4d6c153abed8a750434b8f88f5e7e59a6c2fa7c68965c98d", "price_changes": [{"asset_id": "36680377078077148593910111584810781850541881273788879831231274564384521562016", "price": "0.16", "size": "150", "side": "BUY", "hash": "4a709d979ea1a91e894064fee292c01b6a04cfab", "best_bid": "0.16", "best_ask": "0.69"}, {"asset_id": "108640408865912714304980143618024557382069945018865372673974193384587151691217", "price": "0.84", "size": "150", "side": "SELL", "hash": "de06284b55371b18ff109a0694872d44c9a23cf4", "best_bid": "0.31", "best_ask": "0.84"}], "timestamp": "1769384103562", "event_type": "price_change"}}
{"_local_timestamp": "2026-01-25T23:35:07.264546+00:00", "data": {"market": "0x0f50bb6c3fba411f4d6c153abed8a750434b8f88f5e7e59a6c2fa7c68965c98d", "price_changes": [{"asset_id": "36680377078077148593910111584810781850541881273788879831231274564384521562016", "price": "0.15", "size": "0", "side": "BUY", "hash": "ea21e88a31455bebc99e186c9a9ca2cc5fb16994", "best_bid": "0.16", "best_ask": "0.69"}, {"asset_id": "108640408865912714304980143618024557382069945018865372673974193384587151691217", "price": "0.85", "size": "0", "side": "SELL", "hash": "0d9f9a3d67f785e009ef93977949edfdd03eaa83", "best_bid": "0.31", "best_ask": "0.84"}], "timestamp": "1769384107039", "event_type": "price_change"}}
{"_local_timestamp": "2026-01-25T23:35:07.265303+00:00", "data": {"market": "0x0f50bb6c3fba411f4d6c153abed8a750434b8f88f5e7e59a6c2fa7c68965c98d", "price_changes": [{"asset_id": "108640408865912714304980143618024557382069945018865372673974193384587151691217", "price": "0.15", "size": "5.45", "side": "BUY", "hash": "d5bbf172ae52ae5c1788828936408876355d1f1b", "best_bid": "0.31", "best_ask": "0.84"}, {"asset_id": "36680377078077148593910111584810781850541881273788879831231274564384521562016", "price": "0.85", "size": "5.45", "side": "SELL", "hash": "c5598fc8afa438ad35dc3f2089430ec2605650b8", "best_bid": "0.16", "best_ask": "0.69"}], "timestamp": "1769384107039", "event_type": "price_change"}}
{"_local_timestamp": "2026-01-25T23:35:08.669888+00:00", "data": {"market": "0xc23491e669c53326b7c1e5b89a2f840c7de2a46ed3e82d2800d97302b81538fb", "price_changes": [{"asset_id": "1591623342798714539854529028504405387642085816710949203609034511539452871496", "price": "0.26", "size": "0", "side": "BUY", "hash": "5cd8b8c63fc076cf25439c3021c8269687803562", "best_bid": "0.27", "best_ask": "0.81"}, {"asset_id": "112602011424851000103155656947679684438751382645862874734174162906146763262104", "price": "0.74", "size": "0", "side": "SELL", "hash": "fc14a025ec2ca05d8dae63550e2211924ccd7a93", "best_bid": "0.19", "best_ask": "0.73"}], "timestamp": "1769384108472", "event_type": "price_change"}}
{"_local_timestamp": "2026-01-25T23:35:08.670430+00:00", "data": {"market": "0x0f50bb6c3fba411f4d6c153abed8a750434b8f88f5e7e59a6c2fa7c68965c98d", "price_changes": [{"asset_id": "108640408865912714304980143618024557382069945018865372673974193384587151691217", "price": "0.3", "size": "0", "side": "BUY", "hash": "0de33bd170451793eb1039a1ccf385a1e2748eed", "best_bid": "0.31", "best_ask": "0.84"}, {"asset_id": "36680377078077148593910111584810781850541881273788879831231274564384521562016", "price": "0.7", "size": "0", "side": "SELL", "hash": "f6303e6d0933f184b4511442f83a02836c8125b3", "best_bid": "0.16", "best_ask": "0.69"}], "timestamp": "1769384108472", "event_type": "price_change"}}
{"_local_timestamp": "2026-01-25T23:35:09.214758+00:00", "data": {"market": "0x0f50bb6c3fba411f4d6c153abed8a750434b8f88f5e7e59a6c2fa7c68965c98d", "price_changes": [{"asset_id": "36680377078077148593910111584810781850541881273788879831231274564384521562016", "price": "0.16", "size": "0", "side": "BUY", "hash": "f874835c65f5f2c7207fbc5666688dea67ff6da5", "best_bid": "0.13", "best_ask": "0.69"}, {"asset_id": "108640408865912714304980143618024557382069945018865372673974193384587151691217", "price": "0.84", "size": "0", "side": "SELL", "hash": "ae42dcb9cdffbb7eb33a652c576a4bc895b6a7c2", "best_bid": "0.31", "best_ask": "0.87"}], "timestamp": "1769384109013", "event_type": "price_change"}}
{"_local_timestamp": "2026-01-25T23:35:09.230352+00:00", "data": {"market": "0xc23491e669c53326b7c1e5b89a2f840c7de2a46ed3e82d2800d97302b81538fb", "price_changes": [{"asset_id": "1591623342798714539854529028504405387642085816710949203609034511539452871496", "price": "0.27", "size": "0", "side": "BUY", "hash": "f19dc077acea129b23a2534a330d6b486fb92fd6", "best_bid": "0.25", "best_ask": "0.81"}, {"asset_id": "112602011424851000103155656947679684438751382645862874734174162906146763262104", "price": "0.73", "size": "0", "side": "SELL", "hash": "9d6dbb655cd1bf63226c587024b85df28954b3ba", "best_bid": "0.19", "best_ask": "0.75"}], "timestamp": "1769384109013", "event_type": "price_change"}}
{"_local_timestamp": "2026-01-25T23:35:09.230894+00:00", "data": {"market": "0x0f50bb6c3fba411f4d6c153abed8a750434b8f88f5e7e59a6c2fa7c68965c98d", "price_changes": [{"asset_id": "108640408865912714304980143618024557382069945018865372673974193384587151691217", "price": "0.31", "size": "0", "side": "BUY", "hash": "93932d4be291fa2c887a812bafac7c40ee7b307b", "best_bid": "0.29", "best_ask": "0.87"}, {"asset_id": "36680377078077148593910111584810781850541881273788879831231274564384521562016", "price": "0.69", "size": "0", "side": "SELL", "hash": "3712ef6bc919b21dcc9007901aeebd1d5e8a84c9", "best_bid": "0.13", "best_ask": "0.71"}], "timestamp": "1769384109013", "event_type": "price_change"}}
{"_local_timestamp": "2026-01-25T23:35:09.510791+00:00", "data": {"market": "0xc23491e669c53326b7c1e5b89a2f840c7de2a46ed3e82d2800d97302b81538fb", "price_changes": [{"asset_id": "1591623342798714539854529028504405387642085816710949203609034511539452871496", "price": "0.26", "size": "150", "side": "BUY", "hash": "399139fb9899be8c83cb05f2c3a5e269a162b5a8", "best_bid": "0.26", "best_ask": "0.81"}, {"asset_id": "112602011424851000103155656947679684438751382645862874734174162906146763262104", "price": "0.74", "size": "150", "side": "SELL", "hash": "6dc8e8ffc2abc17826ee50d12a1bb192978f3421", "best_bid": "0.19", "best_ask": "0.74"}], "timestamp": "1769384109300", "event_type": "price_change"}}
{"_local_timestamp": "2026-01-25T23:35:09.511380+00:00", "data": {"market": "0x0f50bb6c3fba411f4d6c153abed8a750434b8f88f5e7e59a6c2fa7c68965c98d", "price_changes": [{"asset_id": "108640408865912714304980143618024557382069945018865372673974193384587151691217", "price": "0.3", "size": "150", "side": "BUY", "hash": "504dec42fb8c5e0c4fdb1fe43f8b4845edd2acf2", "best_bid": "0.3", "best_ask": "0.87"}, {"asset_id": "36680377078077148593910111584810781850541881273788879831231274564384521562016", "price": "0.7", "size": "150", "side": "SELL", "hash": "b02ab631150a770cfc6942f4ff478ffbfa24a3b0", "best_bid": "0.13", "best_ask": "0.7"}], "timestamp": "1769384109300", "event_type": "price_change"}}
{"_local_timestamp": "2026-01-25T23:35:09.516627+00:00", "data": {"market": "0x0f50bb6c3fba411f4d6c153abed8a750434b8f88f5e7e59a6c2fa7c68965c98d", "price_changes": [{"asset_id": "36680377078077148593910111584810781850541881273788879831231274564384521562016", "price": "0.14", "size": "150", "side": "BUY", "hash": "bb5f6836fb2423a0627f55c1236fe1a8eb556463", "best_bid": "0.14", "best_ask": "0.7"}, {"asset_id": "108640408865912714304980143618024557382069945018865372673974193384587151691217", "price": "0.86", "size": "150", "side": "SELL", "hash": "48f3312fea706c25dc2da4e9b44c6254c33101c2", "best_bid": "0.3", "best_ask": "0.86"}], "timestamp": "1769384109301", "event_type": "price_change"}}
{"_local_timestamp": "2026-01-25T23:35:13.459437+00:00", "data": {"market": "0x0f50bb6c3fba411f4d6c153abed8a750434b8f88f5e7e59a6c2fa7c68965c98d", "price_changes": [{"asset_id": "36680377078077148593910111584810781850541881273788879831231274564384521562016", "price": "0.15", "size": "8.5", "side": "BUY", "hash": "311c86abf42786f6d060cc6597794c16007658b3", "best_bid": "0.15", "best_ask": "0.7"}, {"asset_id": "108640408865912714304980143618024557382069945018865372673974193384587151691217", "price": "0.85", "size": "8.5", "side": "SELL", "hash": "500eef3769e052d156672a29aea5b5008824b575", "best_bid": "0.3", "best_ask": "0.85"}], "timestamp": "1769384113219", "event_type": "price_change"}}
{"_local_timestamp": "2026-01-25T23:35:13.466812+00:00", "data": {"market": "0x0f50bb6c3fba411f4d6c153abed8a750434b8f88f5e7e59a6c2fa7c68965c98d", "price_changes": [{"asset_id": "108640408865912714304980143618024557382069945018865372673974193384587151691217", "price": "0.15", "size": "13.95", "side": "BUY", "hash": "a95f35107766e1ea1a5e1304c28d06ec25f59d7f", "best_bid": "0.3", "best_ask": "0.85"}, {"asset_id": "36680377078077148593910111584810781850541881273788879831231274564384521562016", "price": "0.85", "size": "13.95", "side": "SELL", "hash": "da2efe3838ab2326979a5b3ebf3a15ec72334bec", "best_bid": "0.15", "best_ask": "0.7"}], "timestamp": "1769384113224", "event_type": "price_change"}}
{"_local_timestamp": "2026-01-25T23:35:13.655590+00:00", "data": {"market": "0x4b4bc4a3d08f4bfbd039cd51e9e90c5d6d99ff8e8294c9c123cec127d72b45df", "price_changes": [{"asset_id": "13014513819564186659036727888915395306970063120569611859316633530800092862906", "price": "0.15", "size": "43", "side": "BUY", "hash": "69137e9592066a4e962192ebf24b5dad0053a7c2", "best_bid": "0.3", "best_ask": "0.61"}, {"asset_id": "78251160312981557515057155871280446885803851470938434971060724245845718670662", "price": "0.85", "size": "43", "side": "SELL", "hash": "28340ad10f9b56ecf735976720c22d31e5f39b30", "best_bid": "0.39", "best_ask": "0.7"}], "timestamp": "1769384113398", "event_type": "price_change"}}
{"_local_timestamp": "2026-01-25T23:35:14.652843+00:00", "data": {"market": "0x0f50bb6c3fba411f4d6c153abed8a750434b8f88f5e7e59a6c2fa7c68965c98d", "price_changes": [{"asset_id": "36680377078077148593910111584810781850541881273788879831231274564384521562016", "price": "0.14", "size": "0", "side": "BUY", "hash": "583b0e36a40a2d0de4eab7cb0d47cac343fc4051", "best_bid": "0.15", "best_ask": "0.7"}, {"asset_id": "108640408865912714304980143618024557382069945018865372673974193384587151691217", "price": "0.86", "size": "0", "side": "SELL", "hash": "03cadb138d243a3fefcd818c9a7a9f6fa6a0388d", "best_bid": "0.3", "best_ask": "0.85"}], "timestamp": "1769384114453", "event_type": "price_change"}}
{"_local_timestamp": "2026-01-25T23:35:15.027883+00:00", "data": {"market": "0x0f50bb6c3fba411f4d6c153abed8a750434b8f88f5e7e59a6c2fa7c68965c98d", "price_changes": [{"asset_id": "36680377078077148593910111584810781850541881273788879831231274564384521562016", "price": "0.16", "size": "150", "side": "BUY", "hash": "f8b532c121350d71b75016ad8793fb80558ecd0e", "best_bid": "0.16", "best_ask": "0.7"}, {"asset_id": "108640408865912714304980143618024557382069945018865372673974193384587151691217", "price": "0.84", "size": "150", "side": "SELL", "hash": "32e43bcbf22a33d069fcf2a9ff6d3f6d8f9d1dec", "best_bid": "0.3", "best_ask": "0.84"}], "timestamp": "1769384114820", "event_type": "price_change"}}
{"_local_timestamp": "2026-01-25T23:35:15.903241+00:00", "data": {"market": "0x4b4bc4a3d08f4bfbd039cd51e9e90c5d6d99ff8e8294c9c123cec127d72b45df", "price_changes": [{"asset_id": "13014513819564186659036727888915395306970063120569611859316633530800092862906", "price": "0.15", "size": "49.06", "side": "BUY", "hash": "3b5c5d6eff8a707393203453e1cf978578044a69", "best_bid": "0.3", "best_ask": "0.61"}, {"asset_id": "78251160312981557515057155871280446885803851470938434971060724245845718670662", "price": "0.85", "size": "49.06", "side": "SELL", "hash": "9ae2acb9db3806528d9f86145cb54c8150264991", "best_bid": "0.39", "best_ask": "0.7"}], "timestamp": "1769384115680", "event_type": "price_change"}}
{"_local_timestamp": "2026-01-25T23:35:21.479514+00:00", "data": {"market": "0x0f50bb6c3fba411f4d6c153abed8a750434b8f88f5e7e59a6c2fa7c68965c98d", "price_changes": [{"asset_id": "108640408865912714304980143618024557382069945018865372673974193384587151691217", "price": "0.15", "size": "5.45", "side": "BUY", "hash": "f7734741e44e36f00ca6e20bdb4f5031166987cb", "best_bid": "0.3", "best_ask": "0.84"}, {"asset_id": "36680377078077148593910111584810781850541881273788879831231274564384521562016", "price": "0.85", "size": "5.45", "side": "SELL", "hash": "73852055cc991e7c66c1d9832a96ca563ee16b35", "best_bid": "0.16", "best_ask": "0.7"}], "timestamp": "1769384121257", "event_type": "price_change"}}
{"_local_timestamp": "2026-01-25T23:35:21.480092+00:00", "data": {"market": "0x0f50bb6c3fba411f4d6c153abed8a750434b8f88f5e7e59a6c2fa7c68965c98d", "price_changes": [{"asset_id": "36680377078077148593910111584810781850541881273788879831231274564384521562016", "price": "0.15", "size": "0", "side": "BUY", "hash": "9eecfec5d947cce5071cf1347f46ed9fb56f0fd3", "best_bid": "0.16", "best_ask": "0.7"}, {"asset_id": "108640408865912714304980143618024557382069945018865372673974193384587151691217", "price": "0.85", "size": "0", "side": "SELL", "hash": "66373054c864a3641d8971fd882421a31749d282", "best_bid": "0.3", "best_ask": "0.84"}], "timestamp": "1769384121257", "event_type": "price_change"}}
{"_local_timestamp": "2026-01-25T23:35:25.511124+00:00", "data": {"market": "0x0f50bb6c3fba411f4d6c153abed8a750434b8f88f5e7e59a6c2fa7c68965c98d", "price_changes": [{"asset_id": "36680377078077148593910111584810781850541881273788879831231274564384521562016", "price": "0.16", "size": "0", "side": "BUY", "hash": "2c3a7a1e991e4172fa7718873133a18472320067", "best_bid": "0.13", "best_ask": "0.7"}, {"asset_id": "108640408865912714304980143618024557382069945018865372673974193384587151691217", "price": "0.84", "size": "0", "side": "SELL", "hash": "18cf4cb3301d40e0fb7bc2efe70165739e942fd6", "best_bid": "0.3", "best_ask": "0.87"}], "timestamp": "1769384125291", "event_type": "price_change"}}
{"_local_timestamp": "2026-01-25T23:35:25.864223+00:00", "data": {"market": "0x0f50bb6c3fba411f4d6c153abed8a750434b8f88f5e7e59a6c2fa7c68965c98d", "price_changes": [{"asset_id": "36680377078077148593910111584810781850541881273788879831231274564384521562016", "price": "0.14", "size": "150", "side": "BUY", "hash": "d909c802f8366a6580a717f511e7667ad3f2f551", "best_bid": "0.14", "best_ask": "0.7"}, {"asset_id": "108640408865912714304980143618024557382069945018865372673974193384587151691217", "price": "0.86", "size": "150", "side": "SELL", "hash": "ccd96c35a63945570ad701d98e4b59b367a695a5", "best_bid": "0.3", "best_ask": "0.86"}], "timestamp": "1769384125647", "event_type": "price_change"}}
{"_local_timestamp": "2026-01-25T23:35:29.880900+00:00", "data": {"market": "0x0f50bb6c3fba411f4d6c153abed8a750434b8f88f5e7e59a6c2fa7c68965c98d", "price_changes": [{"asset_id": "108640408865912714304980143618024557382069945018865372673974193384587151691217", "price": "0.02", "size": "700", "side": "BUY", "hash": "d5c475944cd4f5e35ca56cad8555848d6271ccff", "best_bid": "0.3", "best_ask": "0.86"}, {"asset_id": "36680377078077148593910111584810781850541881273788879831231274564384521562016", "price": "0.98", "size": "700", "side": "SELL", "hash": "fb6f2cd45352cd55acb80f93f2153609066f5bca", "best_bid": "0.14", "best_ask": "0.7"}], "timestamp": "1769384129655", "event_type": "price_change"}}
{"_local_timestamp": "2026-01-25T23:35:30.291850+00:00", "data": {"market": "0x0f50bb6c3fba411f4d6c153abed8a750434b8f88f5e7e59a6c2fa7c68965c98d", "price_changes": [{"asset_id": "36680377078077148593910111584810781850541881273788879831231274564384521562016", "price": "0.15", "size": "8.5", "side": "BUY", "hash": "04935b586f344fb05967c3104f55d5796fafe615", "best_bid": "0.15", "best_ask": "0.7"}, {"asset_id": "108640408865912714304980143618024557382069945018865372673974193384587151691217", "price": "0.85", "size": "8.5", "side": "SELL", "hash": "b3d68bed31a942a49e1c3c7f027db93b9bb7caed", "best_bid": "0.3", "best_ask": "0.85"}], "timestamp": "1769384130053", "event_type": "price_change"}}
{"_local_timestamp": "2026-01-25T23:35:30.292408+00:00", "data": {"market": "0x0f50bb6c3fba411f4d6c153abed8a750434b8f88f5e7e59a6c2fa7c68965c98d", "price_changes": [{"asset_id": "108640408865912714304980143618024557382069945018865372673974193384587151691217", "price": "0.15", "size": "13.95", "side": "BUY", "hash": "c9c2f4f2344de7ef42a7ab074eda271f9a7d005e", "best_bid": "0.3", "best_ask": "0.85"}, {"asset_id": "36680377078077148593910111584810781850541881273788879831231274564384521562016", "price": "0.85", "size": "13.95", "side": "SELL", "hash": "27806c020a16658df68b4812d810ecc37f25a259", "best_bid": "0.15", "best_ask": "0.7"}], "timestamp": "1769384130053", "event_type": "price_change"}}
{"_local_timestamp": "2026-01-25T23:35:31.038919+00:00", "data": {"market": "0x0f50bb6c3fba411f4d6c153abed8a750434b8f88f5e7e59a6c2fa7c68965c98d", "price_changes": [{"asset_id": "36680377078077148593910111584810781850541881273788879831231274564384521562016", "price": "0.14", "size": "0", "side": "BUY", "hash": "162483ef4994c0209c6f7b0a88e0def11db16ec0", "best_bid": "0.15", "best_ask": "0.7"}, {"asset_id": "108640408865912714304980143618024557382069945018865372673974193384587151691217", "price": "0.86", "size": "0", "side": "SELL", "hash": "cd04354b2b3970b626cb59d3244e606e5d2d81e1", "best_bid": "0.3", "best_ask": "0.85"}], "timestamp": "1769384130798", "event_type": "price_change"}}
{"_local_timestamp": "2026-01-25T23:35:31.339945+00:00", "data": {"market": "0x0f50bb6c3fba411f4d6c153abed8a750434b8f88f5e7e59a6c2fa7c68965c98d", "price_changes": [{"asset_id": "36680377078077148593910111584810781850541881273788879831231274564384521562016", "price": "0.16", "size": "150", "side": "BUY", "hash": "e4bfa61afe17ba9c7a7a71933344ed1823ef5741", "best_bid": "0.16", "best_ask": "0.7"}, {"asset_id": "108640408865912714304980143618024557382069945018865372673974193384587151691217", "price": "0.84", "size": "150", "side": "SELL", "hash": "18bf857ff679d2caad683612033623c9889dbfe1", "best_bid": "0.3", "best_ask": "0.84"}], "timestamp": "1769384131100", "event_type": "price_change"}}
{"_local_timestamp": "2026-01-25T23:35:32.442454+00:00", "data": {"market": "0x0f50bb6c3fba411f4d6c153abed8a750434b8f88f5e7e59a6c2fa7c68965c98d", "price_changes": [{"asset_id": "108640408865912714304980143618024557382069945018865372673974193384587151691217", "price": "0.03", "size": "13.13", "side": "BUY", "hash": "c24104e19e942c5037defdae2317ce4080c9d581", "best_bid": "0.3", "best_ask": "0.84"}, {"asset_id": "36680377078077148593910111584810781850541881273788879831231274564384521562016", "price": "0.97", "size": "13.13", "side": "SELL", "hash": "f5c0932b1451f472a863aa97f1c5ba8aa2da57ab", "best_bid": "0.16", "best_ask": "0.7"}], "timestamp": "1769384132213", "event_type": "price_change"}}
{"_local_timestamp": "2026-01-25T23:35:32.443016+00:00", "data": {"market": "0x0f50bb6c3fba411f4d6c153abed8a750434b8f88f5e7e59a6c2fa7c68965c98d", "price_changes": [{"asset_id": "108640408865912714304980143618024557382069945018865372673974193384587151691217", "price": "0.02", "size": "705.38", "side": "BUY", "hash": "8599d7fca6485fbea8234c723e84e843a44dc38a", "best_bid": "0.3", "best_ask": "0.84"}, {"asset_id": "36680377078077148593910111584810781850541881273788879831231274564384521562016", "price": "0.98", "size": "705.38", "side": "SELL", "hash": "6791f18b7b20a05f7c9a7e0bb4441d6e53e77774", "best_bid": "0.16", "best_ask": "0.7"}], "timestamp": "1769384132215", "event_type": "price_change"}}
{"_local_timestamp": "2026-01-25T23:35:38.414430+00:00", "data": {"market": "0x0f50bb6c3fba411f4d6c153abed8a750434b8f88f5e7e59a6c2fa7c68965c98d", "price_changes": [{"asset_id": "36680377078077148593910111584810781850541881273788879831231274564384521562016", "price": "0.15", "size": "0", "side": "BUY", "hash": "a3e6e84d8a556cfd483dbbe6d81cfc691e36350f", "best_bid": "0.16", "best_ask": "0.7"}, {"asset_id": "108640408865912714304980143618024557382069945018865372673974193384587151691217", "price": "0.85", "size": "0", "side": "SELL", "hash": "6b9cf23ecd9d503a27d38172e2d57a586992c86a", "best_bid": "0.3", "best_ask": "0.84"}], "timestamp": "1769384138344", "event_type": "price_change"}}
{"_local_timestamp": "2026-01-25T23:35:38.415114+00:00", "data": {"market": "0x0f50bb6c3fba411f4d6c153abed8a750434b8f88f5e7e59a6c2fa7c68965c98d", "price_changes": [{"asset_id": "108640408865912714304980143618024557382069945018865372673974193384587151691217", "price": "0.15", "size": "5.45", "side": "BUY", "hash": "ae9b790bb6fae6493900d64dbce8b6cd2cfdbf14", "best_bid": "0.3", "best_ask": "0.84"}, {"asset_id": "36680377078077148593910111584810781850541881273788879831231274564384521562016", "price": "0.85", "size": "5.45", "side": "SELL", "hash": "3f5faa2088331f5593dbd50f26a9621becf0a36e", "best_bid": "0.16", "best_ask": "0.7"}], "timestamp": "1769384138344", "event_type": "price_change"}}
{"_local_timestamp": "2026-01-25T23:35:41.708819+00:00", "data": {"market": "0x0f50bb6c3fba411f4d6c153abed8a750434b8f88f5e7e59a6c2fa7c68965c98d", "price_changes": [{"asset_id": "36680377078077148593910111584810781850541881273788879831231274564384521562016", "price": "0.16", "size": "0", "side": "BUY", "hash": "3561e619a201d5cc2de3007fae26ab6d1e106e5c", "best_bid": "0.13", "best_ask": "0.7"}, {"asset_id": "108640408865912714304980143618024557382069945018865372673974193384587151691217", "price": "0.84", "size": "0", "side": "SELL", "hash": "628523100897f9339c79a1a4f5f637149bd59ce1", "best_bid": "0.3", "best_ask": "0.87"}], "timestamp": "1769384141638", "event_type": "price_change"}}
{"_local_timestamp": "2026-01-25T23:35:42.178992+00:00", "data": {"market": "0x0f50bb6c3fba411f4d6c153abed8a750434b8f88f5e7e59a6c2fa7c68965c98d", "price_changes": [{"asset_id": "36680377078077148593910111584810781850541881273788879831231274564384521562016", "price": "0.14", "size": "150", "side": "BUY", "hash": "e2a5498d88a31fd9358ea924323d9a30a10dff93", "best_bid": "0.14", "best_ask": "0.7"}, {"asset_id": "108640408865912714304980143618024557382069945018865372673974193384587151691217", "price": "0.86", "size": "150", "side": "SELL", "hash": "3adab485e9f5c500c716a5313172771bf18c2ca4", "best_bid": "0.3", "best_ask": "0.86"}], "timestamp": "1769384142102", "event_type": "price_change"}}
{"_local_timestamp": "2026-01-25T23:35:45.823354+00:00", "data": {"market": "0x0f50bb6c3fba411f4d6c153abed8a750434b8f88f5e7e59a6c2fa7c68965c98d", "price_changes": [{"asset_id": "36680377078077148593910111584810781850541881273788879831231274564384521562016", "price": "0.15", "size": "8.5", "side": "BUY", "hash": "0a9273c87efbae42c6413166f40b86cb5f288345", "best_bid": "0.15", "best_ask": "0.7"}, {"asset_id": "108640408865912714304980143618024557382069945018865372673974193384587151691217", "price": "0.85", "size": "8.5", "side": "SELL", "hash": "90f1e2e1a8f3b6b142183e51cc014f5fea73a704", "best_bid": "0.3", "best_ask": "0.85"}], "timestamp": "1769384145742", "event_type": "price_change"}}
{"_local_timestamp": "2026-01-25T23:35:45.823945+00:00", "data": {"market": "0x0f50bb6c3fba411f4d6c153abed8a750434b8f88f5e7e59a6c2fa7c68965c98d", "price_changes": [{"asset_id": "108640408865912714304980143618024557382069945018865372673974193384587151691217", "price": "0.15", "size": "13.95", "side": "BUY", "hash": "0cb3263413500e2ac00643f7102e94ab3400b828", "best_bid": "0.3", "best_ask": "0.85"}, {"asset_id": "36680377078077148593910111584810781850541881273788879831231274564384521562016", "price": "0.85", "size": "13.95", "side": "SELL", "hash": "5d3ebf4b7da1e4ca1a4e95bc4f9ee418f610b73d", "best_bid": "0.15", "best_ask": "0.7"}], "timestamp": "1769384145743", "event_type": "price_change"}}
{"_local_timestamp": "2026-01-25T23:35:47.352326+00:00", "data": {"market": "0x0f50bb6c3fba411f4d6c153abed8a750434b8f88f5e7e59a6c2fa7c68965c98d", "price_changes": [{"asset_id": "36680377078077148593910111584810781850541881273788879831231274564384521562016", "price": "0.14", "size": "0", "side": "BUY", "hash": "9fb3611eb16c012ddaad8560c0ae9a2812e17dea", "best_bid": "0.15", "best_ask": "0.7"}, {"asset_id": "108640408865912714304980143618024557382069945018865372673974193384587151691217", "price": "0.86", "size": "0", "side": "SELL", "hash": "f4f7e4f0e994335daf8a0c61975bad8bedbc6c70", "best_bid": "0.3", "best_ask": "0.85"}], "timestamp": "1769384147285", "event_type": "price_change"}}
{"_local_timestamp": "2026-01-25T23:35:47.946966+00:00", "data": {"market": "0x0f50bb6c3fba411f4d6c153abed8a750434b8f88f5e7e59a6c2fa7c68965c98d", "price_changes": [{"asset_id": "36680377078077148593910111584810781850541881273788879831231274564384521562016", "price": "0.16", "size": "150", "side": "BUY", "hash": "ec59a51259690007d5d6d80ce57f5e328be988b0", "best_bid": "0.16", "best_ask": "0.7"}, {"asset_id": "108640408865912714304980143618024557382069945018865372673974193384587151691217", "price": "0.84", "size": "150", "side": "SELL", "hash": "64a6e3cb027d3fb7d62487965f2afce289cdeed8", "best_bid": "0.3", "best_ask": "0.84"}], "timestamp": "1769384147879", "event_type": "price_change"}}
{"_local_timestamp": "2026-01-25T23:35:53.925392+00:00", "data": {"market": "0x0f50bb6c3fba411f4d6c153abed8a750434b8f88f5e7e59a6c2fa7c68965c98d", "price_changes": [{"asset_id": "108640408865912714304980143618024557382069945018865372673974193384587151691217", "price": "0.15", "size": "5.45", "side": "BUY", "hash": "2142224a9435e400dc86ee64ce5ff989a62e2c99", "best_bid": "0.3", "best_ask": "0.84"}, {"asset_id": "36680377078077148593910111584810781850541881273788879831231274564384521562016", "price": "0.85", "size": "5.45", "side": "SELL", "hash": "6162cbc8398a42e06bfb2696f2cd2815177f8e29", "best_bid": "0.16", "best_ask": "0.7"}], "timestamp": "1769384153825", "event_type": "price_change"}}
{"_local_timestamp": "2026-01-25T23:35:53.926262+00:00", "data": {"market": "0x0f50bb6c3fba411f4d6c153abed8a750434b8f88f5e7e59a6c2fa7c68965c98d", "price_changes": [{"asset_id": "36680377078077148593910111584810781850541881273788879831231274564384521562016", "price": "0.15", "size": "0", "side": "BUY", "hash": "d38f0387d72ee8dbeffe718dc28e6aa8bb3c8d48", "best_bid": "0.16", "best_ask": "0.7"}, {"asset_id": "108640408865912714304980143618024557382069945018865372673974193384587151691217", "price": "0.85", "size": "0", "side": "SELL", "hash": "2539f55d9ec471c1154fdb725398e77be232001d", "best_bid": "0.3", "best_ask": "0.84"}], "timestamp": "1769384153826", "event_type": "price_change"}}
{"_local_timestamp": "2026-01-25T23:35:58.544904+00:00", "data": {"market": "0x0f50bb6c3fba411f4d6c153abed8a750434b8f88f5e7e59a6c2fa7c68965c98d", "price_changes": [{"asset_id": "36680377078077148593910111584810781850541881273788879831231274564384521562016", "price": "0.16", "size": "0", "side": "BUY", "hash": "0028cafaeb083bae5fab1c7212fcf19694ef680d", "best_bid": "0.13", "best_ask": "0.7"}, {"asset_id": "108640408865912714304980143618024557382069945018865372673974193384587151691217", "price": "0.84", "size": "0", "side": "SELL", "hash": "eb0c395355e75d2347347ad0513984e1a079662b", "best_bid": "0.3", "best_ask": "0.87"}], "timestamp": "1769384158473", "event_type": "price_change"}}
{"_local_timestamp": "2026-01-25T23:35:58.999720+00:00", "data": {"market": "0x0f50bb6c3fba411f4d6c153abed8a750434b8f88f5e7e59a6c2fa7c68965c98d", "price_changes": [{"asset_id": "36680377078077148593910111584810781850541881273788879831231274564384521562016", "price": "0.14", "size": "150", "side": "BUY", "hash": "3119a2dd35332409c79233f22fde8f9d97e8e333", "best_bid": "0.14", "best_ask": "0.7"}, {"asset_id": "108640408865912714304980143618024557382069945018865372673974193384587151691217", "price": "0.86", "size": "150", "side": "SELL", "hash": "c775c1b4100e9f139a06777f969b7939ff1a53cf", "best_bid": "0.3", "best_ask": "0.86"}], "timestamp": "1769384158815", "event_type": "price_change"}}
{"_local_timestamp": "2026-01-25T23:36:06.242241+00:00", "data": {"market": "0x0f50bb6c3fba411f4d6c153abed8a750434b8f88f5e7e59a6c2fa7c68965c98d", "price_changes": [{"asset_id": "36680377078077148593910111584810781850541881273788879831231274564384521562016", "price": "0.15", "size": "8.5", "side": "BUY", "hash": "242e3d1ca963d37a83e2d0bf787bbe0d5ddb1542", "best_bid": "0.15", "best_ask": "0.7"}, {"asset_id": "108640408865912714304980143618024557382069945018865372673974193384587151691217", "price": "0.85", "size": "8.5", "side": "SELL", "hash": "a7c4e82c92096c758fbd2dbd4b0b854ab90462f0", "best_bid": "0.3", "best_ask": "0.85"}], "timestamp": "1769384166175", "event_type": "price_change"}}
{"_local_timestamp": "2026-01-25T23:36:06.515068+00:00", "data": {"market": "0x0f50bb6c3fba411f4d6c153abed8a750434b8f88f5e7e59a6c2fa7c68965c98d", "price_changes": [{"asset_id": "108640408865912714304980143618024557382069945018865372673974193384587151691217", "price": "0.15", "size": "13.95", "side": "BUY", "hash": "ed397531a6f65c6c439de616dfd12754f8586342", "best_bid": "0.3", "best_ask": "0.85"}, {"asset_id": "36680377078077148593910111584810781850541881273788879831231274564384521562016", "price": "0.85", "size": "13.95", "side": "SELL", "hash": "383ea14aba197e8d32b21a0daf9152723e837b09", "best_bid": "0.15", "best_ask": "0.7"}], "timestamp": "1769384166176", "event_type": "price_change"}}
{"_local_timestamp": "2026-01-25T23:36:09.442663+00:00", "data": {"market": "0x0f50bb6c3fba411f4d6c153abed8a750434b8f88f5e7e59a6c2fa7c68965c98d", "price_changes": [{"asset_id": "36680377078077148593910111584810781850541881273788879831231274564384521562016", "price": "0.14", "size": "0", "side": "BUY", "hash": "020aafd5c09043fe3e978b41a7d3b164dc25bec5", "best_bid": "0.15", "best_ask": "0.7"}, {"asset_id": "108640408865912714304980143618024557382069945018865372673974193384587151691217", "price": "0.86", "size": "0", "side": "SELL", "hash": "88ac4d2d0691adb87daf3e9223fbe8cfdc21cc85", "best_bid": "0.3", "best_ask": "0.85"}], "timestamp": "1769384169364", "event_type": "price_change"}}
{"_local_timestamp": "2026-01-25T23:36:09.831204+00:00", "data": {"market": "0x0f50bb6c3fba411f4d6c153abed8a750434b8f88f5e7e59a6c2fa7c68965c98d", "price_changes": [{"asset_id": "36680377078077148593910111584810781850541881273788879831231274564384521562016", "price": "0.16", "size": "150", "side": "BUY", "hash": "c568c280f37e160d876321fcf7fb33e901d42a36", "best_bid": "0.16", "best_ask": "0.7"}, {"asset_id": "108640408865912714304980143618024557382069945018865372673974193384587151691217", "price": "0.84", "size": "150", "side": "SELL", "hash": "8de82e45687f658baf0160de560f5c3251d7d450", "best_bid": "0.3", "best_ask": "0.84"}], "timestamp": "1769384169752", "event_type": "price_change"}}
{"_local_timestamp": "2026-01-25T23:36:15.425979+00:00", "data": {"market": "0x0f50bb6c3fba411f4d6c153abed8a750434b8f88f5e7e59a6c2fa7c68965c98d", "price_changes": [{"asset_id": "36680377078077148593910111584810781850541881273788879831231274564384521562016", "price": "0.15", "size": "0", "side": "BUY", "hash": "e5105b7b4c09ce19859b127fc15554c0546d79dd", "best_bid": "0.16", "best_ask": "0.7"}, {"asset_id": "108640408865912714304980143618024557382069945018865372673974193384587151691217", "price": "0.85", "size": "0", "side": "SELL", "hash": "7822c02eca42ed2c21a73a7d1a0d68a016ef3857", "best_bid": "0.3", "best_ask": "0.84"}], "timestamp": "1769384175358", "event_type": "price_change"}}
{"_local_timestamp": "2026-01-25T23:36:15.426595+00:00", "data": {"market": "0x0f50bb6c3fba411f4d6c153abed8a750434b8f88f5e7e59a6c2fa7c68965c98d", "price_changes": [{"asset_id": "108640408865912714304980143618024557382069945018865372673974193384587151691217", "price": "0.15", "size": "5.45", "side": "BUY", "hash": "83b8184a821bc1c36be09183ebe18aee1f80eb86", "best_bid": "0.3", "best_ask": "0.84"}, {"asset_id": "36680377078077148593910111584810781850541881273788879831231274564384521562016", "price": "0.85", "size": "5.45", "side": "SELL", "hash": "8d79f33ae583efef2fd48040060aced3545fa23d", "best_bid": "0.16", "best_ask": "0.7"}], "timestamp": "1769384175359", "event_type": "price_change"}}
{"_local_timestamp": "2026-01-25T23:36:20.319625+00:00", "data": {"market": "0x0f50bb6c3fba411f4d6c153abed8a750434b8f88f5e7e59a6c2fa7c68965c98d", "price_changes": [{"asset_id": "36680377078077148593910111584810781850541881273788879831231274564384521562016", "price": "0.16", "size": "0", "side": "BUY", "hash": "2bfdd53a77c562c53f46e8b18fec9547dee2bc1a", "best_bid": "0.13", "best_ask": "0.7"}, {"asset_id": "108640408865912714304980143618024557382069945018865372673974193384587151691217", "price": "0.84", "size": "0", "side": "SELL", "hash": "9038650ca701672bcd91572f835d172f361d56eb", "best_bid": "0.3", "best_ask": "0.87"}], "timestamp": "1769384180251", "event_type": "price_change"}}
{"_local_timestamp": "2026-01-25T23:36:20.627723+00:00", "data": {"market": "0x0f50bb6c3fba411f4d6c153abed8a750434b8f88f5e7e59a6c2fa7c68965c98d", "price_changes": [{"asset_id": "36680377078077148593910111584810781850541881273788879831231274564384521562016", "price": "0.14", "size": "150", "side": "BUY", "hash": "8e472c6355255475491d21ffcc956b5a19c05a7e", "best_bid": "0.14", "best_ask": "0.7"}, {"asset_id": "108640408865912714304980143618024557382069945018865372673974193384587151691217", "price": "0.86", "size": "150", "side": "SELL", "hash": "f281e365d14c1d88e0b0883be012559d638c62df", "best_bid": "0.3", "best_ask": "0.86"}], "timestamp": "1769384180556", "event_type": "price_change"}}
{"_local_timestamp": "2026-01-25T23:36:25.288790+00:00", "data": {"market": "0x0f50bb6c3fba411f4d6c153abed8a750434b8f88f5e7e59a6c2fa7c68965c98d", "price_changes": [{"asset_id": "36680377078077148593910111584810781850541881273788879831231274564384521562016", "price": "0.15", "size": "8.5", "side": "BUY", "hash": "6911d257398ac44faad3dee9dd6f9298143fc721", "best_bid": "0.15", "best_ask": "0.7"}, {"asset_id": "108640408865912714304980143618024557382069945018865372673974193384587151691217", "price": "0.85", "size": "8.5", "side": "SELL", "hash": "694eb7dc71d3625a9f0249f91bdd8203a240e494", "best_bid": "0.3", "best_ask": "0.85"}], "timestamp": "1769384185214", "event_type": "price_change"}}
{"_local_timestamp": "2026-01-25T23:36:25.289408+00:00", "data": {"market": "0x0f50bb6c3fba411f4d6c153abed8a750434b8f88f5e7e59a6c2fa7c68965c98d", "price_changes": [{"asset_id": "108640408865912714304980143618024557382069945018865372673974193384587151691217", "price": "0.15", "size": "13.95", "side": "BUY", "hash": "50669cae0670beeeb107b6a71673c118df5befb9", "best_bid": "0.3", "best_ask": "0.85"}, {"asset_id": "36680377078077148593910111584810781850541881273788879831231274564384521562016", "price": "0.85", "size": "13.95", "side": "SELL", "hash": "0e1e1bf39f652ee0c353dc0504228be98a403e4d", "best_bid": "0.15", "best_ask": "0.7"}], "timestamp": "1769384185215", "event_type": "price_change"}}
{"_local_timestamp": "2026-01-25T23:36:25.771670+00:00", "data": {"market": "0x0f50bb6c3fba411f4d6c153abed8a750434b8f88f5e7e59a6c2fa7c68965c98d", "price_changes": [{"asset_id": "36680377078077148593910111584810781850541881273788879831231274564384521562016", "price": "0.14", "size": "0", "side": "BUY", "hash": "9bcda170ae7b359a77e958611d0f3424cdc6dd3b", "best_bid": "0.15", "best_ask": "0.7"}, {"asset_id": "108640408865912714304980143618024557382069945018865372673974193384587151691217", "price": "0.86", "size": "0", "side": "SELL", "hash": "f096791f28c55df24be9d72577190f2189bc586e", "best_bid": "0.3", "best_ask": "0.85"}], "timestamp": "1769384185696", "event_type": "price_change"}}
{"_local_timestamp": "2026-01-25T23:36:26.143653+00:00", "data": {"market": "0x0f50bb6c3fba411f4d6c153abed8a750434b8f88f5e7e59a6c2fa7c68965c98d", "price_changes": [{"asset_id": "36680377078077148593910111584810781850541881273788879831231274564384521562016", "price": "0.16", "size": "150", "side": "BUY", "hash": "1377ec6e3c294aa2b645334a384539514f387cb7", "best_bid": "0.16", "best_ask": "0.7"}, {"asset_id": "108640408865912714304980143618024557382069945018865372673974193384587151691217", "price": "0.84", "size": "150", "side": "SELL", "hash": "86daf5233941df69da814faef5f7176d5c823ac3", "best_bid": "0.3", "best_ask": "0.84"}], "timestamp": "1769384186045", "event_type": "price_change"}}
{"_local_timestamp": "2026-01-25T23:36:31.297128+00:00", "data": {"market": "0x0f50bb6c3fba411f4d6c153abed8a750434b8f88f5e7e59a6c2fa7c68965c98d", "price_changes": [{"asset_id": "108640408865912714304980143618024557382069945018865372673974193384587151691217", "price": "0.15", "size": "5.45", "side": "BUY", "hash": "886ce1cb985173fbac5d1d2e85edb4063805e8b8", "best_bid": "0.3", "best_ask": "0.84"}, {"asset_id": "36680377078077148593910111584810781850541881273788879831231274564384521562016", "price": "0.85", "size": "5.45", "side": "SELL", "hash": "8ef3ba00f1351f383851e9b7354c3ba81a565069", "best_bid": "0.16", "best_ask": "0.7"}], "timestamp": "1769384191228", "event_type": "price_change"}}
{"_local_timestamp": "2026-01-25T23:36:31.297763+00:00", "data": {"market": "0x0f50bb6c3fba411f4d6c153abed8a750434b8f88f5e7e59a6c2fa7c68965c98d", "price_changes": [{"asset_id": "36680377078077148593910111584810781850541881273788879831231274564384521562016", "price": "0.15", "size": "0", "side": "BUY", "hash": "d6654ea5625471d658fc93c9517c80f3e931948a", "best_bid": "0.16", "best_ask": "0.7"}, {"asset_id": "108640408865912714304980143618024557382069945018865372673974193384587151691217", "price": "0.85", "size": "0", "side": "SELL", "hash": "48ea2cf7407653fd4cb0238b38ed45aa50a1f628", "best_bid": "0.3", "best_ask": "0.84"}], "timestamp": "1769384191228", "event_type": "price_change"}}
{"_local_timestamp": "2026-01-25T23:36:36.714850+00:00", "data": {"market": "0x0f50bb6c3fba411f4d6c153abed8a750434b8f88f5e7e59a6c2fa7c68965c98d", "price_changes": [{"asset_id": "36680377078077148593910111584810781850541881273788879831231274564384521562016", "price": "0.16", "size": "0", "side": "BUY", "hash": "e39b4d44d83ced823f678ab1d4cced09bb904f52", "best_bid": "0.13", "best_ask": "0.7"}, {"asset_id": "108640408865912714304980143618024557382069945018865372673974193384587151691217", "price": "0.84", "size": "0", "side": "SELL", "hash": "5533b7ef1e65444b198746595cc19668163b8ec5", "best_bid": "0.3", "best_ask": "0.87"}], "timestamp": "1769384196636", "event_type": "price_change"}}
{"_local_timestamp": "2026-01-25T23:36:37.147580+00:00", "data": {"market": "0x0f50bb6c3fba411f4d6c153abed8a750434b8f88f5e7e59a6c2fa7c68965c98d", "price_changes": [{"asset_id": "36680377078077148593910111584810781850541881273788879831231274564384521562016", "price": "0.14", "size": "150", "side": "BUY", "hash": "f5313afa1e8a59b559639277296437b54e0e0896", "best_bid": "0.14", "best_ask": "0.7"}, {"asset_id": "108640408865912714304980143618024557382069945018865372673974193384587151691217", "price": "0.86", "size": "150", "side": "SELL", "hash": "496c01cdfa8768f7e1fdba36fc3c1ddf4c831034", "best_bid": "0.3", "best_ask": "0.86"}], "timestamp": "1769384197027", "event_type": "price_change"}}
{"_local_timestamp": "2026-01-25T23:36:42.618579+00:00", "data": {"market": "0x0f50bb6c3fba411f4d6c153abed8a750434b8f88f5e7e59a6c2fa7c68965c98d", "price_changes": [{"asset_id": "108640408865912714304980143618024557382069945018865372673974193384587151691217", "price": "0.15", "size": "13.95", "side": "BUY", "hash": "67efff71aeb03fe0e111b55e1a1cce4821840ab5", "best_bid": "0.3", "best_ask": "0.86"}, {"asset_id": "36680377078077148593910111584810781850541881273788879831231274564384521562016", "price": "0.85", "size": "13.95", "side": "SELL", "hash": "e338a44d130a5910bf76e6092b06a49c8a674190", "best_bid": "0.14", "best_ask": "0.7"}], "timestamp": "1769384202543", "event_type": "price_change"}}
{"_local_timestamp": "2026-01-25T23:36:42.619256+00:00", "data": {"market": "0x0f50bb6c3fba411f4d6c153abed8a750434b8f88f5e7e59a6c2fa7c68965c98d", "price_changes": [{"asset_id": "36680377078077148593910111584810781850541881273788879831231274564384521562016", "price": "0.15", "size": "8.5", "side": "BUY", "hash": "99c32a6fa820d3a0ba89af054596381e1ba67cd7", "best_bid": "0.15", "best_ask": "0.7"}, {"asset_id": "108640408865912714304980143618024557382069945018865372673974193384587151691217", "price": "0.85", "size": "8.5", "side": "SELL", "hash": "1f94a6fc6f36ef89bf3bb90c8ff5b81a22afd339", "best_bid": "0.3", "best_ask": "0.85"}], "timestamp": "1769384202544", "event_type": "price_change"}}
{"_local_timestamp": "2026-01-25T23:36:47.606990+00:00", "data": {"market": "0x0f50bb6c3fba411f4d6c153abed8a750434b8f88f5e7e59a6c2fa7c68965c98d", "price_changes": [{"asset_id": "36680377078077148593910111584810781850541881273788879831231274564384521562016", "price": "0.14", "size": "0", "side": "BUY", "hash": "6a3e317fa293ab2565b6db9ea029963dc37385e8", "best_bid": "0.15", "best_ask": "0.7"}, {"asset_id": "108640408865912714304980143618024557382069945018865372673974193384587151691217", "price": "0.86", "size": "0", "side": "SELL", "hash": "521f766bc0e67a1da7a9762a76660388d1adc049", "best_bid": "0.3", "best_ask": "0.85"}], "timestamp": "1769384207534", "event_type": "price_change"}}
{"_local_timestamp": "2026-01-25T23:36:47.918694+00:00", "data": {"market": "0x0f50bb6c3fba411f4d6c153abed8a750434b8f88f5e7e59a6c2fa7c68965c98d", "price_changes": [{"asset_id": "36680377078077148593910111584810781850541881273788879831231274564384521562016", "price": "0.16", "size": "150", "side": "BUY", "hash": "2fc96d257a07c4d3ed7c095bf60ea27e7f4c2e16", "best_bid": "0.16", "best_ask": "0.7"}, {"asset_id": "108640408865912714304980143618024557382069945018865372673974193384587151691217", "price": "0.84", "size": "150", "side": "SELL", "hash": "226988cf01633b7667cae9943407c019ee59ac07", "best_bid": "0.3", "best_ask": "0.84"}], "timestamp": "1769384207851", "event_type": "price_change"}}
{"_local_timestamp": "2026-01-25T23:36:52.417525+00:00", "data": {"market": "0x0f50bb6c3fba411f4d6c153abed8a750434b8f88f5e7e59a6c2fa7c68965c98d", "price_changes": [{"asset_id": "36680377078077148593910111584810781850541881273788879831231274564384521562016", "price": "0.15", "size": "0", "side": "BUY", "hash": "a1b32436f7eb4b274d5826f7f1a033559db8af30", "best_bid": "0.16", "best_ask": "0.7"}, {"asset_id": "108640408865912714304980143618024557382069945018865372673974193384587151691217", "price": "0.85", "size": "0", "side": "SELL", "hash": "2a050e8719986c4cb2e8861245b02b6875cdb7ad", "best_bid": "0.3", "best_ask": "0.84"}], "timestamp": "1769384212351", "event_type": "price_change"}}
{"_local_timestamp": "2026-01-25T23:36:52.418184+00:00", "data": {"market": "0x0f50bb6c3fba411f4d6c153abed8a750434b8f88f5e7e59a6c2fa7c68965c98d", "price_changes": [{"asset_id": "108640408865912714304980143618024557382069945018865372673974193384587151691217", "price": "0.15", "size": "5.45", "side": "BUY", "hash": "0a4bc393d4fdaf84b97b86dcb716a5784beefb78", "best_bid": "0.3", "best_ask": "0.84"}, {"asset_id": "36680377078077148593910111584810781850541881273788879831231274564384521562016", "price": "0.85", "size": "5.45", "side": "SELL", "hash": "6fa21aa7b216af584224e653b58674eb076cd7d3", "best_bid": "0.16", "best_ask": "0.7"}], "timestamp": "1769384212351", "event_type": "price_change"}}
{"_local_timestamp": "2026-01-25T23:36:53.102589+00:00", "data": {"market": "0x0f50bb6c3fba411f4d6c153abed8a750434b8f88f5e7e59a6c2fa7c68965c98d", "price_changes": [{"asset_id": "36680377078077148593910111584810781850541881273788879831231274564384521562016", "price": "0.16", "size": "0", "side": "BUY", "hash": "3945ff7ebd0ece206a40376fdc419f6c65490ab2", "best_bid": "0.13", "best_ask": "0.7"}, {"asset_id": "108640408865912714304980143618024557382069945018865372673974193384587151691217", "price": "0.84", "size": "0", "side": "SELL", "hash": "5a6ff4458db26140f60557988386d81180667124", "best_bid": "0.3", "best_ask": "0.87"}], "timestamp": "1769384213005", "event_type": "price_change"}}
{"_local_timestamp": "2026-01-25T23:36:53.338851+00:00", "data": {"market": "0x0f50bb6c3fba411f4d6c153abed8a750434b8f88f5e7e59a6c2fa7c68965c98d", "price_changes": [{"asset_id": "36680377078077148593910111584810781850541881273788879831231274564384521562016", "price": "0.14", "size": "150", "side": "BUY", "hash": "31c99bc40dca3a1212bb2f42dd4204e9f6de36d7", "best_bid": "0.14", "best_ask": "0.7"}, {"asset_id": "108640408865912714304980143618024557382069945018865372673974193384587151691217", "price": "0.86", "size": "150", "side": "SELL", "hash": "b8c7da57e62ae742444e08e722c47ad02d9c7a70", "best_bid": "0.3", "best_ask": "0.86"}], "timestamp": "1769384213267", "event_type": "price_change"}}
{"_local_timestamp": "2026-01-25T23:36:57.706971+00:00", "data": {"market": "0x4b4bc4a3d08f4bfbd039cd51e9e90c5d6d99ff8e8294c9c123cec127d72b45df", "price_changes": [{"asset_id": "78251160312981557515057155871280446885803851470938434971060724245845718670662", "price": "0.18", "size": "75", "side": "BUY", "hash": "0a2f1919e1c7a79ea0936addb53266976ac71a68", "best_bid": "0.39", "best_ask": "0.7"}, {"asset_id": "13014513819564186659036727888915395306970063120569611859316633530800092862906", "price": "0.82", "size": "75", "side": "SELL", "hash": "e829ee909daa5c9aa8a6fab500a8a3081dd9f64b", "best_bid": "0.3", "best_ask": "0.61"}], "timestamp": "1769384217243", "event_type": "price_change"}}
{"_local_timestamp": "2026-01-25T23:36:57.759202+00:00", "data": {"market": "0xc23491e669c53326b7c1e5b89a2f840c7de2a46ed3e82d2800d97302b81538fb", "price_changes": [{"asset_id": "1591623342798714539854529028504405387642085816710949203609034511539452871496", "price": "0.15", "size": "100", "side": "BUY", "hash": "65d2d0385850fe71d6bb4db93eb08ff6b2ce3117", "best_bid": "0.26", "best_ask": "0.81"}, {"asset_id": "112602011424851000103155656947679684438751382645862874734174162906146763262104", "price": "0.85", "size": "100", "side": "SELL", "hash": "27988c183c9dde3f5f336390e738af0d2dd17d4e", "best_bid": "0.19", "best_ask": "0.74"}], "timestamp": "1769384217241", "event_type": "price_change"}}
{"_local_timestamp": "2026-01-25T23:36:58.455930+00:00", "data": {"market": "0x0f50bb6c3fba411f4d6c153abed8a750434b8f88f5e7e59a6c2fa7c68965c98d", "price_changes": [{"asset_id": "36680377078077148593910111584810781850541881273788879831231274564384521562016", "price": "0.15", "size": "8.5", "side": "BUY", "hash": "4e91570bf85f207665b49e6cc0ff2dee9f366162", "best_bid": "0.15", "best_ask": "0.7"}, {"asset_id": "108640408865912714304980143618024557382069945018865372673974193384587151691217", "price": "0.85", "size": "8.5", "side": "SELL", "hash": "6c01513c54b3c3fae22d54fd03c491cfefbfd238", "best_bid": "0.3", "best_ask": "0.85"}], "timestamp": "1769384218354", "event_type": "price_change"}}
{"_local_timestamp": "2026-01-25T23:36:58.456569+00:00", "data": {"market": "0x0f50bb6c3fba411f4d6c153abed8a750434b8f88f5e7e59a6c2fa7c68965c98d", "price_changes": [{"asset_id": "108640408865912714304980143618024557382069945018865372673974193384587151691217", "price": "0.15", "size": "13.95", "side": "BUY", "hash": "d182054beabf7d3df9a33f8740f4d95b4f57c0ce", "best_bid": "0.3", "best_ask": "0.85"}, {"asset_id": "36680377078077148593910111584810781850541881273788879831231274564384521562016", "price": "0.85", "size": "13.95", "side": "SELL", "hash": "fe20f0c32e53711f9db4a931eaed37dfe6191e4a", "best_bid": "0.15", "best_ask": "0.7"}], "timestamp": "1769384218355", "event_type": "price_change"}}
{"_local_timestamp": "2026-01-25T23:37:04.032356+00:00", "data": {"market": "0x0f50bb6c3fba411f4d6c153abed8a750434b8f88f5e7e59a6c2fa7c68965c98d", "price_changes": [{"asset_id": "36680377078077148593910111584810781850541881273788879831231274564384521562016", "price": "0.14", "size": "0", "side": "BUY", "hash": "a6db8a9137bc216955e934a81275abd224b36fab", "best_bid": "0.15", "best_ask": "0.7"}, {"asset_id": "108640408865912714304980143618024557382069945018865372673974193384587151691217", "price": "0.86", "size": "0", "side": "SELL", "hash": "2d36a7ab9441eb7b1b733704774095000f948bf7", "best_bid": "0.3", "best_ask": "0.85"}], "timestamp": "1769384223945", "event_type": "price_change"}}
{"_local_timestamp": "2026-01-25T23:37:04.362039+00:00", "data": {"market": "0x0f50bb6c3fba411f4d6c153abed8a750434b8f88f5e7e59a6c2fa7c68965c98d", "price_changes": [{"asset_id": "36680377078077148593910111584810781850541881273788879831231274564384521562016", "price": "0.16", "size": "150", "side": "BUY", "hash": "da563ac26db6bcb7bbf350b99463c8837beb0dbd", "best_bid": "0.16", "best_ask": "0.7"}, {"asset_id": "108640408865912714304980143618024557382069945018865372673974193384587151691217", "price": "0.84", "size": "150", "side": "SELL", "hash": "c979628cfdb291e5cc6249712731609ed1bffe79", "best_bid": "0.3", "best_ask": "0.84"}], "timestamp": "1769384224291", "event_type": "price_change"}}
{"_local_timestamp": "2026-01-25T23:37:10.383926+00:00", "data": {"market": "0x0f50bb6c3fba411f4d6c153abed8a750434b8f88f5e7e59a6c2fa7c68965c98d", "price_changes": [{"asset_id": "36680377078077148593910111584810781850541881273788879831231274564384521562016", "price": "0.15", "size": "0", "side": "BUY", "hash": "da4617b4ca4c550723367b7bb489b465637bb3b9", "best_bid": "0.16", "best_ask": "0.7"}, {"asset_id": "108640408865912714304980143618024557382069945018865372673974193384587151691217", "price": "0.85", "size": "0", "side": "SELL", "hash": "537a0c750923cbdfdc50f92ec55036430cc65447", "best_bid": "0.3", "best_ask": "0.84"}], "timestamp": "1769384230315", "event_type": "price_change"}}
{"_local_timestamp": "2026-01-25T23:37:10.384610+00:00", "data": {"market": "0x0f50bb6c3fba411f4d6c153abed8a750434b8f88f5e7e59a6c2fa7c68965c98d", "price_changes": [{"asset_id": "108640408865912714304980143618024557382069945018865372673974193384587151691217", "price": "0.15", "size": "5.45", "side": "BUY", "hash": "e1e4b72a7569afdabad78625ef74b648acf3c586", "best_bid": "0.3", "best_ask": "0.84"}, {"asset_id": "36680377078077148593910111584810781850541881273788879831231274564384521562016", "price": "0.85", "size": "5.45", "side": "SELL", "hash": "d36b25070bf6e172947e7d2ffe2df79dbe12f609", "best_bid": "0.16", "best_ask": "0.7"}], "timestamp": "1769384230315", "event_type": "price_change"}}
{"_local_timestamp": "2026-01-25T23:37:15.038927+00:00", "data": {"market": "0x0f50bb6c3fba411f4d6c153abed8a750434b8f88f5e7e59a6c2fa7c68965c98d", "price_changes": [{"asset_id": "36680377078077148593910111584810781850541881273788879831231274564384521562016", "price": "0.16", "size": "0", "side": "BUY", "hash": "61d946e6ed323d4d0ea5c224e92447327399b893", "best_bid": "0.13", "best_ask": "0.7"}, {"asset_id": "108640408865912714304980143618024557382069945018865372673974193384587151691217", "price": "0.84", "size": "0", "side": "SELL", "hash": "c084c9eeb7efb9cae0bc160c0294f7b2d12665e9", "best_bid": "0.3", "best_ask": "0.87"}], "timestamp": "1769384234962", "event_type": "price_change"}}
{"_local_timestamp": "2026-01-25T23:37:15.409088+00:00", "data": {"market": "0x0f50bb6c3fba411f4d6c153abed8a750434b8f88f5e7e59a6c2fa7c68965c98d", "price_changes": [{"asset_id": "36680377078077148593910111584810781850541881273788879831231274564384521562016", "price": "0.14", "size": "150", "side": "BUY", "hash": "a3b4f5327ba099df87f3e2e3beab63c484b9f73b", "best_bid": "0.14", "best_ask": "0.7"}, {"asset_id": "108640408865912714304980143618024557382069945018865372673974193384587151691217", "price": "0.86", "size": "150", "side": "SELL", "hash": "1a36dc283ed0d595e20d13e57e710877828d04ef", "best_bid": "0.3", "best_ask": "0.86"}], "timestamp": "1769384235336", "event_type": "price_change"}}
{"_local_timestamp": "2026-01-25T23:37:22.224707+00:00", "data": {"market": "0x0f50bb6c3fba411f4d6c153abed8a750434b8f88f5e7e59a6c2fa7c68965c98d", "price_changes": [{"asset_id": "36680377078077148593910111584810781850541881273788879831231274564384521562016", "price": "0.15", "size": "8.5", "side": "BUY", "hash": "d0db12eed351cdf2085b04009d6a2c885160b785", "best_bid": "0.15", "best_ask": "0.7"}, {"asset_id": "108640408865912714304980143618024557382069945018865372673974193384587151691217", "price": "0.85", "size": "8.5", "side": "SELL", "hash": "c3cb3ff9a853b3b387d43c7b860dcb0f7c6523cd", "best_bid": "0.3", "best_ask": "0.85"}], "timestamp": "1769384242154", "event_type": "price_change"}}
{"_local_timestamp": "2026-01-25T23:37:22.228441+00:00", "data": {"market": "0x0f50bb6c3fba411f4d6c153abed8a750434b8f88f5e7e59a6c2fa7c68965c98d", "price_changes": [{"asset_id": "108640408865912714304980143618024557382069945018865372673974193384587151691217", "price": "0.15", "size": "13.95", "side": "BUY", "hash": "7cb178f0e7f2fe9a57f9d57fdadb77e2f27f81dc", "best_bid": "0.3", "best_ask": "0.85"}, {"asset_id": "36680377078077148593910111584810781850541881273788879831231274564384521562016", "price": "0.85", "size": "13.95", "side": "SELL", "hash": "bcc4ab6d9e67e999e4a27378483aea0474e91a07", "best_bid": "0.15", "best_ask": "0.7"}], "timestamp": "1769384242155", "event_type": "price_change"}}
{"_local_timestamp": "2026-01-25T23:37:25.995149+00:00", "data": {"market": "0x0f50bb6c3fba411f4d6c153abed8a750434b8f88f5e7e59a6c2fa7c68965c98d", "price_changes": [{"asset_id": "36680377078077148593910111584810781850541881273788879831231274564384521562016", "price": "0.14", "size": "0", "side": "BUY", "hash": "c27d6714fd38f61f2bf5006a0974972d2c1a3a5e", "best_bid": "0.15", "best_ask": "0.7"}, {"asset_id": "108640408865912714304980143618024557382069945018865372673974193384587151691217", "price": "0.86", "size": "0", "side": "SELL", "hash": "c78c4d4b21bafb1979d47da544388cf4cb871748", "best_bid": "0.3", "best_ask": "0.85"}], "timestamp": "1769384245922", "event_type": "price_change"}}
{"_local_timestamp": "2026-01-25T23:37:26.374831+00:00", "data": {"market": "0x0f50bb6c3fba411f4d6c153abed8a750434b8f88f5e7e59a6c2fa7c68965c98d", "price_changes": [{"asset_id": "36680377078077148593910111584810781850541881273788879831231274564384521562016", "price": "0.16", "size": "150", "side": "BUY", "hash": "cf6c9bd8da3ce5a70ac308e11d31c8d0175c7851", "best_bid": "0.16", "best_ask": "0.7"}, {"asset_id": "108640408865912714304980143618024557382069945018865372673974193384587151691217", "price": "0.84", "size": "150", "side": "SELL", "hash": "9c5d603a7bb840f1133209f5eca3cd465f446a44", "best_bid": "0.3", "best_ask": "0.84"}], "timestamp": "1769384246304", "event_type": "price_change"}}
{"_local_timestamp": "2026-01-25T23:37:30.827931+00:00", "data": {"market": "0xc23491e669c53326b7c1e5b89a2f840c7de2a46ed3e82d2800d97302b81538fb", "price_changes": [{"asset_id": "1591623342798714539854529028504405387642085816710949203609034511539452871496", "price": "0.16", "size": "100", "side": "BUY", "hash": "44e89e61514d6c43adda793a15bb2e1f1456c48e", "best_bid": "0.26", "best_ask": "0.81"}, {"asset_id": "112602011424851000103155656947679684438751382645862874734174162906146763262104", "price": "0.84", "size": "100", "side": "SELL", "hash": "d50e1ba72a9ef7e9dfc1631230fb79092f8219d0", "best_bid": "0.19", "best_ask": "0.74"}], "timestamp": "1769384250754", "event_type": "price_change"}}
{"_local_timestamp": "2026-01-25T23:37:30.829843+00:00", "data": {"market": "0x4b4bc4a3d08f4bfbd039cd51e9e90c5d6d99ff8e8294c9c123cec127d72b45df", "price_changes": [{"asset_id": "78251160312981557515057155871280446885803851470938434971060724245845718670662", "price": "0.2", "size": "36.5", "side": "BUY", "hash": "01ca29593e636f9311f640a0d1f60a8360c6ab66", "best_bid": "0.39", "best_ask": "0.7"}, {"asset_id": "13014513819564186659036727888915395306970063120569611859316633530800092862906", "price": "0.8", "size": "36.5", "side": "SELL", "hash": "af322a11b2bae8298b8df8f2897fd8e29f6ebde9", "best_bid": "0.3", "best_ask": "0.61"}], "timestamp": "1769384250755", "event_type": "price_change"}}
{"_local_timestamp": "2026-01-25T23:37:31.873385+00:00", "data": {"market": "0x0f50bb6c3fba411f4d6c153abed8a750434b8f88f5e7e59a6c2fa7c68965c98d", "price_changes": [{"asset_id": "36680377078077148593910111584810781850541881273788879831231274564384521562016", "price": "0.15", "size": "0", "side": "BUY", "hash": "5ae0def9afe4528d3f1bafd6aa133f1d05ef6407", "best_bid": "0.16", "best_ask": "0.7"}, {"asset_id": "108640408865912714304980143618024557382069945018865372673974193384587151691217", "price": "0.85", "size": "0", "side": "SELL", "hash": "408fc5748087e653a2d93f4508150a95ed87154d", "best_bid": "0.3", "best_ask": "0.84"}], "timestamp": "1769384251735", "event_type": "price_change"}}
{"_local_timestamp": "2026-01-25T23:37:31.885622+00:00", "data": {"market": "0x0f50bb6c3fba411f4d6c153abed8a750434b8f88f5e7e59a6c2fa7c68965c98d", "price_changes": [{"asset_id": "108640408865912714304980143618024557382069945018865372673974193384587151691217", "price": "0.15", "size": "5.45", "side": "BUY", "hash": "75c9c7f8628a5f375c625314cad4b8bd64c51718", "best_bid": "0.3", "best_ask": "0.84"}, {"asset_id": "36680377078077148593910111584810781850541881273788879831231274564384521562016", "price": "0.85", "size": "5.45", "side": "SELL", "hash": "6fbfe889fc7adc87aff27cf627ba0f07cf060684", "best_bid": "0.16", "best_ask": "0.7"}], "timestamp": "1769384251736", "event_type": "price_change"}}
