{"_local_timestamp": "2026-01-25T23:33:44.751842+00:00", "data": [{"market": "0x70bb2ab335041982158b5fb7b5c7b7c4521cc4527923aa349700088978a2ec42", "asset_id": "85893221605469543513733568621290952168691819483530503735746037535132134978277", "timestamp": "1769383994333", "hash": "b33a8efeb0e8c9a51931d09b648f3e7ad67d7e12", "bids": [{"price": "0.01", "size": "927.57"}, {"price": "0.02", "size": "700"}, {"price": "0.03", "size": "12.86"}, {"price": "0.05", "size": "530"}, {"price": "0.06", "size": "33"}, {"price": "0.08", "size": "6.06"}, {"price": "0.13", "size": "100"}, {"price": "0.15", "size": "473.33"}, {"price": "0.16", "size": "236"}, {"price": "0.17", "size": "5.61"}, {"price": "0.18", "size": "125"}, {"price": "0.19", "size": "75"}, {"price": "0.41", "size": "10"}, {"price": "0.5", "size": "10"}, {"price": "0.51", "size": "140"}], "asks": [{"price": "0.99", "size": "534.32"}, {"price": "0.98", "size": "25"}, {"price": "0.97", "size": "315.77"}, {"price": "0.96", "size": "400"}, {"price": "0.94", "size": "42.05"}, {"price": "0.93", "size": "38.47"}, {"price": "0.92", "size": "160"}], "event_type": "book", "last_trade_price": "0.420"}, {"market": "0xfb9209dfaa7d37d1467c798b93a71c7f094d0c9483ce891cc8932e9bbafbb8ab", "asset_id": "19386621984632854446011216575580930413447340842901102477660390401472966195758", "timestamp": "1769384021696", "hash": "8ba5e076e24c7efd80e1f2a3c177e3abc77012cb", "bids": [{"price": "0.01", "size": "1029.81"}, {"price": "0.02", "size": "25"}, {"price": "0.03", "size": "5.62"}, {"price": "0.06", "size": "33"}, {"price": "0.07", "size": "11.17"}, {"price": "0.08", "size": "300"}, {"price": "0.09", "size": "200"}, {"price": "0.1", "size": "125"}, {"price": "0.11", "size": "193.18"}, {"price": "0.13", "size": "84.61"}, {"price": "0.14", "size": "42"}, {"price": "0.19", "size": "5"}, {"price": "0.21", "size": "150"}], "asks": [{"price": "0.99", "size": "1030.25"}, {"price": "0.98", "size": "283.2"}, {"price": "0.97", "size": "10.35"}, {"price": "0.95", "size": "37.46"}, {"price": "0.94", "size": "333"}, {"price": "0.93", "size": "385.71"}, {"price": "0.92", "size": "212.49"}, {"price": "0.86", "size": "79"}, {"price": "0.81", "size": "150"}], "event_type": "book", "last_trade_price": ""}, {"market": "0x083965633a28f77bef3fb4841308edf42a3b270f057efce283dfac723ed0220d", "asset_id": "27766534490960516868436656671241680217023787344656933379394778043102476758840", "timestamp": "1769383994334", "hash": "d6656b400c7be93e2290121993f2d8206234d390", "bids": [{"price": "0.01", "size": "921.92"}, {"price": "0.02", "size": "705.75"}, {"price": "0.03", "size": "14.02"}, {"price": "0.05", "size": "30"}, {"price": "0.06", "size": "33"}, {"price": "0.07", "size": "6.64"}, {"price": "0.11", "size": "300"}, {"price": "0.12", "size": "308.33"}, {"price": "0.13", "size": "125"}, {"price": "0.14", "size": "253.57"}, {"price": "0.15", "size": "5.86"}, {"price": "0.17", "size": "79"}, {"price": "0.29", "size": "10"}, {"price": "0.3", "size": "150"}], "asks": [{"price": "0.99", "size": "127.03"}, {"price": "0.98", "size": "25"}, {"price": "0.97", "size": "18.21"}, {"price": "0.94", "size": "342.05"}, {"price": "0.93", "size": "205.47"}, {"price": "0.92", "size": "362.5"}, {"price": "0.91", "size": "61.11"}, {"price": "0.9", "size": "71"}, {"price": "0.84", "size": "10"}, {"price": "0.83", "size": "150"}], "event_type": "book", "last_trade_price": ""}, {"market": "0xfb9209dfaa7d37d1467c798b93a71c7f094d0c9483ce891cc8932e9bbafbb8ab", "asset_id": "52746868720512831930937381090439675672168331234410876842855597733534043852645", "timestamp": "1769384021696", "hash": "073a3e531e1a330e9062bae16f051f628cda6f01", "bids": [{"price": "0.01", "size": "1030.25"}, {"price": "0.02", "size": "283.2"}, {"price": "0.03", "size": "10.35"}, {"price": "0.05", "size": "37.46"}, {"price": "0.06", "size": "333"}, {"price": "0.07", "size": "385.71"}, {"price": "0.08", "size": "212.49"}, {"price": "0.14", "size": "79"}, {"price": "0.19", "size": "150"}], "asks": [{"price": "0.99", "size": "1029.81"}, {"price": "0.98", "size": "25"}, {"price": "0.97", "size": "5.62"}, {"price": "0.94", "size": "33"}, {"price": "0.93", "size": "11.17"}, {"price": "0.92", "size": "300"}, {"price": "0.91", "size": "200"}, {"price": "0.9", "size": "125"}, {"price": "0.89", "size": "193.18"}, {"price": "0.87", "size": "84.61"}, {"price": "0.86", "size": "42"}, {"price": "0.81", "size": "5"}, {"price": "0.79", "size": "150"}], "event_type": "book", "last_trade_price": ""}, {"market": "0x70bb2ab335041982158b5fb7b5c7b7c4521cc4527923aa349700088978a2ec42", "asset_id": "82542585043265272417330223754671585759173160199479826534815480485591482493957", "timestamp": "1769383994333", "hash": "504df667c70c080098f668b33b42f4875a2bf924", "bids": [{"price": "0.01", "size": "534.32"}, {"price": "0.02", "size": "25"}, {"price": "0.03", "size": "315.77"}, {"price": "0.04", "size": "400"}, {"price": "0.06", "size": "42.05"}, {"price": "0.07", "size": "38.47"}, {"price": "0.08", "size": "160"}], "asks": [{"price": "0.99", "size": "927.57"}, {"price": "0.98", "size": "700"}, {"price": "0.97", "size": "12.86"}, {"price": "0.95", "size": "530"}, {"price": "0.94", "size": "33"}, {"price": "0.92", "size": "6.06"}, {"price": "0.87", "size": "100"}, {"price": "0.85", "size": "473.33"}, {"price": "0.84", "size": "236"}, {"price": "0.83", "size": "5.61"}, {"price": "0.82", "size": "125"}, {"price": "0.81", "size": "75"}, {"price": "0.59", "size": "10"}, {"price": "0.5", "size": "10"}, {"price": "0.49", "size": "140"}], "event_type": "book", "last_trade_price": "0.420"}, {"market": "0x083965633a28f77bef3fb4841308edf42a3b270f057efce283dfac723ed0220d", "asset_id": "66648580297644950150479655313684696936000920046753260170476775676476293548269", "timestamp": "1769383994334", "hash": "c5d07cc48f23b35bb8c75eee3f3ef12f25642991", "bids": [{"price": "0.01", "size": "127.03"}, {"price": "0.02", "size": "25"}, {"price": "0.03", "size": "18.21"}, {"price": "0.06", "size": "342.05"}, {"price": "0.07", "size": "205.47"}, {"price": "0.08", "size": "362.5"}, {"price": "0.09", "size": "61.11"}, {"price": "0.1", "size": "71"}, {"price": "0.16", "size": "10"}, {"price": "0.17", "size": "150"}], "asks": [{"price": "0.99", "size": "921.92"}, {"price": "0.98", "size": "705.75"}, {"price": "0.97", "size": "14.02"}, {"price": "0.95", "size": "30"}, {"price": "0.94", "size": "33"}, {"price": "0.93", "size": "6.64"}, {"price": "0.89", "size": "300"}, {"price": "0.88", "size": "308.33"}, {"price": "0.87", "size": "125"}, {"price": "0.86", "size": "253.57"}, {"price": "0.85", "size": "5.86"}, {"price": "0.83", "size": "79"}, {"price": "0.71", "size": "10"}, {"price": "0.7", "size": "150"}], "event_type": "book", "last_trade_price": ""}]}
{"_local_timestamp": "2026-01-25T23:33:45.537767+00:00", "data": {"market": "0xfb9209dfaa7d37d1467c798b93a71c7f094d0c9483ce891cc8932e9bbafbb8ab", "price_changes": [{"asset_id": "19386621984632854446011216575580930413447340842901102477660390401472966195758", "price": "0.21", "size": "0", "side": "BUY", "hash": "c58581802199020554289618b84d0ca71038c917", "best_bid": "0.19", "best_ask": "0.81"}, {"asset_id": "52746868720512831930937381090439675672168331234410876842855597733534043852645", "price": "0.79", "size": "0", "side": "SELL", "hash": "e4719f2af8431153f482e14d496afc8d23d20774", "best_bid": "0.19", "best_ask": "0.81"}], "timestamp": "1769384025474", "event_type": "price_change"}}
{"_local_timestamp": "2026-01-25T23:33:45.544674+00:00", "data": {"market": "0xfb9209dfaa7d37d1467c798b93a71c7f094d0c9483ce891cc8932e9bbafbb8ab", "price_changes": [{"asset_id": "52746868720512831930937381090439675672168331234410876842855597733534043852645", "price": "0.19", "size": "0", "side": "BUY", "hash": "df8e13544c1901cc3b35085fe5c330e19bb966d7", "best_bid": "0.14", "best_ask": "0.81"}, {"asset_id": "19386621984632854446011216575580930413447340842901102477660390401472966195758", "price": "0.81", "size": "0", "side": "SELL", "hash": "60bc826b99f6d39ad7fe4813be00b07cf07442bc", "best_bid": "0.19", "best_ask": "0.86"}], "timestamp": "1769384025475", "event_type": "price_change"}}
{"_local_timestamp": "2026-01-25T23:33:45.926211+00:00", "data": {"market": "0xfb9209dfaa7d37d1467c798b93a71c7f094d0c9483ce891cc8932e9bbafbb8ab", "price_changes": [{"asset_id": "19386621984632854446011216575580930413447340842901102477660390401472966195758", "price": "0.2", "size": "150", "side": "BUY", "hash": "fdab10411d3bd396713d2c1706942f134eee2e64", "best_bid": "0.2", "best_ask": "0.86"}, {"asset_id": "52746868720512831930937381090439675672168331234410876842855597733534043852645", "price": "0.8", "size": "150", "side": "SELL", "hash": "824cc239e5e1bba5677b3bb370f789226ecaa337", "best_bid": "0.14", "best_ask": "0.8"}], "timestamp": "1769384025832", "event_type": "price_change"}}
{"_local_timestamp": "2026-01-25T23:33:45.930159+00:00", "data": {"market": "0xfb9209dfaa7d37d1467c798b93a71c7f094d0c9483ce891cc8932e9bbafbb8ab", "price_changes": [{"asset_id": "52746868720512831930937381090439675672168331234410876842855597733534043852645", "price": "0.15", "size": "150", "side": "BUY", "hash": "bfacfbb0a3ad64326d7e6ba73fcf2d2d13f5bfba", "best_bid": "0.15", "best_ask": "0.8"}, {"asset_id": "19386621984632854446011216575580930413447340842901102477660390401472966195758", "price": "0.85", "size": "150", "side": "SELL", "hash": "a71ab454fc8bc6711eed8ce46500efa1f9f29d7f", "best_bid": "0.2", "best_ask": "0.85"}], "timestamp": "1769384025834", "event_type": "price_change"}}
{"_local_timestamp": "2026-01-25T23:33:45.939768+00:00", "data": {"market": "0xfb9209dfaa7d37d1467c798b93a71c7f094d0c9483ce891cc8932e9bbafbb8ab", "price_changes": [{"asset_id": "52746868720512831930937381090439675672168331234410876842855597733534043852645", "price": "0.14", "size": "84", "side": "BUY", "hash": "e3c04cc273b15641770ad6973c34b4b51373bb32", "best_bid": "0.15", "best_ask": "0.8"}, {"asset_id": "19386621984632854446011216575580930413447340842901102477660390401472966195758", "price": "0.86", "size": "84", "side": "SELL", "hash": "f744c8c4a3c7be8eeb6cbb428c65a8b3f0ed3b01", "best_bid": "0.2", "best_ask": "0.85"}], "timestamp": "1769384025847", "event_type": "price_change"}}
{"_local_timestamp": "2026-01-25T23:33:45.947157+00:00", "data": {"market": "0xfb9209dfaa7d37d1467c798b93a71c7f094d0c9483ce891cc8932e9bbafbb8ab", "price_changes": [{"asset_id": "19386621984632854446011216575580930413447340842901102477660390401472966195758", "price": "0.19", "size": "10", "side": "BUY", "hash": "97ae96db2befe9c1969b710a48c4357bc756f37c", "best_bid": "0.2", "best_ask": "0.85"}, {"asset_id": "52746868720512831930937381090439675672168331234410876842855597733534043852645", "price": "0.81", "size": "10", "side": "SELL", "hash": "1151c8cdbe5106b2b45f1a4e7d412bb54b917c80", "best_bid": "0.15", "best_ask": "0.8"}], "timestamp": "1769384025851", "event_type": "price_change"}}
{"_local_timestamp": "2026-01-25T23:33:46.034747+00:00", "data": {"market": "0xfb9209dfaa7d37d1467c798b93a71c7f094d0c9483ce891cc8932e9bbafbb8ab", "price_changes": [{"asset_id": "19386621984632854446011216575580930413447340842901102477660390401472966195758", "price": "0.19", "size": "15", "side": "BUY", "hash": "70a8a843217af44f3fff3d7dc50305d45be93ab2", "best_bid": "0.2", "best_ask": "0.85"}, {"asset_id": "52746868720512831930937381090439675672168331234410876842855597733534043852645", "price": "0.81", "size": "15", "side": "SELL", "hash": "23cc90b2e8efc4711fb041151bbd73ab3b592ddd", "best_bid": "0.15", "best_ask": "0.8"}], "timestamp": "1769384025971", "event_type": "price_change"}}
{"_local_timestamp": "2026-01-25T23:33:46.103515+00:00", "data": {"market": "0xfb9209dfaa7d37d1467c798b93a71c7f094d0c9483ce891cc8932e9bbafbb8ab", "price_changes": [{"asset_id": "52746868720512831930937381090439675672168331234410876842855597733534043852645", "price": "0.14", "size": "89", "side": "BUY", "hash": "f2fdaca1a129c1eb00555183d7da0dd1ae3bf2ed", "best_bid": "0.15", "best_ask": "0.8"}, {"asset_id": "19386621984632854446011216575580930413447340842901102477660390401472966195758", "price": "0.86", "size": "89", "side": "SELL", "hash": "e6b363e7d26c3068761d6aacb407af4935f37ea1", "best_bid": "0.2", "best_ask": "0.85"}], "timestamp": "1769384026007", "event_type": "price_change"}}
{"_local_timestamp": "2026-01-25T23:33:48.845503+00:00", "data": {"market": "0xfb9209dfaa7d37d1467c798b93a71c7f094d0c9483ce891cc8932e9bbafbb8ab", "price_changes": [{"asset_id": "52746868720512831930937381090439675672168331234410876842855597733534043852645", "price": "0.14", "size": "84", "side": "BUY", "hash": "2feac32bb13f67313fa590145dff255e09c546ac", "best_bid": "0.15", "best_ask": "0.8"}, {"asset_id": "19386621984632854446011216575580930413447340842901102477660390401472966195758", "price": "0.86", "size": "84", "side": "SELL", "hash": "586abc607646b36ce8c621352971389c800fa85a", "best_bid": "0.2", "best_ask": "0.85"}], "timestamp": "1769384028776", "event_type": "price_change"}}
{"_local_timestamp": "2026-01-25T23:33:48.845990+00:00", "data": {"market": "0xfb9209dfaa7d37d1467c798b93a71c7f094d0c9483ce891cc8932e9bbafbb8ab", "price_changes": [{"asset_id": "19386621984632854446011216575580930413447340842901102477660390401472966195758", "price": "0.19", "size": "10", "side": "BUY", "hash": "bb7b65d46ba062054c4cc55065d9b8d4ca24a3af", "best_bid": "0.2", "best_ask": "0.85"}, {"asset_id": "52746868720512831930937381090439675672168331234410876842855597733534043852645", "price": "0.81", "size": "10", "side": "SELL", "hash": "95644fc38d6c7d11d64e4d282cb68a81582960f9", "best_bid": "0.15", "best_ask": "0.8"}], "timestamp": "1769384028776", "event_type": "price_change"}}
{"_local_timestamp": "2026-01-25T23:33:48.954942+00:00", "data": {"market": "0xfb9209dfaa7d37d1467c798b93a71c7f094d0c9483ce891cc8932e9bbafbb8ab", "price_changes": [{"asset_id": "52746868720512831930937381090439675672168331234410876842855597733534043852645", "price": "0.14", "size": "79", "side": "BUY", "hash": "a5857b6573fc26e167e44c937df42c4761da4e95", "best_bid": "0.15", "best_ask": "0.8"}, {"asset_id": "19386621984632854446011216575580930413447340842901102477660390401472966195758", "price": "0.86", "size": "79", "side": "SELL", "hash": "8a8e0ba932b7ed923cb7d360c2c7f3df5a9a1277", "best_bid": "0.2", "best_ask": "0.85"}], "timestamp": "1769384028889", "event_type": "price_change"}}
{"_local_timestamp": "2026-01-25T23:33:48.955402+00:00", "data": {"market": "0xfb9209dfaa7d37d1467c798b93a71c7f094d0c9483ce891cc8932e9bbafbb8ab", "price_changes": [{"asset_id": "19386621984632854446011216575580930413447340842901102477660390401472966195758", "price": "0.19", "size": "5", "side": "BUY", "hash": "938baced2487f76121abeb24014721b883a39920", "best_bid": "0.2", "best_ask": "0.85"}, {"asset_id": "52746868720512831930937381090439675672168331234410876842855597733534043852645", "price": "0.81", "size": "5", "side": "SELL", "hash": "7a223c9fa0d613a39cd049e921ef0eb9900ced4f", "best_bid": "0.15", "best_ask": "0.8"}], "timestamp": "1769384028891", "event_type": "price_change"}}
{"_local_timestamp": "2026-01-25T23:33:51.525168+00:00", "data": {"market": "0xfb9209dfaa7d37d1467c798b93a71c7f094d0c9483ce891cc8932e9bbafbb8ab", "price_changes": [{"asset_id": "52746868720512831930937381090439675672168331234410876842855597733534043852645", "price": "0.15", "size": "155", "side": "BUY", "hash": "d6fe8b61e73c4b021b7209eb286592d3f5080bca", "best_bid": "0.15", "best_ask": "0.8"}, {"asset_id": "19386621984632854446011216575580930413447340842901102477660390401472966195758", "price": "0.85", "size": "155", "side": "SELL", "hash": "38936e6c320620acbdc1feb83594bbcd6f73f1e5", "best_bid": "0.2", "best_ask": "0.85"}], "timestamp": "1769384031456", "event_type": "price_change"}}
{"_local_timestamp": "2026-01-25T23:33:51.533539+00:00", "data": {"market": "0xfb9209dfaa7d37d1467c798b93a71c7f094d0c9483ce891cc8932e9bbafbb8ab", "price_changes": [{"asset_id": "19386621984632854446011216575580930413447340842901102477660390401472966195758", "price": "0.2", "size": "155", "side": "BUY", "hash": "acf616068d143e4534f6d77dd54aef8c98acc593", "best_bid": "0.2", "best_ask": "0.85"}, {"asset_id": "52746868720512831930937381090439675672168331234410876842855597733534043852645", "price": "0.8", "size": "155", "side": "SELL", "hash": "c6f031bfb72b05555de0fe85b8414354530144de", "best_bid": "0.15", "best_ask": "0.8"}], "timestamp": "1769384031468", "event_type": "price_change"}}
{"_local_timestamp": "2026-01-25T23:33:51.821687+00:00", "data": {"market": "0xfb9209dfaa7d37d1467c798b93a71c7f094d0c9483ce891cc8932e9bbafbb8ab", "price_changes": [{"asset_id": "19386621984632854446011216575580930413447340842901102477660390401472966195758", "price": "0.2", "size": "160", "side": "BUY", "hash": "7cc051e5145d1a8126e5e6ae18a7d6d4d1b06627", "best_bid": "0.2", "best_ask": "0.85"}, {"asset_id": "52746868720512831930937381090439675672168331234410876842855597733534043852645", "price": "0.8", "size": "160", "side": "SELL", "hash": "97e4b1adfa339fe0dc39aa76e3d511473a0967be", "best_bid": "0.15", "best_ask": "0.8"}], "timestamp": "1769384031757", "event_type": "price_change"}}
{"_local_timestamp": "2026-01-25T23:33:51.859869+00:00", "data": {"market": "0xfb9209dfaa7d37d1467c798b93a71c7f094d0c9483ce891cc8932e9bbafbb8ab", "price_changes": [{"asset_id": "52746868720512831930937381090439675672168331234410876842855597733534043852645", "price": "0.15", "size": "160", "side": "BUY", "hash": "1189adda0e218ca07aa6f878ff68afa94d5313c4", "best_bid": "0.15", "best_ask": "0.8"}, {"asset_id": "19386621984632854446011216575580930413447340842901102477660390401472966195758", "price": "0.85", "size": "160", "side": "SELL", "hash": "0a9cd838c28b05e427444639a4fce4701dcb573d", "best_bid": "0.2", "best_ask": "0.85"}], "timestamp": "1769384031788", "event_type": "price_change"}}
{"_local_timestamp": "2026-01-25T23:33:52.532251+00:00", "data": {"market": "0xfb9209dfaa7d37d1467c798b93a71c7f094d0c9483ce891cc8932e9bbafbb8ab", "price_changes": [{"asset_id": "19386621984632854446011216575580930413447340842901102477660390401472966195758", "price": "0.15", "size": "8.5", "side": "BUY", "hash": "67df1668e316b982daebf95d9acfbf8f0f8a0571", "best_bid": "0.2", "best_ask": "0.85"}, {"asset_id": "52746868720512831930937381090439675672168331234410876842855597733534043852645", "price": "0.85", "size": "8.5", "side": "SELL", "hash": "e58db516d32a91a6706750d73b64c87cf9a87d7f", "best_bid": "0.15", "best_ask": "0.8"}], "timestamp": "1769384032456", "event_type": "price_change"}}
{"_local_timestamp": "2026-01-25T23:33:52.532737+00:00", "data": {"market": "0xfb9209dfaa7d37d1467c798b93a71c7f094d0c9483ce891cc8932e9bbafbb8ab", "price_changes": [{"asset_id": "52746868720512831930937381090439675672168331234410876842855597733534043852645", "price": "0.16", "size": "8.5", "side": "BUY", "hash": "0541cbcd14a5f5e0702db6a84bb8b11441b90438", "best_bid": "0.16", "best_ask": "0.8"}, {"asset_id": "19386621984632854446011216575580930413447340842901102477660390401472966195758", "price": "0.84", "size": "8.5", "side": "SELL", "hash": "6710a46ee44f02789ebd0547c1accfdb51599cd3", "best_bid": "0.2", "best_ask": "0.84"}], "timestamp": "1769384032457", "event_type": "price_change"}}
{"_local_timestamp": "2026-01-25T23:33:54.244200+00:00", "data": {"market": "0xfb9209dfaa7d37d1467c798b93a71c7f094d0c9483ce891cc8932e9bbafbb8ab", "price_changes": [{"asset_id": "52746868720512831930937381090439675672168331234410876842855597733534043852645", "price": "0.15", "size": "155", "side": "BUY", "hash": "6a1b003fde615bac5490d38494777ff9bf63e7ee", "best_bid": "0.16", "best_ask": "0.8"}, {"asset_id": "19386621984632854446011216575580930413447340842901102477660390401472966195758", "price": "0.85", "size": "155", "side": "SELL", "hash": "bda0cbb325710c2b866ab323e4798a9b3af0c453", "best_bid": "0.2", "best_ask": "0.84"}], "timestamp": "1769384033942", "event_type": "price_change"}}
{"_local_timestamp": "2026-01-25T23:33:54.545464+00:00", "data": {"market": "0xfb9209dfaa7d37d1467c798b93a71c7f094d0c9483ce891cc8932e9bbafbb8ab", "price_changes": [{"asset_id": "52746868720512831930937381090439675672168331234410876842855597733534043852645", "price": "0.15", "size": "150", "side": "BUY", "hash": "636128252e8538a997e3f25f3423ab0a79987327", "best_bid": "0.16", "best_ask": "0.8"}, {"asset_id": "19386621984632854446011216575580930413447340842901102477660390401472966195758", "price": "0.85", "size": "150", "side": "SELL", "hash": "1c79de195837f0617188c9112afb17a5452b6c64", "best_bid": "0.2", "best_ask": "0.84"}], "timestamp": "1769384034484", "event_type": "price_change"}}
{"_local_timestamp": "2026-01-25T23:33:56.610391+00:00", "data": {"market": "0xfb9209dfaa7d37d1467c798b93a71c7f094d0c9483ce891cc8932e9bbafbb8ab", "price_changes": [{"asset_id": "19386621984632854446011216575580930413447340842901102477660390401472966195758", "price": "0.2", "size": "10", "side": "BUY", "hash": "6bf1eaf0cc339a17cf731d3c39f89c00140af9ea", "best_bid": "0.2", "best_ask": "0.84"}, {"asset_id": "52746868720512831930937381090439675672168331234410876842855597733534043852645", "price": "0.8", "size": "10", "side": "SELL", "hash": "3dd61b9308c35e895b52c66646156eb15a912ded", "best_bid": "0.16", "best_ask": "0.8"}], "timestamp": "1769384036535", "event_type": "price_change"}}
{"_local_timestamp": "2026-01-25T23:33:56.610832+00:00", "data": {"market": "0xfb9209dfaa7d37d1467c798b93a71c7f094d0c9483ce891cc8932e9bbafbb8ab", "price_changes": [{"asset_id": "52746868720512831930937381090439675672168331234410876842855597733534043852645", "price": "0.15", "size": "0", "side": "BUY", "hash": "de8edd62b60776676ed3596ed8c1ac8e429ac945", "best_bid": "0.16", "best_ask": "0.8"}, {"asset_id": "19386621984632854446011216575580930413447340842901102477660390401472966195758", "price": "0.85", "size": "0", "side": "SELL", "hash": "7a4d42a322c3dd094143e36ee99c2cc5507f7b85", "best_bid": "0.2", "best_ask": "0.84"}], "timestamp": "1769384036535", "event_type": "price_change"}}
{"_local_timestamp": "2026-01-25T23:33:56.802272+00:00", "data": {"market": "0xfb9209dfaa7d37d1467c798b93a71c7f094d0c9483ce891cc8932e9bbafbb8ab", "price_changes": [{"asset_id": "52746868720512831930937381090439675672168331234410876842855597733534043852645", "price": "0.16", "size": "13.5", "side": "BUY", "hash": "f88a384b069f3639cec30186ae65ca9d5a8ce888", "best_bid": "0.16", "best_ask": "0.8"}, {"asset_id": "19386621984632854446011216575580930413447340842901102477660390401472966195758", "price": "0.84", "size": "13.5", "side": "SELL", "hash": "ebdefcced267faf8902bb130cc0a69603c1b6b1b", "best_bid": "0.2", "best_ask": "0.84"}], "timestamp": "1769384036737", "event_type": "price_change"}}
{"_local_timestamp": "2026-01-25T23:33:56.869465+00:00", "data": {"market": "0xfb9209dfaa7d37d1467c798b93a71c7f094d0c9483ce891cc8932e9bbafbb8ab", "price_changes": [{"asset_id": "19386621984632854446011216575580930413447340842901102477660390401472966195758", "price": "0.21", "size": "150", "side": "BUY", "hash": "de5bafdc057aec769c67e75834fbc9be7fe149e4", "best_bid": "0.21", "best_ask": "0.84"}, {"asset_id": "52746868720512831930937381090439675672168331234410876842855597733534043852645", "price": "0.79", "size": "150", "side": "SELL", "hash": "dfd7a7366fc454d5d0e1f88ca50e83069c3e6d9c", "best_bid": "0.16", "best_ask": "0.79"}], "timestamp": "1769384036801", "event_type": "price_change"}}
{"_local_timestamp": "2026-01-25T23:33:56.873490+00:00", "data": {"market": "0xfb9209dfaa7d37d1467c798b93a71c7f094d0c9483ce891cc8932e9bbafbb8ab", "price_changes": [{"asset_id": "52746868720512831930937381090439675672168331234410876842855597733534043852645", "price": "0.17", "size": "150", "side": "BUY", "hash": "df48e9cb48b80c19aa0ded4b1fd75b43ef5bd6bc", "best_bid": "0.17", "best_ask": "0.79"}, {"asset_id": "19386621984632854446011216575580930413447340842901102477660390401472966195758", "price": "0.83", "size": "150", "side": "SELL", "hash": "8c53874722f45cf2bed535a2111cc72d466e2faa", "best_bid": "0.21", "best_ask": "0.83"}], "timestamp": "1769384036806", "event_type": "price_change"}}
{"_local_timestamp": "2026-01-25T23:33:57.365640+00:00", "data": {"market": "0xfb9209dfaa7d37d1467c798b93a71c7f094d0c9483ce891cc8932e9bbafbb8ab", "price_changes": [{"asset_id": "19386621984632854446011216575580930413447340842901102477660390401472966195758", "price": "0.2", "size": "5", "side": "BUY", "hash": "b22851b81560e1d50c3b8fe622efb54ad11b141e", "best_bid": "0.21", "best_ask": "0.83"}, {"asset_id": "52746868720512831930937381090439675672168331234410876842855597733534043852645", "price": "0.8", "size": "5", "side": "SELL", "hash": "e21c06ae2c75ad4ec68e0ef2a4fb939206156296", "best_bid": "0.17", "best_ask": "0.79"}], "timestamp": "1769384037296", "event_type": "price_change"}}
{"_local_timestamp": "2026-01-25T23:33:57.385950+00:00", "data": {"market": "0xfb9209dfaa7d37d1467c798b93a71c7f094d0c9483ce891cc8932e9bbafbb8ab", "price_changes": [{"asset_id": "52746868720512831930937381090439675672168331234410876842855597733534043852645", "price": "0.17", "size": "155", "side": "BUY", "hash": "95e5446e9fc03c288c00ecb88400e30c768f1910", "best_bid": "0.17", "best_ask": "0.79"}, {"asset_id": "19386621984632854446011216575580930413447340842901102477660390401472966195758", "price": "0.83", "size": "155", "side": "SELL", "hash": "b0f47ff896a0f79c02fb32eca99824aec4c5fdde", "best_bid": "0.21", "best_ask": "0.83"}], "timestamp": "1769384037320", "event_type": "price_change"}}
{"_local_timestamp": "2026-01-25T23:33:58.145075+00:00", "data": {"market": "0xfb9209dfaa7d37d1467c798b93a71c7f094d0c9483ce891cc8932e9bbafbb8ab", "price_changes": [{"asset_id": "19386621984632854446011216575580930413447340842901102477660390401472966195758", "price": "0.2", "size": "0", "side": "BUY", "hash": "7c939529ff430931be82961173518cdcb39bf87e", "best_bid": "0.21", "best_ask": "0.83"}, {"asset_id": "52746868720512831930937381090439675672168331234410876842855597733534043852645", "price": "0.8", "size": "0", "side": "SELL", "hash": "aae65a86e3f21a399ea7d7313a2ac23859fe318a", "best_bid": "0.17", "best_ask": "0.79"}], "timestamp": "1769384038075", "event_type": "price_change"}}
{"_local_timestamp": "2026-01-25T23:33:59.477682+00:00", "data": {"market": "0xfb9209dfaa7d37d1467c798b93a71c7f094d0c9483ce891cc8932e9bbafbb8ab", "price_changes": [{"asset_id": "52746868720512831930937381090439675672168331234410876842855597733534043852645", "price": "0.16", "size": "8.5", "side": "BUY", "hash": "3d248584a6fd154e516f6ea89531f5fdac769342", "best_bid": "0.17", "best_ask": "0.79"}, {"asset_id": "19386621984632854446011216575580930413447340842901102477660390401472966195758", "price": "0.84", "size": "8.5", "side": "SELL", "hash": "60ee501e47937dfa43db2aad47b409e8320ad7ec", "best_bid": "0.21", "best_ask": "0.83"}], "timestamp": "1769384039412", "event_type": "price_change"}}
{"_local_timestamp": "2026-01-25T23:34:00.858057+00:00", "data": {"market": "0xfb9209dfaa7d37d1467c798b93a71c7f094d0c9483ce891cc8932e9bbafbb8ab", "price_changes": [{"asset_id": "19386621984632854446011216575580930413447340842901102477660390401472966195758", "price": "0.15", "size": "0", "side": "BUY", "hash": "78bf18390a33478ddd96c46f293dfdf19294113a", "best_bid": "0.21", "best_ask": "0.83"}, {"asset_id": "52746868720512831930937381090439675672168331234410876842855597733534043852645", "price": "0.85", "size": "0", "side": "SELL", "hash": "b2dfd46e7254eb4b898b2c50a044102bc79c6890", "best_bid": "0.17", "best_ask": "0.79"}], "timestamp": "1769384040791", "event_type": "price_change"}}
{"_local_timestamp": "2026-01-25T23:34:00.862670+00:00", "data": {"market": "0xfb9209dfaa7d37d1467c798b93a71c7f094d0c9483ce891cc8932e9bbafbb8ab", "price_changes": [{"asset_id": "52746868720512831930937381090439675672168331234410876842855597733534043852645", "price": "0.16", "size": "0", "side": "BUY", "hash": "afa6bbd5f41af664aeba064c5611d60b21255bd1", "best_bid": "0.17", "best_ask": "0.79"}, {"asset_id": "19386621984632854446011216575580930413447340842901102477660390401472966195758", "price": "0.84", "size": "0", "side": "SELL", "hash": "974eb51acfd8efc7a269eaa48ce53eaecc6d6af0", "best_bid": "0.21", "best_ask": "0.83"}], "timestamp": "1769384040792", "event_type": "price_change"}}
{"_local_timestamp": "2026-01-25T23:34:02.041416+00:00", "data": {"market": "0xfb9209dfaa7d37d1467c798b93a71c7f094d0c9483ce891cc8932e9bbafbb8ab", "price_changes": [{"asset_id": "52746868720512831930937381090439675672168331234410876842855597733534043852645", "price": "0.17", "size": "5", "side": "BUY", "hash": "a50c2c643c54f9622d049c97a8c0da4cfcd86d96", "best_bid": "0.17", "best_ask": "0.79"}, {"asset_id": "19386621984632854446011216575580930413447340842901102477660390401472966195758", "price": "0.83", "size": "5", "side": "SELL", "hash": "27012b35e1b840fedb885ea3854b1433901f6a07", "best_bid": "0.21", "best_ask": "0.83"}], "timestamp": "1769384041967", "event_type": "price_change"}}
{"_local_timestamp": "2026-01-25T23:34:02.042613+00:00", "data": {"market": "0xfb9209dfaa7d37d1467c798b93a71c7f094d0c9483ce891cc8932e9bbafbb8ab", "price_changes": [{"asset_id": "19386621984632854446011216575580930413447340842901102477660390401472966195758", "price": "0.21", "size": "0", "side": "BUY", "hash": "1cd8f5a41885f3b1c614a329c212adaff7573bb2", "best_bid": "0.19", "best_ask": "0.83"}, {"asset_id": "52746868720512831930937381090439675672168331234410876842855597733534043852645", "price": "0.79", "size": "0", "side": "SELL", "hash": "5d5cf92ec9a838f495195f2e5b4ca917da32fdc8", "best_bid": "0.17", "best_ask": "0.81"}], "timestamp": "1769384041967", "event_type": "price_change"}}
{"_local_timestamp": "2026-01-25T23:34:02.259822+00:00", "data": {"market": "0xfb9209dfaa7d37d1467c798b93a71c7f094d0c9483ce891cc8932e9bbafbb8ab", "price_changes": [{"asset_id": "19386621984632854446011216575580930413447340842901102477660390401472966195758", "price": "0.19", "size": "10", "side": "BUY", "hash": "1717bea29ad6c874031b748392cd91a65fbd21b6", "best_bid": "0.19", "best_ask": "0.83"}, {"asset_id": "52746868720512831930937381090439675672168331234410876842855597733534043852645", "price": "0.81", "size": "10", "side": "SELL", "hash": "84df19058e4acb2dedf5ee747f2bf8ea23f5b04d", "best_bid": "0.17", "best_ask": "0.81"}], "timestamp": "1769384042184", "event_type": "price_change"}}
{"_local_timestamp": "2026-01-25T23:34:02.271036+00:00", "data": {"market": "0xfb9209dfaa7d37d1467c798b93a71c7f094d0c9483ce891cc8932e9bbafbb8ab", "price_changes": [{"asset_id": "52746868720512831930937381090439675672168331234410876842855597733534043852645", "price": "0.17", "size": "10", "side": "BUY", "hash": "3825c23d90aea66c3686ea35268b931b92c14ba2", "best_bid": "0.17", "best_ask": "0.81"}, {"asset_id": "19386621984632854446011216575580930413447340842901102477660390401472966195758", "price": "0.83", "size": "10", "side": "SELL", "hash": "5600386f1ce0f17c19cfff958379652bd90f4255", "best_bid": "0.19", "best_ask": "0.83"}], "timestamp": "1769384042204", "event_type": "price_change"}}
{"_local_timestamp": "2026-01-25T23:34:02.390263+00:00", "data": {"market": "0xfb9209dfaa7d37d1467c798b93a71c7f094d0c9483ce891cc8932e9bbafbb8ab", "price_changes": [{"asset_id": "19386621984632854446011216575580930413447340842901102477660390401472966195758", "price": "0.2", "size": "150", "side": "BUY", "hash": "a2fc5d2f5d495e9e6aea8a8a946cf36e6196a7fd", "best_bid": "0.2", "best_ask": "0.83"}, {"asset_id": "52746868720512831930937381090439675672168331234410876842855597733534043852645", "price": "0.8", "size": "150", "side": "SELL", "hash": "a133243ca8d13fe328b5a010e4fe5c5ba9ff090c", "best_bid": "0.17", "best_ask": "0.8"}], "timestamp": "1769384042311", "event_type": "price_change"}}
{"_local_timestamp": "2026-01-25T23:34:02.391209+00:00", "data": {"market": "0xfb9209dfaa7d37d1467c798b93a71c7f094d0c9483ce891cc8932e9bbafbb8ab", "price_changes": [{"asset_id": "52746868720512831930937381090439675672168331234410876842855597733534043852645", "price": "0.18", "size": "150", "side": "BUY", "hash": "88f493071f3c46e1162ad7efc9e20d28faf2cc5c", "best_bid": "0.18", "best_ask": "0.8"}, {"asset_id": "19386621984632854446011216575580930413447340842901102477660390401472966195758", "price": "0.82", "size": "150", "side": "SELL", "hash": "1d01dfdace64e86af76127ff0db0802408fa21ad", "best_bid": "0.2", "best_ask": "0.82"}], "timestamp": "1769384042312", "event_type": "price_change"}}
{"_local_timestamp": "2026-01-25T23:34:02.875841+00:00", "data": {"market": "0xfb9209dfaa7d37d1467c798b93a71c7f094d0c9483ce891cc8932e9bbafbb8ab", "price_changes": [{"asset_id": "52746868720512831930937381090439675672168331234410876842855597733534043852645", "price": "0.17", "size": "5", "side": "BUY", "hash": "c57085a0ae858092a313129ce4a104b0bb191f3a", "best_bid": "0.18", "best_ask": "0.8"}, {"asset_id": "19386621984632854446011216575580930413447340842901102477660390401472966195758", "price": "0.83", "size": "5", "side": "SELL", "hash": "df9a35782e756bc386afdfd283eacfd2ac9792ed", "best_bid": "0.2", "best_ask": "0.82"}], "timestamp": "1769384042803", "event_type": "price_change"}}
{"_local_timestamp": "2026-01-25T23:34:02.923132+00:00", "data": {"market": "0xfb9209dfaa7d37d1467c798b93a71c7f094d0c9483ce891cc8932e9bbafbb8ab", "price_changes": [{"asset_id": "19386621984632854446011216575580930413447340842901102477660390401472966195758", "price": "0.2", "size": "155", "side": "BUY", "hash": "84f02430e09a1914460c995a5802d5a63b64c49e", "best_bid": "0.2", "best_ask": "0.82"}, {"asset_id": "52746868720512831930937381090439675672168331234410876842855597733534043852645", "price": "0.8", "size": "155", "side": "SELL", "hash": "529146e275c86a80a7ee68701497eceb3cfbd978", "best_bid": "0.18", "best_ask": "0.8"}], "timestamp": "1769384042858", "event_type": "price_change"}}
{"_local_timestamp": "2026-01-25T23:34:05.391761+00:00", "data": {"market": "0xfb9209dfaa7d37d1467c798b93a71c7f094d0c9483ce891cc8932e9bbafbb8ab", "price_changes": [{"asset_id": "19386621984632854446011216575580930413447340842901102477660390401472966195758", "price": "0.19", "size": "5", "side": "BUY", "hash": "946e3f7cadb5ebeea12eae40a6538c55e9a2ac93", "best_bid": "0.2", "best_ask": "0.82"}, {"asset_id": "52746868720512831930937381090439675672168331234410876842855597733534043852645", "price": "0.81", "size": "5", "side": "SELL", "hash": "3ca5952d46af6b21a1dbcae3fdbf34db22503c69", "best_bid": "0.18", "best_ask": "0.8"}], "timestamp": "1769384045325", "event_type": "price_change"}}
{"_local_timestamp": "2026-01-25T23:34:05.407753+00:00", "data": {"market": "0xfb9209dfaa7d37d1467c798b93a71c7f094d0c9483ce891cc8932e9bbafbb8ab", "price_changes": [{"asset_id": "52746868720512831930937381090439675672168331234410876842855597733534043852645", "price": "0.17", "size": "0", "side": "BUY", "hash": "4d0ea01848f88debdbeb05ddf749437f99421de0", "best_bid": "0.18", "best_ask": "0.8"}, {"asset_id": "19386621984632854446011216575580930413447340842901102477660390401472966195758", "price": "0.83", "size": "0", "side": "SELL", "hash": "b95e3d826886d227864f935890daefbe3d4cabef", "best_bid": "0.2", "best_ask": "0.82"}], "timestamp": "1769384045329", "event_type": "price_change"}}
{"_local_timestamp": "2026-01-25T23:34:05.963776+00:00", "data": {"market": "0xfb9209dfaa7d37d1467c798b93a71c7f094d0c9483ce891cc8932e9bbafbb8ab", "price_changes": [{"asset_id": "52746868720512831930937381090439675672168331234410876842855597733534043852645", "price": "0.18", "size": "155", "side": "BUY", "hash": "fef0e5bbc06413c9908aae63c8d1c8a3e9345348", "best_bid": "0.18", "best_ask": "0.8"}, {"asset_id": "19386621984632854446011216575580930413447340842901102477660390401472966195758", "price": "0.82", "size": "155", "side": "SELL", "hash": "6d289ee41d781bc01a48a39764797b4c094f37b8", "best_bid": "0.2", "best_ask": "0.82"}], "timestamp": "1769384045895", "event_type": "price_change"}}
{"_local_timestamp": "2026-01-25T23:34:07.552116+00:00", "data": {"market": "0xfb9209dfaa7d37d1467c798b93a71c7f094d0c9483ce891cc8932e9bbafbb8ab", "price_changes": [{"asset_id": "52746868720512831930937381090439675672168331234410876842855597733534043852645", "price": "0.18", "size": "5", "side": "BUY", "hash": "cefd30423a8baa2e9f814403a96550a38f7d1503", "best_bid": "0.18", "best_ask": "0.8"}, {"asset_id": "19386621984632854446011216575580930413447340842901102477660390401472966195758", "price": "0.82", "size": "5", "side": "SELL", "hash": "f5d9966d722a41ba2953dc06c792823a402fa4ec", "best_bid": "0.2", "best_ask": "0.82"}], "timestamp": "1769384047468", "event_type": "price_change"}}
{"_local_timestamp": "2026-01-25T23:34:07.559756+00:00", "data": {"market": "0xfb9209dfaa7d37d1467c798b93a71c7f094d0c9483ce891cc8932e9bbafbb8ab", "price_changes": [{"asset_id": "19386621984632854446011216575580930413447340842901102477660390401472966195758", "price": "0.2", "size": "5", "side": "BUY", "hash": "41dce4a11a196e31205188b1e69accc2b4df9dda", "best_bid": "0.2", "best_ask": "0.82"}, {"asset_id": "52746868720512831930937381090439675672168331234410876842855597733534043852645", "price": "0.8", "size": "5", "side": "SELL", "hash": "f4e74fcc1ad6b6460f315427d9678d8340c3d025", "best_bid": "0.18", "best_ask": "0.8"}], "timestamp": "1769384047469", "event_type": "price_change"}}
{"_local_timestamp": "2026-01-25T23:34:08.008335+00:00", "data": {"market": "0xfb9209dfaa7d37d1467c798b93a71c7f094d0c9483ce891cc8932e9bbafbb8ab", "price_changes": [{"asset_id": "19386621984632854446011216575580930413447340842901102477660390401472966195758", "price": "0.21", "size": "150", "side": "BUY", "hash": "42d68b891670b39089109432af31e2761c4d933a", "best_bid": "0.21", "best_ask": "0.82"}, {"asset_id": "52746868720512831930937381090439675672168331234410876842855597733534043852645", "price": "0.79", "size": "150", "side": "SELL", "hash": "1f11559e874a40ee222179ad80d2f7e9bdac1518", "best_bid": "0.18", "best_ask": "0.79"}], "timestamp": "1769384047896", "event_type": "price_change"}}
{"_local_timestamp": "2026-01-25T23:34:08.008903+00:00", "data": {"market": "0xfb9209dfaa7d37d1467c798b93a71c7f094d0c9483ce891cc8932e9bbafbb8ab", "price_changes": [{"asset_id": "52746868720512831930937381090439675672168331234410876842855597733534043852645", "price": "0.19", "size": "150", "side": "BUY", "hash": "1cece3afc288d0489a3bd2ad120ca9f0d66ff516", "best_bid": "0.19", "best_ask": "0.79"}, {"asset_id": "19386621984632854446011216575580930413447340842901102477660390401472966195758", "price": "0.81", "size": "150", "side": "SELL", "hash": "7f2c8f76adc0021581132fc62da9fc3f14b2130b", "best_bid": "0.21", "best_ask": "0.81"}], "timestamp": "1769384047897", "event_type": "price_change"}}
{"_local_timestamp": "2026-01-25T23:34:08.146793+00:00", "data": {"market": "0xfb9209dfaa7d37d1467c798b93a71c7f094d0c9483ce891cc8932e9bbafbb8ab", "price_changes": [{"asset_id": "19386621984632854446011216575580930413447340842901102477660390401472966195758", "price": "0.2", "size": "10", "side": "BUY", "hash": "4c35005e7f23a118370f8b0ef2ea99db5f63fe8a", "best_bid": "0.21", "best_ask": "0.81"}, {"asset_id": "52746868720512831930937381090439675672168331234410876842855597733534043852645", "price": "0.8", "size": "10", "side": "SELL", "hash": "601c622636ae2284487e1cc3e30c8ec75e978a4a", "best_bid": "0.19", "best_ask": "0.79"}], "timestamp": "1769384048076", "event_type": "price_change"}}
{"_local_timestamp": "2026-01-25T23:34:08.173219+00:00", "data": {"market": "0xfb9209dfaa7d37d1467c798b93a71c7f094d0c9483ce891cc8932e9bbafbb8ab", "price_changes": [{"asset_id": "52746868720512831930937381090439675672168331234410876842855597733534043852645", "price": "0.18", "size": "10", "side": "BUY", "hash": "5770e47d785184cb76e75111f09cf1ede9047e49", "best_bid": "0.19", "best_ask": "0.79"}, {"asset_id": "19386621984632854446011216575580930413447340842901102477660390401472966195758", "price": "0.82", "size": "10", "side": "SELL", "hash": "c99b30aa67d52a7e85e92c2b39ba1f097d269da2", "best_bid": "0.21", "best_ask": "0.81"}], "timestamp": "1769384048107", "event_type": "price_change"}}
{"_local_timestamp": "2026-01-25T23:34:08.578988+00:00", "data": {"market": "0xfb9209dfaa7d37d1467c798b93a71c7f094d0c9483ce891cc8932e9bbafbb8ab", "price_changes": [{"asset_id": "52746868720512831930937381090439675672168331234410876842855597733534043852645", "price": "0.18", "size": "5", "side": "BUY", "hash": "19d11052bd8c8a6eb790decdcd0ea2659b3886a1", "best_bid": "0.19", "best_ask": "0.79"}, {"asset_id": "19386621984632854446011216575580930413447340842901102477660390401472966195758", "price": "0.82", "size": "5", "side": "SELL", "hash": "8fc6c35b6ec3bced1cce8fd8fcbf2066231cf9e6", "best_bid": "0.21", "best_ask": "0.81"}], "timestamp": "1769384048513", "event_type": "price_change"}}
{"_local_timestamp": "2026-01-25T23:34:08.580982+00:00", "data": {"market": "0xfb9209dfaa7d37d1467c798b93a71c7f094d0c9483ce891cc8932e9bbafbb8ab", "price_changes": [{"asset_id": "19386621984632854446011216575580930413447340842901102477660390401472966195758", "price": "0.2", "size": "5", "side": "BUY", "hash": "edf7a52808622715e333cdd638083da1bd1f7981", "best_bid": "0.21", "best_ask": "0.81"}, {"asset_id": "52746868720512831930937381090439675672168331234410876842855597733534043852645", "price": "0.8", "size": "5", "side": "SELL", "hash": "e2e31322afa675216eb999e1e653369df58c52b0", "best_bid": "0.19", "best_ask": "0.79"}], "timestamp": "1769384048517", "event_type": "price_change"}}
