{"_local_timestamp": "2026-01-25T23:41:38.456972+00:00", "data": [{"market": "0x3ecb47b0cea36d9cbcd21613405a2715aee8bf6b47deee70e6a9443a75884bda", "asset_id": "44427903100973009256248542386663848509435154312296037314589299687761755577254", "timestamp": "1769383654979", "hash": "f1da4bd99be3814ebde8fee12e91091a19d60177", "bids": [{"price": "0.01", "size": "616.59"}, {"price": "0.02", "size": "86.1"}, {"price": "0.03", "size": "66"}, {"price": "0.04", "size": "135.96"}, {"price": "0.05", "size": "20"}, {"price": "0.06", "size": "38.47"}], "asks": [{"price": "0.99", "size": "3626.45"}, {"price": "0.98", "size": "38.6"}, {"price": "0.97", "size": "16.08"}, {"price": "0.95", "size": "100"}, {"price": "0.94", "size": "147"}, {"price": "0.93", "size": "45.87"}, {"price": "0.92", "size": "79"}], "event_type": "book", "last_trade_price": ""}, {"market": "0xb6ad1114d79bfea9a358b9570c9b1059fc1265d6b891fb4ce0c655b2310a008d", "asset_id": "57798774286188643548974928560647000656308315212202583907208061777578287407426", "timestamp": "1769383654096", "hash": "e2f9911d69ced54c2fa6b2f3c3fad80fb7f90f23", "bids": [{"price": "0.01", "size": "3626.45"}, {"price": "0.02", "size": "62.72"}, {"price": "0.05", "size": "100"}, {"price": "0.06", "size": "147"}, {"price": "0.07", "size": "45.87"}, {"price": "0.08", "size": "79"}], "asks": [{"price": "0.99", "size": "616.59"}, {"price": "0.98", "size": "86.1"}, {"price": "0.97", "size": "66"}, {"price": "0.96", "size": "135.96"}, {"price": "0.95", "size": "20"}, {"price": "0.94", "size": "38.47"}], "event_type": "book", "last_trade_price": ""}, {"market": "0xbfe1dd0b4367f9485d01f4a8e96f960ac8cbb82eac36d4a4acd7a686eb9885cd", "asset_id": "24021840637808569671826365616126486209983939381273898858381391222923405520653", "timestamp": "1769383658787", "hash": "4536b6a76b2c645d885417b51334440638156516", "bids": [{"price": "0.01", "size": "3626.45"}, {"price": "0.02", "size": "62.72"}, {"price": "0.05", "size": "100"}, {"price": "0.06", "size": "147"}, {"price": "0.07", "size": "45.87"}, {"price": "0.08", "size": "79"}], "asks": [{"price": "0.99", "size": "616.59"}, {"price": "0.98", "size": "86.1"}, {"price": "0.97", "size": "66"}, {"price": "0.96", "size": "135.96"}, {"price": "0.95", "size": "20"}, {"price": "0.94", "size": "38.47"}], "event_type": "book", "last_trade_price": ""}, {"market": "0x3ecb47b0cea36d9cbcd21613405a2715aee8bf6b47deee70e6a9443a75884bda", "asset_id": "16375645975364853939509756867299785145213615095326504394304958126638455762176", "timestamp": "1769383654979", "hash": "c11f2bfa75257a808db256eed8e16aab33f1ee63", "bids": [{"price": "0.01", "size": "3626.45"}, {"price": "0.02", "size": "38.6"}, {"price": "0.03", "size": "16.08"}, {"price": "0.05", "size": "100"}, {"price": "0.06", "size": "147"}, {"price": "0.07", "size": "45.87"}, {"price": "0.08", "size": "79"}], "asks": [{"price": "0.99", "size": "616.59"}, {"price": "0.98", "size": "86.1"}, {"price": "0.97", "size": "66"}, {"price": "0.96", "size": "135.96"}, {"price": "0.95", "size": "20"}, {"price": "0.94", "size": "38.47"}], "event_type": "book", "last_trade_price": ""}, {"market": "0xb6ad1114d79bfea9a358b9570c9b1059fc1265d6b891fb4ce0c655b2310a008d", "asset_id": "104440556680444004856524128887456433290666792048990331075638054136701585975777", "timestamp": "1769383654096", "hash": "da1e296d312ad6212b708f48bae574db9b0c0629", "bids": [{"price": "0.01", "size": "616.59"}, {"price": "0.02", "size": "86.1"}, {"price": "0.03", "size": "66"}, {"price": "0.04", "size": "135.96"}, {"price": "0.05", "size": "20"}, {"price": "0.06", "size": "38.47"}], "asks": [{"price": "0.99", "size": "3626.45"}, {"price": "0.98", "size": "62.72"}, {"price": "0.95", "size": "100"}, {"price": "0.94", "size": "147"}, {"price": "0.93", "size": "45.87"}, {"price": "0.92", "size": "79"}], "event_type": "book", "last_trade_price": ""}, {"market": "0xbfe1dd0b4367f9485d01f4a8e96f960ac8cbb82eac36d4a4acd7a686eb9885cd", "asset_id": "103511520868728691427922601976859844615653703457629832314053692377669208815097", "timestamp": "1769383658787", "hash": "36d429e8f7629a643bc6259e589d24519e38a5db", "bids": [{"price": "0.01", "size": "616.59"}, {"price": "0.02", "size": "86.1"}, {"price": "0.03", "size": "66"}, {"price": "0.04", "size": "135.96"}, {"price": "0.05", "size": "20"}, {"price": "0.06", "size": "38.47"}], "asks": [{"price": "0.99", "size": "3626.45"}, {"price": "0.98", "size": "62.72"}, {"price": "0.95", "size": "100"}, {"price": "0.94", "size": "147"}, {"price": "0.93", "size": "45.87"}, {"price": "0.92", "size": "79"}], "event_type": "book", "last_trade_price": ""}]}
{"_local_timestamp": "2026-01-25T23:42:52.437334+00:00", "data": {"market": "0x3ecb47b0cea36d9cbcd21613405a2715aee8bf6b47deee70e6a9443a75884bda", "price_changes": [{"asset_id": "16375645975364853939509756867299785145213615095326504394304958126638455762176", "price": "0.03", "size": "0", "side": "BUY", "hash": "99d9eb1d56e96c5d98bd106f8e35ac21e78695ee", "best_bid": "0.08", "best_ask": "0.94"}, {"asset_id": "44427903100973009256248542386663848509435154312296037314589299687761755577254", "price": "0.97", "size": "0", "side": "SELL", "hash": "8deb963076a11f34171d7926bdf9fcfcb9c5c407", "best_bid": "0.06", "best_ask": "0.92"}], "timestamp": "1769384572251", "event_type": "price_change"}}
{"_local_timestamp": "2026-01-25T23:42:52.438427+00:00", "data": {"market": "0xb6ad1114d79bfea9a358b9570c9b1059fc1265d6b891fb4ce0c655b2310a008d", "price_changes": [{"asset_id": "57798774286188643548974928560647000656308315212202583907208061777578287407426", "price": "0.02", "size": "38.6", "side": "BUY", "hash": "fc10601b85d4f7486a632da9c47fa92228b443ce", "best_bid": "0.08", "best_ask": "0.94"}, {"asset_id": "104440556680444004856524128887456433290666792048990331075638054136701585975777", "price": "0.98", "size": "38.6", "side": "SELL", "hash": "e225adf4be61047a3b7526244ccbc322577ac9d4", "best_bid": "0.06", "best_ask": "0.92"}], "timestamp": "1769384572251", "event_type": "price_change"}}
{"_local_timestamp": "2026-01-25T23:42:52.872398+00:00", "data": {"market": "0xbfe1dd0b4367f9485d01f4a8e96f960ac8cbb82eac36d4a4acd7a686eb9885cd", "price_changes": [{"asset_id": "24021840637808569671826365616126486209983939381273898858381391222923405520653", "price": "0.02", "size": "38.6", "side": "BUY", "hash": "de51284d86eb06aff15f11cb294a73c110b61a7e", "best_bid": "0.08", "best_ask": "0.94"}, {"asset_id": "103511520868728691427922601976859844615653703457629832314053692377669208815097", "price": "0.98", "size": "38.6", "side": "SELL", "hash": "fd43dcf7305b240bbfb7e34581b9859070369597", "best_bid": "0.06", "best_ask": "0.92"}], "timestamp": "1769384572696", "event_type": "price_change"}}
{"_local_timestamp": "2026-01-25T23:42:54.766018+00:00", "data": {"market": "0xbfe1dd0b4367f9485d01f4a8e96f960ac8cbb82eac36d4a4acd7a686eb9885cd", "price_changes": [{"asset_id": "24021840637808569671826365616126486209983939381273898858381391222923405520653", "price": "0.02", "size": "62.72", "side": "BUY", "hash": "b56a955af7409132a4b9f78f3ded78f6b4b3d04b", "best_bid": "0.08", "best_ask": "0.94"}, {"asset_id": "103511520868728691427922601976859844615653703457629832314053692377669208815097", "price": "0.98", "size": "62.72", "side": "SELL", "hash": "5261a0698a9cd280fa0dfb8a95f6ae60e9f26e71", "best_bid": "0.06", "best_ask": "0.92"}], "timestamp": "1769384574579", "event_type": "price_change"}}
{"_local_timestamp": "2026-01-25T23:42:55.041511+00:00", "data": {"market": "0xb6ad1114d79bfea9a358b9570c9b1059fc1265d6b891fb4ce0c655b2310a008d", "price_changes": [{"asset_id": "57798774286188643548974928560647000656308315212202583907208061777578287407426", "price": "0.02", "size": "62.72", "side": "BUY", "hash": "1357d64d7d8d05e784680cfc4c2ee13544be3b0f", "best_bid": "0.08", "best_ask": "0.94"}, {"asset_id": "104440556680444004856524128887456433290666792048990331075638054136701585975777", "price": "0.98", "size": "62.72", "side": "SELL", "hash": "90ffa6a8a8c668f7c9653fea340c03998cdcbbfa", "best_bid": "0.06", "best_ask": "0.92"}], "timestamp": "1769384574855", "event_type": "price_change"}}
{"_local_timestamp": "2026-01-25T23:42:55.042052+00:00", "data": {"market": "0x3ecb47b0cea36d9cbcd21613405a2715aee8bf6b47deee70e6a9443a75884bda", "price_changes": [{"asset_id": "16375645975364853939509756867299785145213615095326504394304958126638455762176", "price": "0.02", "size": "62.72", "side": "BUY", "hash": "a6448f1e465c545ce890b1d74274b41c3dbf52af", "best_bid": "0.08", "best_ask": "0.94"}, {"asset_id": "44427903100973009256248542386663848509435154312296037314589299687761755577254", "price": "0.98", "size": "62.72", "side": "SELL", "hash": "3671a6ef112cad8e835c782372d0f2c8c8ac9471", "best_bid": "0.06", "best_ask": "0.92"}], "timestamp": "1769384574855", "event_type": "price_change"}}
