{"_local_timestamp": "2026-01-25T23:33:44.756401+00:00", "data": [{"market": "0xc23491e669c53326b7c1e5b89a2f840c7de2a46ed3e82d2800d97302b81538fb", "asset_id": "1591623342798714539854529028504405387642085816710949203609034511539452871496", "timestamp": "1769383994326", "hash": "d923b9a982d600613f947dd53251321784ec34c3", "bids": [{"price": "0.01", "size": "123.33"}, {"price": "0.02", "size": "711.6"}, {"price": "0.03", "size": "16"}, {"price": "0.04", "size": "7.79"}, {"price": "0.05", "size": "20"}, {"price": "0.06", "size": "33"}, {"price": "0.07", "size": "7.14"}, {"price": "0.09", "size": "300"}, {"price": "0.1", "size": "330"}, {"price": "0.11", "size": "225"}, {"price": "0.12", "size": "75"}, {"price": "0.13", "size": "6.33"}, {"price": "0.15", "size": "201"}, {"price": "0.25", "size": "10"}, {"price": "0.26", "size": "150"}], "asks": [{"price": "0.99", "size": "125.69"}, {"price": "0.98", "size": "25"}, {"price": "0.97", "size": "6.14"}, {"price": "0.94", "size": "42.05"}, {"price": "0.93", "size": "310.83"}, {"price": "0.92", "size": "487.5"}, {"price": "0.91", "size": "75"}, {"price": "0.9", "size": "110"}, {"price": "0.89", "size": "55"}, {"price": "0.82", "size": "10"}, {"price": "0.81", "size": "150"}], "event_type": "book", "last_trade_price": ""}, {"market": "0xc23491e669c53326b7c1e5b89a2f840c7de2a46ed3e82d2800d97302b81538fb", "asset_id": "112602011424851000103155656947679684438751382645862874734174162906146763262104", "timestamp": "1769383994326", "hash": "ffc6405754a2f56c7e27138df13314543a1a8562", "bids": [{"price": "0.01", "size": "125.69"}, {"price": "0.02", "size": "25"}, {"price": "0.03", "size": "6.14"}, {"price": "0.06", "size": "42.05"}, {"price": "0.07", "size": "310.83"}, {"price": "0.08", "size": "487.5"}, {"price": "0.09", "size": "75"}, {"price": "0.1", "size": "110"}, {"price": "0.11", "size": "55"}, {"price": "0.18", "size": "10"}, {"price": "0.19", "size": "150"}], "asks": [{"price": "0.99", "size": "123.33"}, {"price": "0.98", "size": "711.6"}, {"price": "0.97", "size": "16"}, {"price": "0.96", "size": "7.79"}, {"price": "0.95", "size": "20"}, {"price": "0.94", "size": "33"}, {"price": "0.93", "size": "7.14"}, {"price": "0.91", "size": "300"}, {"price": "0.9", "size": "330"}, {"price": "0.89", "size": "225"}, {"price": "0.88", "size": "75"}, {"price": "0.87", "size": "6.33"}, {"price": "0.85", "size": "201"}, {"price": "0.75", "size": "10"}, {"price": "0.74", "size": "150"}], "event_type": "book", "last_trade_price": ""}, {"market": "0x4b4bc4a3d08f4bfbd039cd51e9e90c5d6d99ff8e8294c9c123cec127d72b45df", "asset_id": "13014513819564186659036727888915395306970063120569611859316633530800092862906", "timestamp": "1769383994357", "hash": "5ed4af6ef2dd94d19e28cd45cc63e0a0fbdf0eeb", "bids": [{"price": "0.01", "size": "1027"}, {"price": "0.02", "size": "710.46"}, {"price": "0.03", "size": "16"}, {"price": "0.04", "size": "8.35"}, {"price": "0.05", "size": "20"}, {"price": "0.06", "size": "33"}, {"price": "0.07", "size": "6.11"}, {"price": "0.1", "size": "300"}, {"price": "0.12", "size": "308.33"}, {"price": "0.13", "size": "125"}, {"price": "0.14", "size": "253.57"}, {"price": "0.15", "size": "49.06"}, {"price": "0.16", "size": "8.5"}, {"price": "0.29", "size": "10"}, {"price": "0.3", "size": "150"}], "asks": [{"price": "0.99", "size": "1820"}, {"price": "0.98", "size": "725"}, {"price": "0.95", "size": "500"}, {"price": "0.94", "size": "44.6"}, {"price": "0.87", "size": "300"}, {"price": "0.85", "size": "200"}, {"price": "0.84", "size": "125"}, {"price": "0.83", "size": "76.47"}, {"price": "0.82", "size": "113"}, {"price": "0.81", "size": "57.89"}, {"price": "0.8", "size": "8.5"}, {"price": "0.62", "size": "10"}, {"price": "0.61", "size": "150"}], "event_type": "book", "last_trade_price": ""}, {"market": "0x4b4bc4a3d08f4bfbd039cd51e9e90c5d6d99ff8e8294c9c123cec127d72b45df", "asset_id": "78251160312981557515057155871280446885803851470938434971060724245845718670662", "timestamp": "1769383994357", "hash": "49393d02cf1bca9c0a05ea6d861bb2df4764a784", "bids": [{"price": "0.01", "size": "1820"}, {"price": "0.02", "size": "725"}, {"price": "0.05", "size": "500"}, {"price": "0.06", "size": "44.6"}, {"price": "0.13", "size": "300"}, {"price": "0.15", "size": "200"}, {"price": "0.16", "size": "125"}, {"price": "0.17", "size": "76.47"}, {"price": "0.18", "size": "113"}, {"price": "0.19", "size": "57.89"}, {"price": "0.2", "size": "8.5"}, {"price": "0.38", "size": "10"}, {"price": "0.39", "size": "150"}], "asks": [{"price": "0.99", "size": "1027"}, {"price": "0.98", "size": "710.46"}, {"price": "0.97", "size": "16"}, {"price": "0.96", "size": "8.35"}, {"price": "0.95", "size": "20"}, {"price": "0.94", "size": "33"}, {"price": "0.93", "size": "6.11"}, {"price": "0.9", "size": "300"}, {"price": "0.88", "size": "308.33"}, {"price": "0.87", "size": "125"}, {"price": "0.86", "size": "253.57"}, {"price": "0.85", "size": "49.06"}, {"price": "0.84", "size": "8.5"}, {"price": "0.71", "size": "10"}, {"price": "0.7", "size": "150"}], "event_type": "book", "last_trade_price": ""}, {"market": "0x0f50bb6c3fba411f4d6c153abed8a750434b8f88f5e7e59a6c2fa7c68965c98d", "asset_id": "108640408865912714304980143618024557382069945018865372673974193384587151691217", "timestamp": "1769384020323", "hash": "a7ebea971088e930d95d3a056c6ad238c96c75ca", "bids": [{"price": "0.01", "size": "1026.94"}, {"price": "0.02", "size": "725.01"}, {"price": "0.05", "size": "30"}, {"price": "0.06", "size": "33"}, {"price": "0.07", "size": "8.02"}, {"price": "0.1", "size": "300"}, {"price": "0.11", "size": "318.18"}, {"price": "0.12", "size": "125"}, {"price": "0.13", "size": "259.61"}, {"price": "0.14", "size": "42"}, {"price": "0.15", "size": "13.95"}, {"price": "0.29", "size": "10"}, {"price": "0.3", "size": "150"}], "asks": [{"price": "0.99", "size": "1032.03"}, {"price": "0.98", "size": "25"}, {"price": "0.97", "size": "318.21"}, {"price": "0.96", "size": "325"}, {"price": "0.95", "size": "75"}, {"price": "0.94", "size": "44.6"}, {"price": "0.93", "size": "269.75"}, {"price": "0.91", "size": "56"}, {"price": "0.87", "size": "10"}, {"price": "0.85", "size": "8.5"}, {"price": "0.84", "size": "150"}], "event_type": "book", "last_trade_price": ""}, {"market": "0x0f50bb6c3fba411f4d6c153abed8a750434b8f88f5e7e59a6c2fa7c68965c98d", "asset_id": "36680377078077148593910111584810781850541881273788879831231274564384521562016", "timestamp": "1769384020323", "hash": "3fe994b9782facc671f10284bf2950af46b8aa7a", "bids": [{"price": "0.01", "size": "1032.03"}, {"price": "0.02", "size": "25"}, {"price": "0.03", "size": "318.21"}, {"price": "0.04", "size": "325"}, {"price": "0.05", "size": "75"}, {"price": "0.06", "size": "44.6"}, {"price": "0.07", "size": "269.75"}, {"price": "0.09", "size": "56"}, {"price": "0.13", "size": "10"}, {"price": "0.15", "size": "8.5"}, {"price": "0.16", "size": "150"}], "asks": [{"price": "0.99", "size": "1026.94"}, {"price": "0.98", "size": "725.01"}, {"price": "0.95", "size": "30"}, {"price": "0.94", "size": "33"}, {"price": "0.93", "size": "8.02"}, {"price": "0.9", "size": "300"}, {"price": "0.89", "size": "318.18"}, {"price": "0.88", "size": "125"}, {"price": "0.87", "size": "259.61"}, {"price": "0.86", "size": "42"}, {"price": "0.85", "size": "13.95"}, {"price": "0.71", "size": "10"}, {"price": "0.7", "size": "150"}], "event_type": "book", "last_trade_price": ""}]}
{"_local_timestamp": "2026-01-25T23:33:46.315562+00:00", "data": {"market": "0x0f50bb6c3fba411f4d6c153abed8a750434b8f88f5e7e59a6c2fa7c68965c98d", "price_changes": [{"asset_id": "36680377078077148593910111584810781850541881273788879831231274564384521562016", "price": "0.15", "size": "0", "side": "BUY", "hash": "1d54b53079baa58c5f1c13b31e9b7bbd41e8d293", "best_bid": "0.16", "best_ask": "0.7"}, {"asset_id": "108640408865912714304980143618024557382069945018865372673974193384587151691217", "price": "0.85", "size": "0", "side": "SELL", "hash": "33374f3ae4bb54a8ff435bfa6ad00bbc4c128562", "best_bid": "0.3", "best_ask": "0.84"}], "timestamp": "1769384026246", "event_type": "price_change"}}
{"_local_timestamp": "2026-01-25T23:33:46.316558+00:00", "data": {"market": "0x0f50bb6c3fba411f4d6c153abed8a750434b8f88f5e7e59a6c2fa7c68965c98d", "price_changes": [{"asset_id": "108640408865912714304980143618024557382069945018865372673974193384587151691217", "price": "0.15", "size": "5.45", "side": "BUY", "hash": "cc09273263601f5266fae9f505a056aabceac230", "best_bid": "0.3", "best_ask": "0.84"}, {"asset_id": "36680377078077148593910111584810781850541881273788879831231274564384521562016", "price": "0.85", "size": "5.45", "side": "SELL", "hash": "bd2513b057a11246b0eb8afc72e103bdd8247c38", "best_bid": "0.16", "best_ask": "0.7"}], "timestamp": "1769384026246", "event_type": "price_change"}}
{"_local_timestamp": "2026-01-25T23:33:51.063721+00:00", "data": {"market": "0x0f50bb6c3fba411f4d6c153abed8a750434b8f88f5e7e59a6c2fa7c68965c98d", "price_changes": [{"asset_id": "36680377078077148593910111584810781850541881273788879831231274564384521562016", "price": "0.16", "size": "0", "side": "BUY", "hash": "06754b98d05e210422f284089ea65876cc601ead", "best_bid": "0.13", "best_ask": "0.7"}, {"asset_id": "108640408865912714304980143618024557382069945018865372673974193384587151691217", "price": "0.84", "size": "0", "side": "SELL", "hash": "ea62b54cb25235f6c436625ad6cc8e7ac804adc1", "best_bid": "0.3", "best_ask": "0.87"}], "timestamp": "1769384030988", "event_type": "price_change"}}
{"_local_timestamp": "2026-01-25T23:33:51.440444+00:00", "data": {"market": "0x0f50bb6c3fba411f4d6c153abed8a750434b8f88f5e7e59a6c2fa7c68965c98d", "price_changes": [{"asset_id": "36680377078077148593910111584810781850541881273788879831231274564384521562016", "price": "0.14", "size": "150", "side": "BUY", "hash": "b91e8bdd57884afdfcde6cc99cf6c8c3f25db3b0", "best_bid": "0.14", "best_ask": "0.7"}, {"asset_id": "108640408865912714304980143618024557382069945018865372673974193384587151691217", "price": "0.86", "size": "150", "side": "SELL", "hash": "c489a89d0153a91bc41f46da047772269d89d529", "best_bid": "0.3", "best_ask": "0.86"}], "timestamp": "1769384031366", "event_type": "price_change"}}
{"_local_timestamp": "2026-01-25T23:33:58.061182+00:00", "data": {"market": "0x0f50bb6c3fba411f4d6c153abed8a750434b8f88f5e7e59a6c2fa7c68965c98d", "price_changes": [{"asset_id": "36680377078077148593910111584810781850541881273788879831231274564384521562016", "price": "0.15", "size": "8.5", "side": "BUY", "hash": "38b984d854d3e7ddb54b92e1abc80799225db626", "best_bid": "0.15", "best_ask": "0.7"}, {"asset_id": "108640408865912714304980143618024557382069945018865372673974193384587151691217", "price": "0.85", "size": "8.5", "side": "SELL", "hash": "ffd7ada0ef1c7bb0fce2ce5ae7af9c36b0af3ef5", "best_bid": "0.3", "best_ask": "0.85"}], "timestamp": "1769384037977", "event_type": "price_change"}}
{"_local_timestamp": "2026-01-25T23:33:58.062604+00:00", "data": {"market": "0x0f50bb6c3fba411f4d6c153abed8a750434b8f88f5e7e59a6c2fa7c68965c98d", "price_changes": [{"asset_id": "108640408865912714304980143618024557382069945018865372673974193384587151691217", "price": "0.15", "size": "13.95", "side": "BUY", "hash": "1febee29e79597931cebd759bdb582285256a81f", "best_bid": "0.3", "best_ask": "0.85"}, {"asset_id": "36680377078077148593910111584810781850541881273788879831231274564384521562016", "price": "0.85", "size": "13.95", "side": "SELL", "hash": "ff53d7c668c2cb8c5371b5682a80c97d201aa4a0", "best_bid": "0.15", "best_ask": "0.7"}], "timestamp": "1769384037978", "event_type": "price_change"}}
