{"_local_timestamp": "2026-01-25T23:34:26.283023+00:00", "data": [{"market": "0x8432f131b2c670558fbcd205a5895521c72fb49642cf1cf387ab3d6840bea377", "asset_id": "115492671747567347249314426685917291085053655459884352487515929990955531267732", "timestamp": "1769382484880", "hash": "1fb67bb8803d7197d28235b00271b4c373c0e20a", "bids": [{"price": "0.01", "size": "285.01"}, {"price": "0.02", "size": "32.49"}], "asks": [{"price": "0.99", "size": "472.04"}, {"price": "0.98", "size": "147.48"}, {"price": "0.97", "size": "19"}, {"price": "0.96", "size": "5.47"}], "event_type": "book", "last_trade_price": ""}, {"market": "0xbd29d06320499f02bfcd6123c689737886d128fb98caba30eb5ab5e42a0e85e9", "asset_id": "57586668210660271803392940820748961583155763039559258303504350513676378250548", "timestamp": "1769382484885", "hash": "5df8530d1d7bab03a861c7f633ae3e166cdf61d6", "bids": [{"price": "0.01", "size": "285.01"}, {"price": "0.02", "size": "32.49"}], "asks": [{"price": "0.99", "size": "472.04"}, {"price": "0.98", "size": "144.48"}, {"price": "0.97", "size": "19"}, {"price": "0.96", "size": "5.47"}], "event_type": "book", "last_trade_price": ""}, {"market": "0x8432f131b2c670558fbcd205a5895521c72fb49642cf1cf387ab3d6840bea377", "asset_id": "90015744460898809223754953735427680367248583941261659118932094294426865967229", "timestamp": "1769382484880", "hash": "cbe386c299ea1ac75aa488b0d8ca19fc03bb8788", "bids": [{"price": "0.01", "size": "472.04"}, {"price": "0.02", "size": "147.48"}, {"price": "0.03", "size": "19"}, {"price": "0.04", "size": "5.47"}], "asks": [{"price": "0.99", "size": "285.01"}, {"price": "0.98", "size": "32.49"}], "event_type": "book", "last_trade_price": ""}, {"market": "0x5e7e26044160b3644d75fae542b8e565af84fd4c9837d2376b6e9d199b4b7b85", "asset_id": "9293923550157701902855780009923278788074873860442396056506356424506917887580", "timestamp": "1769382483707", "hash": "d324f5787ed52f620e0dda154b5e4c1080887304", "bids": [{"price": "0.01", "size": "285.01"}, {"price": "0.02", "size": "32.49"}], "asks": [{"price": "0.99", "size": "473.64"}, {"price": "0.98", "size": "144.03"}, {"price": "0.97", "size": "20.76"}, {"price": "0.96", "size": "5.47"}], "event_type": "book", "last_trade_price": ""}, {"market": "0x22d9f34aa9e22cabb5e577859a52ac4d00ce026954df769d23b81411a206081d", "asset_id": "112344246182117502172331161266373816244250569909852184739417198569258707515827", "timestamp": "1769383921609", "hash": "fe79d59e18657856e92a81abbafc18c87db829cb", "bids": [{"price": "0.01", "size": "285.01"}, {"price": "0.02", "size": "32.49"}], "asks": [{"price": "0.99", "size": "470.74"}, {"price": "0.98", "size": "141.03"}, {"price": "0.97", "size": "21.73"}, {"price": "0.96", "size": "5.47"}], "event_type": "book", "last_trade_price": ""}, {"market": "0x3f57bcd8bbb7a68cfee459bbdbbda1b50f94226c26f78174d7cd36fb45148090", "asset_id": "115149055822773002560490237941779327865129513512555936380665122820482065369300", "timestamp": "1769382483672", "hash": "171c3f02bab83201949baef464b8d9146d89e0e5", "bids": [{"price": "0.01", "size": "618.81"}, {"price": "0.02", "size": "25.56"}, {"price": "0.03", "size": "66"}, {"price": "0.04", "size": "149"}, {"price": "0.05", "size": "46.01"}], "asks": [{"price": "0.99", "size": "614.79"}, {"price": "0.98", "size": "26.16"}, {"price": "0.95", "size": "125"}, {"price": "0.94", "size": "43.95"}], "event_type": "book", "last_trade_price": ""}, {"market": "0xbd29d06320499f02bfcd6123c689737886d128fb98caba30eb5ab5e42a0e85e9", "asset_id": "62856884253806372217269130314833724127576278420905109513231178315014189329793", "timestamp": "1769382484885", "hash": "aca52bd5f5e2840b0186ea501bd759b6b3cb8d39", "bids": [{"price": "0.01", "size": "472.04"}, {"price": "0.02", "size": "144.48"}, {"price": "0.03", "size": "19"}, {"price": "0.04", "size": "5.47"}], "asks": [{"price": "0.99", "size": "285.01"}, {"price": "0.98", "size": "32.49"}], "event_type": "book", "last_trade_price": ""}, {"market": "0x22d9f34aa9e22cabb5e577859a52ac4d00ce026954df769d23b81411a206081d", "asset_id": "80543397410266710438700686971150848993315002146658385781737729487430850449285", "timestamp": "1769383921609", "hash": "aed32895e32b6cf171df192456dbe7d3374baf44", "bids": [{"price": "0.01", "size": "470.74"}, {"price": "0.02", "size": "141.03"}, {"price": "0.03", "size": "21.73"}, {"price": "0.04", "size": "5.47"}], "asks": [{"price": "0.99", "size": "285.01"}, {"price": "0.98", "size": "32.49"}], "event_type": "book", "last_trade_price": ""}, {"market": "0x3f57bcd8bbb7a68cfee459bbdbbda1b50f94226c26f78174d7cd36fb45148090", "asset_id": "108489517317011391567496095912543660998424317545181500509113024337655713156849", "timestamp": "1769382483672", "hash": "ce8754ac554baa0764c13d50c76695418ddd609e", "bids": [{"price": "0.01", "size": "614.79"}, {"price": "0.02", "size": "26.16"}, {"price": "0.05", "size": "125"}, {"price": "0.06", "size": "43.95"}], "asks": [{"price": "0.99", "size": "618.81"}, {"price": "0.98", "size": "25.56"}, {"price": "0.97", "size": "66"}, {"price": "0.96", "size": "149"}, {"price": "0.95", "size": "46.01"}], "event_type": "book", "last_trade_price": ""}, {"market": "0x5e7e26044160b3644d75fae542b8e565af84fd4c9837d2376b6e9d199b4b7b85", "asset_id": "6006263374460449374989110067263235398720820297166270180938346985347341148520", "timestamp": "1769382483707", "hash": "2d967c5ec396b45ff2ca395970182e7a0c6714b7", "bids": [{"price": "0.01", "size": "473.64"}, {"price": "0.02", "size": "144.03"}, {"price": "0.03", "size": "20.76"}, {"price": "0.04", "size": "5.47"}], "asks": [{"price": "0.99", "size": "285.01"}, {"price": "0.98", "size": "32.49"}], "event_type": "book", "last_trade_price": ""}]}
