{"_local_timestamp": "2026-01-25T23:40:53.423753+00:00", "data": [{"market": "0xc23491e669c53326b7c1e5b89a2f840c7de2a46ed3e82d2800d97302b81538fb", "asset_id": "112602011424851000103155656947679684438751382645862874734174162906146763262104", "timestamp": "1769384365357", "hash": "2bea24bbc2990a1bb8e87b55c988835137732961", "bids": [{"price": "0.01", "size": "125.69"}, {"price": "0.02", "size": "25"}, {"price": "0.03", "size": "6.14"}, {"price": "0.06", "size": "42.05"}, {"price": "0.07", "size": "310.83"}, {"price": "0.08", "size": "487.5"}, {"price": "0.09", "size": "75"}, {"price": "0.1", "size": "110"}, {"price": "0.11", "size": "55"}, {"price": "0.18", "size": "10"}, {"price": "0.19", "size": "150"}], "asks": [{"price": "0.99", "size": "123.33"}, {"price": "0.98", "size": "711.6"}, {"price": "0.97", "size": "16"}, {"price": "0.96", "size": "7.79"}, {"price": "0.95", "size": "20"}, {"price": "0.94", "size": "33"}, {"price": "0.93", "size": "7.14"}, {"price": "0.91", "size": "300"}, {"price": "0.9", "size": "330"}, {"price": "0.89", "size": "225"}, {"price": "0.88", "size": "75"}, {"price": "0.87", "size": "6.33"}, {"price": "0.84", "size": "100"}, {"price": "0.75", "size": "10"}, {"price": "0.74", "size": "150"}], "event_type": "book", "last_trade_price": ""}, {"market": "0x4b4bc4a3d08f4bfbd039cd51e9e90c5d6d99ff8e8294c9c123cec127d72b45df", "asset_id": "78251160312981557515057155871280446885803851470938434971060724245845718670662", "timestamp": "1769384365358", "hash": "4bcb0cc3a3649d6c856fb2a39347a2ff9afc7ed2", "bids": [{"price": "0.01", "size": "1820"}, {"price": "0.02", "size": "725"}, {"price": "0.05", "size": "500"}, {"price": "0.06", "size": "44.6"}, {"price": "0.13", "size": "300"}, {"price": "0.15", "size": "200"}, {"price": "0.16", "size": "125"}, {"price": "0.17", "size": "76.47"}, {"price": "0.18", "size": "75"}, {"price": "0.19", "size": "57.89"}, {"price": "0.2", "size": "36.5"}, {"price": "0.38", "size": "10"}, {"price": "0.39", "size": "150"}], "asks": [{"price": "0.99", "size": "1027"}, {"price": "0.98", "size": "710.46"}, {"price": "0.97", "size": "16"}, {"price": "0.96", "size": "8.35"}, {"price": "0.95", "size": "20"}, {"price": "0.94", "size": "33"}, {"price": "0.93", "size": "6.11"}, {"price": "0.9", "size": "300"}, {"price": "0.88", "size": "308.33"}, {"price": "0.87", "size": "125"}, {"price": "0.86", "size": "253.57"}, {"price": "0.85", "size": "49.06"}, {"price": "0.84", "size": "8.5"}, {"price": "0.71", "size": "10"}, {"price": "0.7", "size": "150"}], "event_type": "book", "last_trade_price": ""}, {"market": "0x0f50bb6c3fba411f4d6c153abed8a750434b8f88f5e7e59a6c2fa7c68965c98d", "asset_id": "108640408865912714304980143618024557382069945018865372673974193384587151691217", "timestamp": "1769384449019", "hash": "049edb7990c95f965ae455d61cf9d74d8cc4bfdb", "bids": [{"price": "0.01", "size": "1026.94"}, {"price": "0.02", "size": "705.38"}, {"price": "0.03", "size": "13.13"}, {"price": "0.05", "size": "30"}, {"price": "0.06", "size": "33"}, {"price": "0.07", "size": "8.02"}, {"price": "0.1", "size": "300"}, {"price": "0.11", "size": "318.18"}, {"price": "0.12", "size": "125"}, {"price": "0.13", "size": "259.61"}, {"price": "0.14", "size": "42"}, {"price": "0.15", "size": "5.45"}, {"price": "0.29", "size": "10"}, {"price": "0.3", "size": "150"}], "asks": [{"price": "0.99", "size": "1032.03"}, {"price": "0.98", "size": "25"}, {"price": "0.97", "size": "318.21"}, {"price": "0.96", "size": "325"}, {"price": "0.95", "size": "75"}, {"price": "0.94", "size": "44.6"}, {"price": "0.93", "size": "269.75"}, {"price": "0.91", "size": "56"}, {"price": "0.87", "size": "10"}, {"price": "0.84", "size": "150"}], "event_type": "book", "last_trade_price": ""}, {"market": "0x4b4bc4a3d08f4bfbd039cd51e9e90c5d6d99ff8e8294c9c123cec127d72b45df", "asset_id": "13014513819564186659036727888915395306970063120569611859316633530800092862906", "timestamp": "1769384365358", "hash": "53399a6f7428a8950ef6c68872893e5264921525", "bids": [{"price": "0.01", "size": "1027"}, {"price": "0.02", "size": "710.46"}, {"price": "0.03", "size": "16"}, {"price": "0.04", "size": "8.35"}, {"price": "0.05", "size": "20"}, {"price": "0.06", "size": "33"}, {"price": "0.07", "size": "6.11"}, {"price": "0.1", "size": "300"}, {"price": "0.12", "size": "308.33"}, {"price": "0.13", "size": "125"}, {"price": "0.14", "size": "253.57"}, {"price": "0.15", "size": "49.06"}, {"price": "0.16", "size": "8.5"}, {"price": "0.29", "size": "10"}, {"price": "0.3", "size": "150"}], "asks": [{"price": "0.99", "size": "1820"}, {"price": "0.98", "size": "725"}, {"price": "0.95", "size": "500"}, {"price": "0.94", "size": "44.6"}, {"price": "0.87", "size": "300"}, {"price": "0.85", "size": "200"}, {"price": "0.84", "size": "125"}, {"price": "0.83", "size": "76.47"}, {"price": "0.82", "size": "75"}, {"price": "0.81", "size": "57.89"}, {"price": "0.8", "size": "36.5"}, {"price": "0.62", "size": "10"}, {"price": "0.61", "size": "150"}], "event_type": "book", "last_trade_price": ""}, {"market": "0x0f50bb6c3fba411f4d6c153abed8a750434b8f88f5e7e59a6c2fa7c68965c98d", "asset_id": "36680377078077148593910111584810781850541881273788879831231274564384521562016", "timestamp": "1769384449019", "hash": "e48e4fa028b8baa35497489a2a053ad51c0fcbb0", "bids": [{"price": "0.01", "size": "1032.03"}, {"price": "0.02", "size": "25"}, {"price": "0.03", "size": "318.21"}, {"price": "0.04", "size": "325"}, {"price": "0.05", "size": "75"}, {"price": "0.06", "size": "44.6"}, {"price": "0.07", "size": "269.75"}, {"price": "0.09", "size": "56"}, {"price": "0.13", "size": "10"}, {"price": "0.16", "size": "150"}], "asks": [{"price": "0.99", "size": "1026.94"}, {"price": "0.98", "size": "705.38"}, {"price": "0.97", "size": "13.13"}, {"price": "0.95", "size": "30"}, {"price": "0.94", "size": "33"}, {"price": "0.93", "size": "8.02"}, {"price": "0.9", "size": "300"}, {"price": "0.89", "size": "318.18"}, {"price": "0.88", "size": "125"}, {"price": "0.87", "size": "259.61"}, {"price": "0.86", "size": "42"}, {"price": "0.85", "size": "5.45"}, {"price": "0.71", "size": "10"}, {"price": "0.7", "size": "150"}], "event_type": "book", "last_trade_price": ""}, {"market": "0xc23491e669c53326b7c1e5b89a2f840c7de2a46ed3e82d2800d97302b81538fb", "asset_id": "1591623342798714539854529028504405387642085816710949203609034511539452871496", "timestamp": "1769384365357", "hash": "7f93336a708cb2a979d55efdbb9a380b22fa2b85", "bids": [{"price": "0.01", "size": "123.33"}, {"price": "0.02", "size": "711.6"}, {"price": "0.03", "size": "16"}, {"price": "0.04", "size": "7.79"}, {"price": "0.05", "size": "20"}, {"price": "0.06", "size": "33"}, {"price": "0.07", "size": "7.14"}, {"price": "0.09", "size": "300"}, {"price": "0.1", "size": "330"}, {"price": "0.11", "size": "225"}, {"price": "0.12", "size": "75"}, {"price": "0.13", "size": "6.33"}, {"price": "0.16", "size": "100"}, {"price": "0.25", "size": "10"}, {"price": "0.26", "size": "150"}], "asks": [{"price": "0.99", "size": "125.69"}, {"price": "0.98", "size": "25"}, {"price": "0.97", "size": "6.14"}, {"price": "0.94", "size": "42.05"}, {"price": "0.93", "size": "310.83"}, {"price": "0.92", "size": "487.5"}, {"price": "0.91", "size": "75"}, {"price": "0.9", "size": "110"}, {"price": "0.89", "size": "55"}, {"price": "0.82", "size": "10"}, {"price": "0.81", "size": "150"}], "event_type": "book", "last_trade_price": ""}]}
{"_local_timestamp": "2026-01-25T23:40:53.954384+00:00", "data": {"market": "0x0f50bb6c3fba411f4d6c153abed8a750434b8f88f5e7e59a6c2fa7c68965c98d", "price_changes": [{"asset_id": "36680377078077148593910111584810781850541881273788879831231274564384521562016", "price": "0.16", "size": "0", "side": "BUY", "hash": "cd9386ec44eb78ff983838d1fc856e32b40240c6", "best_bid": "0.13", "best_ask": "0.7"}, {"asset_id": "108640408865912714304980143618024557382069945018865372673974193384587151691217", "price": "0.84", "size": "0", "side": "SELL", "hash": "ab8b5f28211856db6e9ab77991272b0d9051ce9b", "best_bid": "0.3", "best_ask": "0.87"}], "timestamp": "1769384453876", "event_type": "price_change"}}
{"_local_timestamp": "2026-01-25T23:40:54.250401+00:00", "data": {"market": "0x0f50bb6c3fba411f4d6c153abed8a750434b8f88f5e7e59a6c2fa7c68965c98d", "price_changes": [{"asset_id": "36680377078077148593910111584810781850541881273788879831231274564384521562016", "price": "0.14", "size": "150", "side": "BUY", "hash": "d16fe9353accf9b28fa40ec57ccfd919fa98ba26", "best_bid": "0.14", "best_ask": "0.7"}, {"asset_id": "108640408865912714304980143618024557382069945018865372673974193384587151691217", "price": "0.86", "size": "150", "side": "SELL", "hash": "7d5861d202a74207d9f783158ef4ae5ea62a7d31", "best_bid": "0.3", "best_ask": "0.86"}], "timestamp": "1769384454180", "event_type": "price_change"}}
{"_local_timestamp": "2026-01-25T23:40:58.658045+00:00", "data": {"market": "0x0f50bb6c3fba411f4d6c153abed8a750434b8f88f5e7e59a6c2fa7c68965c98d", "price_changes": [{"asset_id": "108640408865912714304980143618024557382069945018865372673974193384587151691217", "price": "0.15", "size": "13.95", "side": "BUY", "hash": "91ca2caf25729c2825ba3f29b46e94eb2a91ffbc", "best_bid": "0.3", "best_ask": "0.86"}, {"asset_id": "36680377078077148593910111584810781850541881273788879831231274564384521562016", "price": "0.85", "size": "13.95", "side": "SELL", "hash": "33d922bbb0eee2af961141193e9beef0a0b5ec92", "best_bid": "0.14", "best_ask": "0.7"}], "timestamp": "1769384458593", "event_type": "price_change"}}
{"_local_timestamp": "2026-01-25T23:40:58.659056+00:00", "data": {"market": "0x0f50bb6c3fba411f4d6c153abed8a750434b8f88f5e7e59a6c2fa7c68965c98d", "price_changes": [{"asset_id": "36680377078077148593910111584810781850541881273788879831231274564384521562016", "price": "0.15", "size": "8.5", "side": "BUY", "hash": "0f66eebe9e66b371d9de3a4573d7b94fad2b4fbc", "best_bid": "0.15", "best_ask": "0.7"}, {"asset_id": "108640408865912714304980143618024557382069945018865372673974193384587151691217", "price": "0.85", "size": "8.5", "side": "SELL", "hash": "d373b08e27e275cb38c34dc07e3c8b555eed987e", "best_bid": "0.3", "best_ask": "0.85"}], "timestamp": "1769384458594", "event_type": "price_change"}}
{"_local_timestamp": "2026-01-25T23:40:59.400222+00:00", "data": {"market": "0x0f50bb6c3fba411f4d6c153abed8a750434b8f88f5e7e59a6c2fa7c68965c98d", "price_changes": [{"asset_id": "36680377078077148593910111584810781850541881273788879831231274564384521562016", "price": "0.14", "size": "0", "side": "BUY", "hash": "158e347a75e22e601ec9e917874c3175a550d406", "best_bid": "0.15", "best_ask": "0.7"}, {"asset_id": "108640408865912714304980143618024557382069945018865372673974193384587151691217", "price": "0.86", "size": "0", "side": "SELL", "hash": "b6ff0b207394891e3903237b0194db9894ba5c7f", "best_bid": "0.3", "best_ask": "0.85"}], "timestamp": "1769384459328", "event_type": "price_change"}}
{"_local_timestamp": "2026-01-25T23:40:59.643827+00:00", "data": {"market": "0x0f50bb6c3fba411f4d6c153abed8a750434b8f88f5e7e59a6c2fa7c68965c98d", "price_changes": [{"asset_id": "36680377078077148593910111584810781850541881273788879831231274564384521562016", "price": "0.16", "size": "150", "side": "BUY", "hash": "e3657430191996544d5fd09fd1db540bd9cacec0", "best_bid": "0.16", "best_ask": "0.7"}, {"asset_id": "108640408865912714304980143618024557382069945018865372673974193384587151691217", "price": "0.84", "size": "150", "side": "SELL", "hash": "437eaafe7b2e1d69367d532441e1a0bbbe6a02e6", "best_bid": "0.3", "best_ask": "0.84"}], "timestamp": "1769384459575", "event_type": "price_change"}}
{"_local_timestamp": "2026-01-25T23:41:01.554514+00:00", "data": {"market": "0x0f50bb6c3fba411f4d6c153abed8a750434b8f88f5e7e59a6c2fa7c68965c98d", "price_changes": [{"asset_id": "36680377078077148593910111584810781850541881273788879831231274564384521562016", "price": "0.15", "size": "0", "side": "BUY", "hash": "d86c72c64ec5cbb7baf6fe83afb65c68a48ee135", "best_bid": "0.16", "best_ask": "0.7"}, {"asset_id": "108640408865912714304980143618024557382069945018865372673974193384587151691217", "price": "0.85", "size": "0", "side": "SELL", "hash": "a927775df64e827f9c674cbd80bc5e4ca7a5b5a1", "best_bid": "0.3", "best_ask": "0.84"}], "timestamp": "1769384461487", "event_type": "price_change"}}
{"_local_timestamp": "2026-01-25T23:41:01.557427+00:00", "data": {"market": "0x0f50bb6c3fba411f4d6c153abed8a750434b8f88f5e7e59a6c2fa7c68965c98d", "price_changes": [{"asset_id": "108640408865912714304980143618024557382069945018865372673974193384587151691217", "price": "0.15", "size": "5.45", "side": "BUY", "hash": "ff99f1a4cc73c2102f2b506748f298cf864ac120", "best_bid": "0.3", "best_ask": "0.84"}, {"asset_id": "36680377078077148593910111584810781850541881273788879831231274564384521562016", "price": "0.85", "size": "5.45", "side": "SELL", "hash": "b629f89f08e7695f1cbe7f705baa3256d831f274", "best_bid": "0.16", "best_ask": "0.7"}], "timestamp": "1769384461487", "event_type": "price_change"}}
{"_local_timestamp": "2026-01-25T23:41:04.817201+00:00", "data": {"market": "0x0f50bb6c3fba411f4d6c153abed8a750434b8f88f5e7e59a6c2fa7c68965c98d", "price_changes": [{"asset_id": "36680377078077148593910111584810781850541881273788879831231274564384521562016", "price": "0.16", "size": "0", "side": "BUY", "hash": "0cf13155194537a597bfbd692a52efe54c9bab55", "best_bid": "0.13", "best_ask": "0.7"}, {"asset_id": "108640408865912714304980143618024557382069945018865372673974193384587151691217", "price": "0.84", "size": "0", "side": "SELL", "hash": "85382ebb9bbbd34deb7fcdd8801f74c9167fa6f0", "best_bid": "0.3", "best_ask": "0.87"}], "timestamp": "1769384464738", "event_type": "price_change"}}
{"_local_timestamp": "2026-01-25T23:41:05.096671+00:00", "data": {"market": "0x0f50bb6c3fba411f4d6c153abed8a750434b8f88f5e7e59a6c2fa7c68965c98d", "price_changes": [{"asset_id": "36680377078077148593910111584810781850541881273788879831231274564384521562016", "price": "0.14", "size": "150", "side": "BUY", "hash": "4d9fa121f088774f0ebae450d0eeb9e4ad784d00", "best_bid": "0.14", "best_ask": "0.7"}, {"asset_id": "108640408865912714304980143618024557382069945018865372673974193384587151691217", "price": "0.86", "size": "150", "side": "SELL", "hash": "abe90a22bbdde282d1fc57e37dcbbae84b289acf", "best_bid": "0.3", "best_ask": "0.86"}], "timestamp": "1769384465015", "event_type": "price_change"}}
{"_local_timestamp": "2026-01-25T23:41:11.475040+00:00", "data": {"market": "0x0f50bb6c3fba411f4d6c153abed8a750434b8f88f5e7e59a6c2fa7c68965c98d", "price_changes": [{"asset_id": "36680377078077148593910111584810781850541881273788879831231274564384521562016", "price": "0.15", "size": "8.5", "side": "BUY", "hash": "71c11cc1bf04b125b8703ebc01404a17c7285826", "best_bid": "0.15", "best_ask": "0.7"}, {"asset_id": "108640408865912714304980143618024557382069945018865372673974193384587151691217", "price": "0.85", "size": "8.5", "side": "SELL", "hash": "291e46b1583e35c841aba6a2272ebc875a22d8d6", "best_bid": "0.3", "best_ask": "0.85"}], "timestamp": "1769384471350", "event_type": "price_change"}}
{"_local_timestamp": "2026-01-25T23:41:11.477016+00:00", "data": {"market": "0x0f50bb6c3fba411f4d6c153abed8a750434b8f88f5e7e59a6c2fa7c68965c98d", "price_changes": [{"asset_id": "108640408865912714304980143618024557382069945018865372673974193384587151691217", "price": "0.15", "size": "13.95", "side": "BUY", "hash": "27855fc51d040047982d5f0c6e952ff7f9812e15", "best_bid": "0.3", "best_ask": "0.85"}, {"asset_id": "36680377078077148593910111584810781850541881273788879831231274564384521562016", "price": "0.85", "size": "13.95", "side": "SELL", "hash": "425f3b7da7c1f117650f4110adfed20030659500", "best_bid": "0.15", "best_ask": "0.7"}], "timestamp": "1769384471381", "event_type": "price_change"}}
{"_local_timestamp": "2026-01-25T23:41:15.554613+00:00", "data": {"market": "0x0f50bb6c3fba411f4d6c153abed8a750434b8f88f5e7e59a6c2fa7c68965c98d", "price_changes": [{"asset_id": "36680377078077148593910111584810781850541881273788879831231274564384521562016", "price": "0.14", "size": "0", "side": "BUY", "hash": "f34513b70d60c78299d832f860a934ef580e9420", "best_bid": "0.15", "best_ask": "0.7"}, {"asset_id": "108640408865912714304980143618024557382069945018865372673974193384587151691217", "price": "0.86", "size": "0", "side": "SELL", "hash": "2294a2bbe19d9d731afbb8c2de3e766f9867d934", "best_bid": "0.3", "best_ask": "0.85"}], "timestamp": "1769384475486", "event_type": "price_change"}}
{"_local_timestamp": "2026-01-25T23:41:15.857473+00:00", "data": {"market": "0x0f50bb6c3fba411f4d6c153abed8a750434b8f88f5e7e59a6c2fa7c68965c98d", "price_changes": [{"asset_id": "36680377078077148593910111584810781850541881273788879831231274564384521562016", "price": "0.16", "size": "150", "side": "BUY", "hash": "75ee3d8cda386121517bd55078a6e50bae7973af", "best_bid": "0.16", "best_ask": "0.7"}, {"asset_id": "108640408865912714304980143618024557382069945018865372673974193384587151691217", "price": "0.84", "size": "150", "side": "SELL", "hash": "f4c5915e2518d44105f1c7eed84a53daa5f2121e", "best_bid": "0.3", "best_ask": "0.84"}], "timestamp": "1769384475782", "event_type": "price_change"}}
{"_local_timestamp": "2026-01-25T23:41:16.077789+00:00", "data": {"market": "0xc23491e669c53326b7c1e5b89a2f840c7de2a46ed3e82d2800d97302b81538fb", "price_changes": [{"asset_id": "112602011424851000103155656947679684438751382645862874734174162906146763262104", "price": "0.19", "size": "0", "side": "BUY", "hash": "a70da0368b7dae928ebad9953127d5ee2b782fea", "best_bid": "0.18", "best_ask": "0.74"}, {"asset_id": "1591623342798714539854529028504405387642085816710949203609034511539452871496", "price": "0.81", "size": "0", "side": "SELL", "hash": "e6787e7b689f3cde1a7f49cc727756834f2dd4bc", "best_bid": "0.26", "best_ask": "0.82"}], "timestamp": "1769384476002", "event_type": "price_change"}}
{"_local_timestamp": "2026-01-25T23:41:21.577942+00:00", "data": {"market": "0x0f50bb6c3fba411f4d6c153abed8a750434b8f88f5e7e59a6c2fa7c68965c98d", "price_changes": [{"asset_id": "36680377078077148593910111584810781850541881273788879831231274564384521562016", "price": "0.15", "size": "0", "side": "BUY", "hash": "21472a42594787f473d9db208cd45f543cebf28f", "best_bid": "0.16", "best_ask": "0.7"}, {"asset_id": "108640408865912714304980143618024557382069945018865372673974193384587151691217", "price": "0.85", "size": "0", "side": "SELL", "hash": "c0ac5eee310f308896d7eeead247ce877864bc95", "best_bid": "0.3", "best_ask": "0.84"}], "timestamp": "1769384481494", "event_type": "price_change"}}
{"_local_timestamp": "2026-01-25T23:41:21.581540+00:00", "data": {"market": "0x0f50bb6c3fba411f4d6c153abed8a750434b8f88f5e7e59a6c2fa7c68965c98d", "price_changes": [{"asset_id": "108640408865912714304980143618024557382069945018865372673974193384587151691217", "price": "0.15", "size": "5.45", "side": "BUY", "hash": "0b9480449c7febf6c846e2940ad72eb6d070c9fb", "best_bid": "0.3", "best_ask": "0.84"}, {"asset_id": "36680377078077148593910111584810781850541881273788879831231274564384521562016", "price": "0.85", "size": "5.45", "side": "SELL", "hash": "accbd152cf2c1f464a9bb584dc8d3b2b33f27679", "best_bid": "0.16", "best_ask": "0.7"}], "timestamp": "1769384481494", "event_type": "price_change"}}
{"_local_timestamp": "2026-01-25T23:41:21.745840+00:00", "data": {"market": "0xc23491e669c53326b7c1e5b89a2f840c7de2a46ed3e82d2800d97302b81538fb", "price_changes": [{"asset_id": "112602011424851000103155656947679684438751382645862874734174162906146763262104", "price": "0.19", "size": "150", "side": "BUY", "hash": "41e9ff992f8b7c202c7a85dd263fff5388193987", "best_bid": "0.19", "best_ask": "0.74"}, {"asset_id": "1591623342798714539854529028504405387642085816710949203609034511539452871496", "price": "0.81", "size": "150", "side": "SELL", "hash": "6e790d8be2f3ec66129f44fde292f8955b1529fc", "best_bid": "0.26", "best_ask": "0.81"}], "timestamp": "1769384481665", "event_type": "price_change"}}
{"_local_timestamp": "2026-01-25T23:41:26.916117+00:00", "data": {"market": "0x0f50bb6c3fba411f4d6c153abed8a750434b8f88f5e7e59a6c2fa7c68965c98d", "price_changes": [{"asset_id": "36680377078077148593910111584810781850541881273788879831231274564384521562016", "price": "0.16", "size": "0", "side": "BUY", "hash": "fb34a8d13c6822c27b21fbb29c435f490896656a", "best_bid": "0.13", "best_ask": "0.7"}, {"asset_id": "108640408865912714304980143618024557382069945018865372673974193384587151691217", "price": "0.84", "size": "0", "side": "SELL", "hash": "6a84f4384a96c93c7228e4eb5d2dddc9741c6d88", "best_bid": "0.3", "best_ask": "0.87"}], "timestamp": "1769384486846", "event_type": "price_change"}}
{"_local_timestamp": "2026-01-25T23:41:27.275874+00:00", "data": {"market": "0x0f50bb6c3fba411f4d6c153abed8a750434b8f88f5e7e59a6c2fa7c68965c98d", "price_changes": [{"asset_id": "36680377078077148593910111584810781850541881273788879831231274564384521562016", "price": "0.14", "size": "150", "side": "BUY", "hash": "f0d81fa2907e9f611d0c9175f34771c9a5da3bbd", "best_bid": "0.14", "best_ask": "0.7"}, {"asset_id": "108640408865912714304980143618024557382069945018865372673974193384587151691217", "price": "0.86", "size": "150", "side": "SELL", "hash": "f742cb41fbba6fb87a7521fe6bcb7bb9f3dec419", "best_bid": "0.3", "best_ask": "0.86"}], "timestamp": "1769384487184", "event_type": "price_change"}}
{"_local_timestamp": "2026-01-25T23:41:34.020980+00:00", "data": {"market": "0x0f50bb6c3fba411f4d6c153abed8a750434b8f88f5e7e59a6c2fa7c68965c98d", "price_changes": [{"asset_id": "36680377078077148593910111584810781850541881273788879831231274564384521562016", "price": "0.15", "size": "8.5", "side": "BUY", "hash": "25509e2261a22ebf45ffe1a50bbf8b12896ed029", "best_bid": "0.15", "best_ask": "0.7"}, {"asset_id": "108640408865912714304980143618024557382069945018865372673974193384587151691217", "price": "0.85", "size": "8.5", "side": "SELL", "hash": "dcf372b092aac548789a26424b122fc59108418d", "best_bid": "0.3", "best_ask": "0.85"}], "timestamp": "1769384493949", "event_type": "price_change"}}
{"_local_timestamp": "2026-01-25T23:41:34.023475+00:00", "data": {"market": "0x0f50bb6c3fba411f4d6c153abed8a750434b8f88f5e7e59a6c2fa7c68965c98d", "price_changes": [{"asset_id": "108640408865912714304980143618024557382069945018865372673974193384587151691217", "price": "0.15", "size": "13.95", "side": "BUY", "hash": "b01393f156249d95f5edc673c7e6a95c24c151bf", "best_bid": "0.3", "best_ask": "0.85"}, {"asset_id": "36680377078077148593910111584810781850541881273788879831231274564384521562016", "price": "0.85", "size": "13.95", "side": "SELL", "hash": "c647697c28f9bd9adb8cab76775636545562b1f7", "best_bid": "0.15", "best_ask": "0.7"}], "timestamp": "1769384493949", "event_type": "price_change"}}
{"_local_timestamp": "2026-01-25T23:41:46.360752+00:00", "data": {"market": "0x0f50bb6c3fba411f4d6c153abed8a750434b8f88f5e7e59a6c2fa7c68965c98d", "price_changes": [{"asset_id": "36680377078077148593910111584810781850541881273788879831231274564384521562016", "price": "0.14", "size": "0", "side": "BUY", "hash": "999b1743cd044ca76e79ac16969a513911ea0b43", "best_bid": "0.15", "best_ask": "0.7"}, {"asset_id": "108640408865912714304980143618024557382069945018865372673974193384587151691217", "price": "0.86", "size": "0", "side": "SELL", "hash": "b597e219755a075057d39339041a02b8664ad219", "best_bid": "0.3", "best_ask": "0.85"}], "timestamp": "1769384506270", "event_type": "price_change"}}
{"_local_timestamp": "2026-01-25T23:41:46.705764+00:00", "data": {"market": "0x0f50bb6c3fba411f4d6c153abed8a750434b8f88f5e7e59a6c2fa7c68965c98d", "price_changes": [{"asset_id": "36680377078077148593910111584810781850541881273788879831231274564384521562016", "price": "0.16", "size": "150", "side": "BUY", "hash": "0ed0eed2072fcb82904ccc190ded6b3f08172c7c", "best_bid": "0.16", "best_ask": "0.7"}, {"asset_id": "108640408865912714304980143618024557382069945018865372673974193384587151691217", "price": "0.84", "size": "150", "side": "SELL", "hash": "a655d6e023828d9650b04891b063bb67f6b6b22b", "best_bid": "0.3", "best_ask": "0.84"}], "timestamp": "1769384506634", "event_type": "price_change"}}
{"_local_timestamp": "2026-01-25T23:41:52.159321+00:00", "data": {"market": "0x0f50bb6c3fba411f4d6c153abed8a750434b8f88f5e7e59a6c2fa7c68965c98d", "price_changes": [{"asset_id": "108640408865912714304980143618024557382069945018865372673974193384587151691217", "price": "0.15", "size": "5.45", "side": "BUY", "hash": "93f839048b0ebdcff791bd5973dcec38211fd7ab", "best_bid": "0.3", "best_ask": "0.84"}, {"asset_id": "36680377078077148593910111584810781850541881273788879831231274564384521562016", "price": "0.85", "size": "5.45", "side": "SELL", "hash": "0af5bfeb8438ec6ab1eed5e044d41eadb4114a80", "best_bid": "0.16", "best_ask": "0.7"}], "timestamp": "1769384512083", "event_type": "price_change"}}
{"_local_timestamp": "2026-01-25T23:41:52.160454+00:00", "data": {"market": "0x0f50bb6c3fba411f4d6c153abed8a750434b8f88f5e7e59a6c2fa7c68965c98d", "price_changes": [{"asset_id": "36680377078077148593910111584810781850541881273788879831231274564384521562016", "price": "0.15", "size": "0", "side": "BUY", "hash": "c48b76c22a311a31fb98fda20526463b6af3d163", "best_bid": "0.16", "best_ask": "0.7"}, {"asset_id": "108640408865912714304980143618024557382069945018865372673974193384587151691217", "price": "0.85", "size": "0", "side": "SELL", "hash": "5a6b2388be5aa957d6d03deddab86638fa8dac32", "best_bid": "0.3", "best_ask": "0.84"}], "timestamp": "1769384512083", "event_type": "price_change"}}
{"_local_timestamp": "2026-01-25T23:41:57.345599+00:00", "data": {"market": "0x0f50bb6c3fba411f4d6c153abed8a750434b8f88f5e7e59a6c2fa7c68965c98d", "price_changes": [{"asset_id": "36680377078077148593910111584810781850541881273788879831231274564384521562016", "price": "0.16", "size": "0", "side": "BUY", "hash": "b512f600943bb55e999b998c11afe1f40f78ecb8", "best_bid": "0.13", "best_ask": "0.7"}, {"asset_id": "108640408865912714304980143618024557382069945018865372673974193384587151691217", "price": "0.84", "size": "0", "side": "SELL", "hash": "23a17bfa14122635eb0428bc428409c2e9f9bb1a", "best_bid": "0.3", "best_ask": "0.87"}], "timestamp": "1769384517278", "event_type": "price_change"}}
{"_local_timestamp": "2026-01-25T23:41:58.133107+00:00", "data": {"market": "0x0f50bb6c3fba411f4d6c153abed8a750434b8f88f5e7e59a6c2fa7c68965c98d", "price_changes": [{"asset_id": "36680377078077148593910111584810781850541881273788879831231274564384521562016", "price": "0.14", "size": "150", "side": "BUY", "hash": "7cfa3a159c4c70a5c78d4a4cd6ffb0ee5c1f6a51", "best_bid": "0.14", "best_ask": "0.7"}, {"asset_id": "108640408865912714304980143618024557382069945018865372673974193384587151691217", "price": "0.86", "size": "150", "side": "SELL", "hash": "54aa96606d1340d414b93daf4356db4d2272829a", "best_bid": "0.3", "best_ask": "0.86"}], "timestamp": "1769384518053", "event_type": "price_change"}}
{"_local_timestamp": "2026-01-25T23:42:05.059918+00:00", "data": {"market": "0x0f50bb6c3fba411f4d6c153abed8a750434b8f88f5e7e59a6c2fa7c68965c98d", "price_changes": [{"asset_id": "36680377078077148593910111584810781850541881273788879831231274564384521562016", "price": "0.15", "size": "8.5", "side": "BUY", "hash": "1608faa4a13558051890e7617d7741572e31e6b5", "best_bid": "0.15", "best_ask": "0.7"}, {"asset_id": "108640408865912714304980143618024557382069945018865372673974193384587151691217", "price": "0.85", "size": "8.5", "side": "SELL", "hash": "aafe8ec63f0b6ad430d4e31b12b624c8c7e5353f", "best_bid": "0.3", "best_ask": "0.85"}], "timestamp": "1769384524973", "event_type": "price_change"}}
{"_local_timestamp": "2026-01-25T23:42:05.061124+00:00", "data": {"market": "0x0f50bb6c3fba411f4d6c153abed8a750434b8f88f5e7e59a6c2fa7c68965c98d", "price_changes": [{"asset_id": "108640408865912714304980143618024557382069945018865372673974193384587151691217", "price": "0.15", "size": "13.95", "side": "BUY", "hash": "fbafd8b2ff46b21dd2ac67eafe0ac8dcbfdffb24", "best_bid": "0.3", "best_ask": "0.85"}, {"asset_id": "36680377078077148593910111584810781850541881273788879831231274564384521562016", "price": "0.85", "size": "13.95", "side": "SELL", "hash": "0e1f6f7521495364c6ebd723f4151ccf5c5c9880", "best_bid": "0.15", "best_ask": "0.7"}], "timestamp": "1769384524974", "event_type": "price_change"}}
{"_local_timestamp": "2026-01-25T23:42:08.821078+00:00", "data": {"market": "0x0f50bb6c3fba411f4d6c153abed8a750434b8f88f5e7e59a6c2fa7c68965c98d", "price_changes": [{"asset_id": "36680377078077148593910111584810781850541881273788879831231274564384521562016", "price": "0.14", "size": "0", "side": "BUY", "hash": "b42b9400e3e0e324c3874e91f6d0032c2c84fe79", "best_bid": "0.15", "best_ask": "0.7"}, {"asset_id": "108640408865912714304980143618024557382069945018865372673974193384587151691217", "price": "0.86", "size": "0", "side": "SELL", "hash": "43fed8e98b7305da9cd8164cc92e084ed2d3628f", "best_bid": "0.3", "best_ask": "0.85"}], "timestamp": "1769384528750", "event_type": "price_change"}}
{"_local_timestamp": "2026-01-25T23:42:09.109915+00:00", "data": {"market": "0x0f50bb6c3fba411f4d6c153abed8a750434b8f88f5e7e59a6c2fa7c68965c98d", "price_changes": [{"asset_id": "36680377078077148593910111584810781850541881273788879831231274564384521562016", "price": "0.16", "size": "150", "side": "BUY", "hash": "8ee93bd31cab9002da328db3b2a93462f4598c1e", "best_bid": "0.16", "best_ask": "0.7"}, {"asset_id": "108640408865912714304980143618024557382069945018865372673974193384587151691217", "price": "0.84", "size": "150", "side": "SELL", "hash": "4b0e129d4fe6bee81cb215636f8fa2c9ab783e6a", "best_bid": "0.3", "best_ask": "0.84"}], "timestamp": "1769384529031", "event_type": "price_change"}}
{"_local_timestamp": "2026-01-25T23:42:13.747041+00:00", "data": {"market": "0x0f50bb6c3fba411f4d6c153abed8a750434b8f88f5e7e59a6c2fa7c68965c98d", "price_changes": [{"asset_id": "36680377078077148593910111584810781850541881273788879831231274564384521562016", "price": "0.15", "size": "0", "side": "BUY", "hash": "00a2dd147a76d99a728fba9afe3444c70c22a34a", "best_bid": "0.16", "best_ask": "0.7"}, {"asset_id": "108640408865912714304980143618024557382069945018865372673974193384587151691217", "price": "0.85", "size": "0", "side": "SELL", "hash": "4312b965e2e3e39f0bfa28ba9bbae1fb495e2e78", "best_bid": "0.3", "best_ask": "0.84"}], "timestamp": "1769384533681", "event_type": "price_change"}}
{"_local_timestamp": "2026-01-25T23:42:13.748573+00:00", "data": {"market": "0x0f50bb6c3fba411f4d6c153abed8a750434b8f88f5e7e59a6c2fa7c68965c98d", "price_changes": [{"asset_id": "108640408865912714304980143618024557382069945018865372673974193384587151691217", "price": "0.15", "size": "5.45", "side": "BUY", "hash": "6f10264c6157f2b41a6a067e2fe9f63ac607550d", "best_bid": "0.3", "best_ask": "0.84"}, {"asset_id": "36680377078077148593910111584810781850541881273788879831231274564384521562016", "price": "0.85", "size": "5.45", "side": "SELL", "hash": "1fc24a9aaabc1baf3649404a95c219dafe2dd9ba", "best_bid": "0.16", "best_ask": "0.7"}], "timestamp": "1769384533681", "event_type": "price_change"}}
{"_local_timestamp": "2026-01-25T23:42:14.300046+00:00", "data": {"market": "0x0f50bb6c3fba411f4d6c153abed8a750434b8f88f5e7e59a6c2fa7c68965c98d", "price_changes": [{"asset_id": "36680377078077148593910111584810781850541881273788879831231274564384521562016", "price": "0.16", "size": "0", "side": "BUY", "hash": "cd0379ea572fcc934f9023bd7ebb87c8e9647e92", "best_bid": "0.13", "best_ask": "0.7"}, {"asset_id": "108640408865912714304980143618024557382069945018865372673974193384587151691217", "price": "0.84", "size": "0", "side": "SELL", "hash": "8782bb3234aacd1fc0c507a3d25c614034bd9d59", "best_bid": "0.3", "best_ask": "0.87"}], "timestamp": "1769384534223", "event_type": "price_change"}}
{"_local_timestamp": "2026-01-25T23:42:14.810751+00:00", "data": {"market": "0x0f50bb6c3fba411f4d6c153abed8a750434b8f88f5e7e59a6c2fa7c68965c98d", "price_changes": [{"asset_id": "36680377078077148593910111584810781850541881273788879831231274564384521562016", "price": "0.14", "size": "150", "side": "BUY", "hash": "de0d7b33a14a41c6df27d8610437cfa92771c0b0", "best_bid": "0.14", "best_ask": "0.7"}, {"asset_id": "108640408865912714304980143618024557382069945018865372673974193384587151691217", "price": "0.86", "size": "150", "side": "SELL", "hash": "72fe35fe896ff4d0f4c49887545a97dbff08f4af", "best_bid": "0.3", "best_ask": "0.86"}], "timestamp": "1769384534734", "event_type": "price_change"}}
{"_local_timestamp": "2026-01-25T23:42:20.398274+00:00", "data": {"market": "0x0f50bb6c3fba411f4d6c153abed8a750434b8f88f5e7e59a6c2fa7c68965c98d", "price_changes": [{"asset_id": "36680377078077148593910111584810781850541881273788879831231274564384521562016", "price": "0.15", "size": "8.5", "side": "BUY", "hash": "88f70193015946236ba0462ed8ea95a3d558098c", "best_bid": "0.15", "best_ask": "0.7"}, {"asset_id": "108640408865912714304980143618024557382069945018865372673974193384587151691217", "price": "0.85", "size": "8.5", "side": "SELL", "hash": "bd5192dd46d366a78ef00944d2da00786a831f2e", "best_bid": "0.3", "best_ask": "0.85"}], "timestamp": "1769384540272", "event_type": "price_change"}}
{"_local_timestamp": "2026-01-25T23:42:20.399336+00:00", "data": {"market": "0x0f50bb6c3fba411f4d6c153abed8a750434b8f88f5e7e59a6c2fa7c68965c98d", "price_changes": [{"asset_id": "108640408865912714304980143618024557382069945018865372673974193384587151691217", "price": "0.15", "size": "13.95", "side": "BUY", "hash": "c158544302e845d324da1bc1f654f174b485f6ab", "best_bid": "0.3", "best_ask": "0.85"}, {"asset_id": "36680377078077148593910111584810781850541881273788879831231274564384521562016", "price": "0.85", "size": "13.95", "side": "SELL", "hash": "d6893ee81a75e38e9b700bfb190bc3b45bd9d521", "best_bid": "0.15", "best_ask": "0.7"}], "timestamp": "1769384540273", "event_type": "price_change"}}
{"_local_timestamp": "2026-01-25T23:42:25.412287+00:00", "data": {"market": "0x0f50bb6c3fba411f4d6c153abed8a750434b8f88f5e7e59a6c2fa7c68965c98d", "price_changes": [{"asset_id": "36680377078077148593910111584810781850541881273788879831231274564384521562016", "price": "0.14", "size": "0", "side": "BUY", "hash": "54f4fbcd26388ff9511dfad0176c76d515e48f4b", "best_bid": "0.15", "best_ask": "0.7"}, {"asset_id": "108640408865912714304980143618024557382069945018865372673974193384587151691217", "price": "0.86", "size": "0", "side": "SELL", "hash": "5fa2e6f8e1bda7a951915a840227b910e67a9701", "best_bid": "0.3", "best_ask": "0.85"}], "timestamp": "1769384545265", "event_type": "price_change"}}
{"_local_timestamp": "2026-01-25T23:42:26.068269+00:00", "data": {"market": "0x0f50bb6c3fba411f4d6c153abed8a750434b8f88f5e7e59a6c2fa7c68965c98d", "price_changes": [{"asset_id": "36680377078077148593910111584810781850541881273788879831231274564384521562016", "price": "0.16", "size": "150", "side": "BUY", "hash": "abfffc1fb436edee1349df53b62942e7536245d4", "best_bid": "0.16", "best_ask": "0.7"}, {"asset_id": "108640408865912714304980143618024557382069945018865372673974193384587151691217", "price": "0.84", "size": "150", "side": "SELL", "hash": "2bc6ea3f39fc1721aa9826836705caa9543ffda4", "best_bid": "0.3", "best_ask": "0.84"}], "timestamp": "1769384545913", "event_type": "price_change"}}
{"_local_timestamp": "2026-01-25T23:42:30.496692+00:00", "data": {"market": "0x0f50bb6c3fba411f4d6c153abed8a750434b8f88f5e7e59a6c2fa7c68965c98d", "price_changes": [{"asset_id": "36680377078077148593910111584810781850541881273788879831231274564384521562016", "price": "0.15", "size": "0", "side": "BUY", "hash": "a0adbe911793cec19d5eefda95cfc504f9146a7e", "best_bid": "0.16", "best_ask": "0.7"}, {"asset_id": "108640408865912714304980143618024557382069945018865372673974193384587151691217", "price": "0.85", "size": "0", "side": "SELL", "hash": "593d2934e99062219c5d87845c560598ec325ffa", "best_bid": "0.3", "best_ask": "0.84"}], "timestamp": "1769384550359", "event_type": "price_change"}}
{"_local_timestamp": "2026-01-25T23:42:30.500659+00:00", "data": {"market": "0x0f50bb6c3fba411f4d6c153abed8a750434b8f88f5e7e59a6c2fa7c68965c98d", "price_changes": [{"asset_id": "108640408865912714304980143618024557382069945018865372673974193384587151691217", "price": "0.15", "size": "5.45", "side": "BUY", "hash": "9a89988fec982518c68e1d7a00e4597621e88abb", "best_bid": "0.3", "best_ask": "0.84"}, {"asset_id": "36680377078077148593910111584810781850541881273788879831231274564384521562016", "price": "0.85", "size": "5.45", "side": "SELL", "hash": "81cce81805dabaa9b2d3dabc8aefb66918fac670", "best_bid": "0.16", "best_ask": "0.7"}], "timestamp": "1769384550360", "event_type": "price_change"}}
{"_local_timestamp": "2026-01-25T23:42:31.242762+00:00", "data": {"market": "0x0f50bb6c3fba411f4d6c153abed8a750434b8f88f5e7e59a6c2fa7c68965c98d", "price_changes": [{"asset_id": "36680377078077148593910111584810781850541881273788879831231274564384521562016", "price": "0.16", "size": "0", "side": "BUY", "hash": "5afec1d01bc1e7d95e50e1f5de8fa440d42d1377", "best_bid": "0.13", "best_ask": "0.7"}, {"asset_id": "108640408865912714304980143618024557382069945018865372673974193384587151691217", "price": "0.84", "size": "0", "side": "SELL", "hash": "4667eb0f3eabf0e34b7c0113c2fb4b511cb3ea07", "best_bid": "0.3", "best_ask": "0.87"}], "timestamp": "1769384551101", "event_type": "price_change"}}
{"_local_timestamp": "2026-01-25T23:42:32.274428+00:00", "data": {"market": "0x0f50bb6c3fba411f4d6c153abed8a750434b8f88f5e7e59a6c2fa7c68965c98d", "price_changes": [{"asset_id": "36680377078077148593910111584810781850541881273788879831231274564384521562016", "price": "0.14", "size": "150", "side": "BUY", "hash": "f5b72d41be6ee2254382a9626bbc736d4d6ea863", "best_bid": "0.14", "best_ask": "0.7"}, {"asset_id": "108640408865912714304980143618024557382069945018865372673974193384587151691217", "price": "0.86", "size": "150", "side": "SELL", "hash": "5aa820a4e60cd4f1c0c66cda3647e2421ecb49db", "best_bid": "0.3", "best_ask": "0.86"}], "timestamp": "1769384552140", "event_type": "price_change"}}
{"_local_timestamp": "2026-01-25T23:42:36.021500+00:00", "data": {"market": "0x0f50bb6c3fba411f4d6c153abed8a750434b8f88f5e7e59a6c2fa7c68965c98d", "price_changes": [{"asset_id": "36680377078077148593910111584810781850541881273788879831231274564384521562016", "price": "0.15", "size": "8.5", "side": "BUY", "hash": "14dbcccbbea2c8e2cbdbfec39703837712efdc09", "best_bid": "0.15", "best_ask": "0.7"}, {"asset_id": "108640408865912714304980143618024557382069945018865372673974193384587151691217", "price": "0.85", "size": "8.5", "side": "SELL", "hash": "b3a6e128173843405338c7ddfd5e3ace83966275", "best_bid": "0.3", "best_ask": "0.85"}], "timestamp": "1769384555893", "event_type": "price_change"}}
{"_local_timestamp": "2026-01-25T23:42:36.022618+00:00", "data": {"market": "0x0f50bb6c3fba411f4d6c153abed8a750434b8f88f5e7e59a6c2fa7c68965c98d", "price_changes": [{"asset_id": "108640408865912714304980143618024557382069945018865372673974193384587151691217", "price": "0.15", "size": "13.95", "side": "BUY", "hash": "1bf2222f92039221b5dbf39e696f790f0621a0d1", "best_bid": "0.3", "best_ask": "0.85"}, {"asset_id": "36680377078077148593910111584810781850541881273788879831231274564384521562016", "price": "0.85", "size": "13.95", "side": "SELL", "hash": "d82a5214b1858978b7aaecd5ff94a60d60971e00", "best_bid": "0.15", "best_ask": "0.7"}], "timestamp": "1769384555894", "event_type": "price_change"}}
{"_local_timestamp": "2026-01-25T23:42:37.704872+00:00", "data": {"market": "0x0f50bb6c3fba411f4d6c153abed8a750434b8f88f5e7e59a6c2fa7c68965c98d", "price_changes": [{"asset_id": "36680377078077148593910111584810781850541881273788879831231274564384521562016", "price": "0.14", "size": "0", "side": "BUY", "hash": "bdbb02c6b60c881d04e9f6860cc96a3803cae949", "best_bid": "0.15", "best_ask": "0.7"}, {"asset_id": "108640408865912714304980143618024557382069945018865372673974193384587151691217", "price": "0.86", "size": "0", "side": "SELL", "hash": "9b3696f47181f96dd06bd0f22a60e8a255a3ea9b", "best_bid": "0.3", "best_ask": "0.85"}], "timestamp": "1769384557579", "event_type": "price_change"}}
{"_local_timestamp": "2026-01-25T23:42:38.138139+00:00", "data": {"market": "0x0f50bb6c3fba411f4d6c153abed8a750434b8f88f5e7e59a6c2fa7c68965c98d", "price_changes": [{"asset_id": "36680377078077148593910111584810781850541881273788879831231274564384521562016", "price": "0.16", "size": "150", "side": "BUY", "hash": "8175154459eb1f192b81447c9f6ba1eef05c34f7", "best_bid": "0.16", "best_ask": "0.7"}, {"asset_id": "108640408865912714304980143618024557382069945018865372673974193384587151691217", "price": "0.84", "size": "150", "side": "SELL", "hash": "926613efd39a65ef124fafae8492288845ea593d", "best_bid": "0.3", "best_ask": "0.84"}], "timestamp": "1769384557998", "event_type": "price_change"}}
{"_local_timestamp": "2026-01-25T23:42:40.330991+00:00", "data": {"market": "0x0f50bb6c3fba411f4d6c153abed8a750434b8f88f5e7e59a6c2fa7c68965c98d", "price_changes": [{"asset_id": "108640408865912714304980143618024557382069945018865372673974193384587151691217", "price": "0.15", "size": "5.45", "side": "BUY", "hash": "da36f017217614e38662c698b6c923aaba4cb1b8", "best_bid": "0.3", "best_ask": "0.84"}, {"asset_id": "36680377078077148593910111584810781850541881273788879831231274564384521562016", "price": "0.85", "size": "5.45", "side": "SELL", "hash": "afde4ca35b96383a433020c5163d5faaff892f52", "best_bid": "0.16", "best_ask": "0.7"}], "timestamp": "1769384560134", "event_type": "price_change"}}
{"_local_timestamp": "2026-01-25T23:42:40.332198+00:00", "data": {"market": "0x0f50bb6c3fba411f4d6c153abed8a750434b8f88f5e7e59a6c2fa7c68965c98d", "price_changes": [{"asset_id": "36680377078077148593910111584810781850541881273788879831231274564384521562016", "price": "0.15", "size": "0", "side": "BUY", "hash": "bd3f7d131bb9e85194680200df5ca1a91f598105", "best_bid": "0.16", "best_ask": "0.7"}, {"asset_id": "108640408865912714304980143618024557382069945018865372673974193384587151691217", "price": "0.85", "size": "0", "side": "SELL", "hash": "0fc9ba4fa61bdca61ed6ea762617c3954ba5819f", "best_bid": "0.3", "best_ask": "0.84"}], "timestamp": "1769384560134", "event_type": "price_change"}}
{"_local_timestamp": "2026-01-25T23:42:43.363853+00:00", "data": {"market": "0x0f50bb6c3fba411f4d6c153abed8a750434b8f88f5e7e59a6c2fa7c68965c98d", "price_changes": [{"asset_id": "36680377078077148593910111584810781850541881273788879831231274564384521562016", "price": "0.16", "size": "0", "side": "BUY", "hash": "3c17f21c69992e5bdc0285a104bd427b93aabee9", "best_bid": "0.13", "best_ask": "0.7"}, {"asset_id": "108640408865912714304980143618024557382069945018865372673974193384587151691217", "price": "0.84", "size": "0", "side": "SELL", "hash": "c50804e0e4d2d4a5f5fc9157d46e3dc4b4010613", "best_bid": "0.3", "best_ask": "0.87"}], "timestamp": "1769384563166", "event_type": "price_change"}}
{"_local_timestamp": "2026-01-25T23:42:44.159814+00:00", "data": {"market": "0x0f50bb6c3fba411f4d6c153abed8a750434b8f88f5e7e59a6c2fa7c68965c98d", "price_changes": [{"asset_id": "36680377078077148593910111584810781850541881273788879831231274564384521562016", "price": "0.14", "size": "150", "side": "BUY", "hash": "c1b8b2952ae0368c4deba503d63ec3f1d215d4f7", "best_bid": "0.14", "best_ask": "0.7"}, {"asset_id": "108640408865912714304980143618024557382069945018865372673974193384587151691217", "price": "0.86", "size": "150", "side": "SELL", "hash": "324d0c3ede6be0e52ca14ff349189f7db7ffa77d", "best_bid": "0.3", "best_ask": "0.86"}], "timestamp": "1769384564008", "event_type": "price_change"}}
{"_local_timestamp": "2026-01-25T23:42:49.722499+00:00", "data": {"market": "0x0f50bb6c3fba411f4d6c153abed8a750434b8f88f5e7e59a6c2fa7c68965c98d", "price_changes": [{"asset_id": "36680377078077148593910111584810781850541881273788879831231274564384521562016", "price": "0.15", "size": "8.5", "side": "BUY", "hash": "a3c5b5a6a6560a9ca38433cb1b2856f037174bde", "best_bid": "0.15", "best_ask": "0.7"}, {"asset_id": "108640408865912714304980143618024557382069945018865372673974193384587151691217", "price": "0.85", "size": "8.5", "side": "SELL", "hash": "2074ec428cf72cccf05f6f4c5bd529368daf370f", "best_bid": "0.3", "best_ask": "0.85"}], "timestamp": "1769384569584", "event_type": "price_change"}}
{"_local_timestamp": "2026-01-25T23:42:49.723578+00:00", "data": {"market": "0x0f50bb6c3fba411f4d6c153abed8a750434b8f88f5e7e59a6c2fa7c68965c98d", "price_changes": [{"asset_id": "108640408865912714304980143618024557382069945018865372673974193384587151691217", "price": "0.15", "size": "13.95", "side": "BUY", "hash": "cc13797f9d298ac36266bf61a05317124559a49c", "best_bid": "0.3", "best_ask": "0.85"}, {"asset_id": "36680377078077148593910111584810781850541881273788879831231274564384521562016", "price": "0.85", "size": "13.95", "side": "SELL", "hash": "7558355c936839deb3e058372b04a9619447eee4", "best_bid": "0.15", "best_ask": "0.7"}], "timestamp": "1769384569584", "event_type": "price_change"}}
{"_local_timestamp": "2026-01-25T23:42:55.018262+00:00", "data": {"market": "0x0f50bb6c3fba411f4d6c153abed8a750434b8f88f5e7e59a6c2fa7c68965c98d", "price_changes": [{"asset_id": "36680377078077148593910111584810781850541881273788879831231274564384521562016", "price": "0.14", "size": "0", "side": "BUY", "hash": "3e1c1f854b8b39c15a90c35a06a20e7b4f0f2281", "best_bid": "0.15", "best_ask": "0.7"}, {"asset_id": "108640408865912714304980143618024557382069945018865372673974193384587151691217", "price": "0.86", "size": "0", "side": "SELL", "hash": "c13a876d95c0a6bd07db117862ab7dabacbd2c18", "best_bid": "0.3", "best_ask": "0.85"}], "timestamp": "1769384574886", "event_type": "price_change"}}
{"_local_timestamp": "2026-01-25T23:42:55.297537+00:00", "data": {"market": "0x0f50bb6c3fba411f4d6c153abed8a750434b8f88f5e7e59a6c2fa7c68965c98d", "price_changes": [{"asset_id": "36680377078077148593910111584810781850541881273788879831231274564384521562016", "price": "0.16", "size": "150", "side": "BUY", "hash": "e95a04ffa1513720e8e7bfecbf13a2383321067e", "best_bid": "0.16", "best_ask": "0.7"}, {"asset_id": "108640408865912714304980143618024557382069945018865372673974193384587151691217", "price": "0.84", "size": "150", "side": "SELL", "hash": "bf9d8c3662c118119b1aa83232ddc1181b3fc302", "best_bid": "0.3", "best_ask": "0.84"}], "timestamp": "1769384575165", "event_type": "price_change"}}
{"_local_timestamp": "2026-01-25T23:43:00.227088+00:00", "data": {"market": "0x0f50bb6c3fba411f4d6c153abed8a750434b8f88f5e7e59a6c2fa7c68965c98d", "price_changes": [{"asset_id": "36680377078077148593910111584810781850541881273788879831231274564384521562016", "price": "0.15", "size": "0", "side": "BUY", "hash": "d1aeefb48d7a165d0df01a2e98914d938ae061c6", "best_bid": "0.16", "best_ask": "0.7"}, {"asset_id": "108640408865912714304980143618024557382069945018865372673974193384587151691217", "price": "0.85", "size": "0", "side": "SELL", "hash": "4a9d8a665f1d22499f16179aa799c6cf2b078a7c", "best_bid": "0.3", "best_ask": "0.84"}], "timestamp": "1769384580079", "event_type": "price_change"}}
{"_local_timestamp": "2026-01-25T23:43:00.228309+00:00", "data": {"market": "0x0f50bb6c3fba411f4d6c153abed8a750434b8f88f5e7e59a6c2fa7c68965c98d", "price_changes": [{"asset_id": "108640408865912714304980143618024557382069945018865372673974193384587151691217", "price": "0.15", "size": "5.45", "side": "BUY", "hash": "ed107eaa6b0aef1bdcacc1b0a637f7c3a95351dc", "best_bid": "0.3", "best_ask": "0.84"}, {"asset_id": "36680377078077148593910111584810781850541881273788879831231274564384521562016", "price": "0.85", "size": "5.45", "side": "SELL", "hash": "279b60cde7e125a82454fa4502ba375a6f8df9ef", "best_bid": "0.16", "best_ask": "0.7"}], "timestamp": "1769384580079", "event_type": "price_change"}}
{"_local_timestamp": "2026-01-25T23:43:00.439206+00:00", "data": {"market": "0x0f50bb6c3fba411f4d6c153abed8a750434b8f88f5e7e59a6c2fa7c68965c98d", "price_changes": [{"asset_id": "36680377078077148593910111584810781850541881273788879831231274564384521562016", "price": "0.16", "size": "0", "side": "BUY", "hash": "77f41d252e0211c8ce2fb1e8995b1ea3dd11a500", "best_bid": "0.13", "best_ask": "0.7"}, {"asset_id": "108640408865912714304980143618024557382069945018865372673974193384587151691217", "price": "0.84", "size": "0", "side": "SELL", "hash": "1df4895c4d4c97781abb74458a58cb169d3f2d22", "best_bid": "0.3", "best_ask": "0.87"}], "timestamp": "1769384580305", "event_type": "price_change"}}
{"_local_timestamp": "2026-01-25T23:43:00.800760+00:00", "data": {"market": "0x0f50bb6c3fba411f4d6c153abed8a750434b8f88f5e7e59a6c2fa7c68965c98d", "price_changes": [{"asset_id": "36680377078077148593910111584810781850541881273788879831231274564384521562016", "price": "0.14", "size": "150", "side": "BUY", "hash": "2a182dbfd4b0bca016d6e5aa3c9a40fa5e58eeca", "best_bid": "0.14", "best_ask": "0.7"}, {"asset_id": "108640408865912714304980143618024557382069945018865372673974193384587151691217", "price": "0.86", "size": "150", "side": "SELL", "hash": "edb6e1872f241036b1e7b226ce6affd6496c10c1", "best_bid": "0.3", "best_ask": "0.86"}], "timestamp": "1769384580666", "event_type": "price_change"}}
{"_local_timestamp": "2026-01-25T23:43:07.932695+00:00", "data": {"market": "0x0f50bb6c3fba411f4d6c153abed8a750434b8f88f5e7e59a6c2fa7c68965c98d", "price_changes": [{"asset_id": "36680377078077148593910111584810781850541881273788879831231274564384521562016", "price": "0.15", "size": "8.5", "side": "BUY", "hash": "83f9d329b0e1089f377bc1fd867fd47907082e82", "best_bid": "0.15", "best_ask": "0.7"}, {"asset_id": "108640408865912714304980143618024557382069945018865372673974193384587151691217", "price": "0.85", "size": "8.5", "side": "SELL", "hash": "7b5357108d3235c33e47f97209269ed1a71cf3fa", "best_bid": "0.3", "best_ask": "0.85"}], "timestamp": "1769384587793", "event_type": "price_change"}}
{"_local_timestamp": "2026-01-25T23:43:07.933877+00:00", "data": {"market": "0x0f50bb6c3fba411f4d6c153abed8a750434b8f88f5e7e59a6c2fa7c68965c98d", "price_changes": [{"asset_id": "108640408865912714304980143618024557382069945018865372673974193384587151691217", "price": "0.15", "size": "13.95", "side": "BUY", "hash": "30174f85359033583ed48290113c3e17a3c301d9", "best_bid": "0.3", "best_ask": "0.85"}, {"asset_id": "36680377078077148593910111584810781850541881273788879831231274564384521562016", "price": "0.85", "size": "13.95", "side": "SELL", "hash": "2ec1515919d201a135e06c6c2ee570033f23b9a0", "best_bid": "0.15", "best_ask": "0.7"}], "timestamp": "1769384587794", "event_type": "price_change"}}
{"_local_timestamp": "2026-01-25T23:43:08.157787+00:00", "data": {"market": "0x4b4bc4a3d08f4bfbd039cd51e9e90c5d6d99ff8e8294c9c123cec127d72b45df", "price_changes": [{"asset_id": "78251160312981557515057155871280446885803851470938434971060724245845718670662", "price": "0.39", "size": "0", "side": "BUY", "hash": "fb0bded42bc5a958bd087a95c47fbdc04c02e890", "best_bid": "0.38", "best_ask": "0.7"}, {"asset_id": "13014513819564186659036727888915395306970063120569611859316633530800092862906", "price": "0.61", "size": "0", "side": "SELL", "hash": "e3d4f42c55edb350a665ee20293b97cc551abb7a", "best_bid": "0.3", "best_ask": "0.62"}], "timestamp": "1769384588000", "event_type": "price_change"}}
{"_local_timestamp": "2026-01-25T23:43:11.443097+00:00", "data": {"market": "0x0f50bb6c3fba411f4d6c153abed8a750434b8f88f5e7e59a6c2fa7c68965c98d", "price_changes": [{"asset_id": "36680377078077148593910111584810781850541881273788879831231274564384521562016", "price": "0.14", "size": "0", "side": "BUY", "hash": "9af2d7711e285fb32577f03ec64d1afea5e3a9cc", "best_bid": "0.15", "best_ask": "0.7"}, {"asset_id": "108640408865912714304980143618024557382069945018865372673974193384587151691217", "price": "0.86", "size": "0", "side": "SELL", "hash": "b8d96bf2aecf68b68c54b34bfb550a34a2ece68a", "best_bid": "0.3", "best_ask": "0.85"}], "timestamp": "1769384591304", "event_type": "price_change"}}
{"_local_timestamp": "2026-01-25T23:43:12.483305+00:00", "data": {"market": "0x0f50bb6c3fba411f4d6c153abed8a750434b8f88f5e7e59a6c2fa7c68965c98d", "price_changes": [{"asset_id": "36680377078077148593910111584810781850541881273788879831231274564384521562016", "price": "0.16", "size": "150", "side": "BUY", "hash": "7568bc864bcf5e8c3f6ff4b7f2c17b6b9c8f9452", "best_bid": "0.16", "best_ask": "0.7"}, {"asset_id": "108640408865912714304980143618024557382069945018865372673974193384587151691217", "price": "0.84", "size": "150", "side": "SELL", "hash": "f0a1b60abb2e9b7e34cb5867ff524ec8503eceba", "best_bid": "0.3", "best_ask": "0.84"}], "timestamp": "1769384592357", "event_type": "price_change"}}
{"_local_timestamp": "2026-01-25T23:43:13.618232+00:00", "data": {"market": "0x4b4bc4a3d08f4bfbd039cd51e9e90c5d6d99ff8e8294c9c123cec127d72b45df", "price_changes": [{"asset_id": "78251160312981557515057155871280446885803851470938434971060724245845718670662", "price": "0.39", "size": "150", "side": "BUY", "hash": "c021bfd37a6fbccbde4bf8759447633937d656e1", "best_bid": "0.39", "best_ask": "0.7"}, {"asset_id": "13014513819564186659036727888915395306970063120569611859316633530800092862906", "price": "0.61", "size": "150", "side": "SELL", "hash": "7cb8c409246b746879bde954acf923898ba1c532", "best_bid": "0.3", "best_ask": "0.61"}], "timestamp": "1769384593489", "event_type": "price_change"}}
{"_local_timestamp": "2026-01-25T23:43:15.567748+00:00", "data": {"market": "0xc23491e669c53326b7c1e5b89a2f840c7de2a46ed3e82d2800d97302b81538fb", "price_changes": [{"asset_id": "1591623342798714539854529028504405387642085816710949203609034511539452871496", "price": "0.26", "size": "308", "side": "BUY", "hash": "b1fb1bc3c3baf0905fc678bde0f370145f7be676", "best_bid": "0.26", "best_ask": "0.81"}, {"asset_id": "112602011424851000103155656947679684438751382645862874734174162906146763262104", "price": "0.74", "size": "308", "side": "SELL", "hash": "17867ca32ecd42dd0ab74ea656a139149a7edbe8", "best_bid": "0.19", "best_ask": "0.74"}], "timestamp": "1769384595456", "event_type": "price_change"}}
{"_local_timestamp": "2026-01-25T23:43:15.580839+00:00", "data": {"market": "0x4b4bc4a3d08f4bfbd039cd51e9e90c5d6d99ff8e8294c9c123cec127d72b45df", "price_changes": [{"asset_id": "13014513819564186659036727888915395306970063120569611859316633530800092862906", "price": "0.31", "size": "158", "side": "BUY", "hash": "a6271ab1b23963088f8ed040de668acc8c77d906", "best_bid": "0.31", "best_ask": "0.61"}, {"asset_id": "78251160312981557515057155871280446885803851470938434971060724245845718670662", "price": "0.69", "size": "158", "side": "SELL", "hash": "8e838438167ccb0f1103b915118aab0c81b9afc3", "best_bid": "0.39", "best_ask": "0.69"}], "timestamp": "1769384595456", "event_type": "price_change"}}
{"_local_timestamp": "2026-01-25T23:43:15.581986+00:00", "data": {"market": "0x0f50bb6c3fba411f4d6c153abed8a750434b8f88f5e7e59a6c2fa7c68965c98d", "price_changes": [{"asset_id": "108640408865912714304980143618024557382069945018865372673974193384587151691217", "price": "0.31", "size": "316.66", "side": "BUY", "hash": "5b756272f30be410c04b368e7f0d31c465eac65a", "best_bid": "0.31", "best_ask": "0.84"}, {"asset_id": "36680377078077148593910111584810781850541881273788879831231274564384521562016", "price": "0.69", "size": "316.66", "side": "SELL", "hash": "343fb1c35ca8f1d19660b72ef2ab7470b13a17e6", "best_bid": "0.16", "best_ask": "0.69"}], "timestamp": "1769384595456", "event_type": "price_change"}}
{"_local_timestamp": "2026-01-25T23:43:15.583349+00:00", "data": {"market": "0x0f50bb6c3fba411f4d6c153abed8a750434b8f88f5e7e59a6c2fa7c68965c98d", "price_changes": [{"asset_id": "108640408865912714304980143618024557382069945018865372673974193384587151691217", "price": "0.3", "size": "308", "side": "BUY", "hash": "a6706f80b3fbc802351172632d1adefd49ebfcd9", "best_bid": "0.31", "best_ask": "0.84"}, {"asset_id": "36680377078077148593910111584810781850541881273788879831231274564384521562016", "price": "0.7", "size": "308", "side": "SELL", "hash": "b361fd07074cb27df893cf91d83a25f51e8aaa62", "best_bid": "0.16", "best_ask": "0.69"}], "timestamp": "1769384595457", "event_type": "price_change"}}
{"_local_timestamp": "2026-01-25T23:43:15.585191+00:00", "data": {"market": "0xc23491e669c53326b7c1e5b89a2f840c7de2a46ed3e82d2800d97302b81538fb", "price_changes": [{"asset_id": "1591623342798714539854529028504405387642085816710949203609034511539452871496", "price": "0.27", "size": "316.66", "side": "BUY", "hash": "c1e152097c7fdd2e2e5454637fdc6f7e6ede4c60", "best_bid": "0.27", "best_ask": "0.81"}, {"asset_id": "112602011424851000103155656947679684438751382645862874734174162906146763262104", "price": "0.73", "size": "316.66", "side": "SELL", "hash": "ad346dfbeae2820885e1d790ec85bac473a5bf42", "best_bid": "0.19", "best_ask": "0.73"}], "timestamp": "1769384595457", "event_type": "price_change"}}
{"_local_timestamp": "2026-01-25T23:43:17.508478+00:00", "data": {"market": "0x0f50bb6c3fba411f4d6c153abed8a750434b8f88f5e7e59a6c2fa7c68965c98d", "price_changes": [{"asset_id": "36680377078077148593910111584810781850541881273788879831231274564384521562016", "price": "0.15", "size": "0", "side": "BUY", "hash": "68c82b0c4b3ad6c3b66e5d1df93a780dab1645ae", "best_bid": "0.16", "best_ask": "0.69"}, {"asset_id": "108640408865912714304980143618024557382069945018865372673974193384587151691217", "price": "0.85", "size": "0", "side": "SELL", "hash": "a2bd0c2a8af291d480351b1ec0b32f69463d2fbc", "best_bid": "0.31", "best_ask": "0.84"}], "timestamp": "1769384597395", "event_type": "price_change"}}
{"_local_timestamp": "2026-01-25T23:43:17.509777+00:00", "data": {"market": "0x0f50bb6c3fba411f4d6c153abed8a750434b8f88f5e7e59a6c2fa7c68965c98d", "price_changes": [{"asset_id": "108640408865912714304980143618024557382069945018865372673974193384587151691217", "price": "0.15", "size": "5.45", "side": "BUY", "hash": "dbaa4271dbd147c87bc34625936a17e2d1ce555d", "best_bid": "0.31", "best_ask": "0.84"}, {"asset_id": "36680377078077148593910111584810781850541881273788879831231274564384521562016", "price": "0.85", "size": "5.45", "side": "SELL", "hash": "7fb1c6a4662db86631f8fa398e1830b12fa58b85", "best_bid": "0.16", "best_ask": "0.69"}], "timestamp": "1769384597395", "event_type": "price_change"}}
{"_local_timestamp": "2026-01-25T23:43:31.146626+00:00", "data": {"market": "0x4b4bc4a3d08f4bfbd039cd51e9e90c5d6d99ff8e8294c9c123cec127d72b45df", "price_changes": [{"asset_id": "13014513819564186659036727888915395306970063120569611859316633530800092862906", "price": "0.3", "size": "0", "side": "BUY", "hash": "f667989854be3f6fa0baa0bdb6f9351bc9cd8a68", "best_bid": "0.31", "best_ask": "0.61"}, {"asset_id": "78251160312981557515057155871280446885803851470938434971060724245845718670662", "price": "0.7", "size": "0", "side": "SELL", "hash": "4c3016a3539319a03b13ac9ffcb2bb8d8b38e441", "best_bid": "0.39", "best_ask": "0.69"}], "timestamp": "1769384611037", "event_type": "price_change"}}
{"_local_timestamp": "2026-01-25T23:43:31.154462+00:00", "data": {"market": "0x0f50bb6c3fba411f4d6c153abed8a750434b8f88f5e7e59a6c2fa7c68965c98d", "price_changes": [{"asset_id": "108640408865912714304980143618024557382069945018865372673974193384587151691217", "price": "0.3", "size": "158", "side": "BUY", "hash": "244682e323e8872ccbbe1524ddd2198a1ff3c284", "best_bid": "0.31", "best_ask": "0.84"}, {"asset_id": "36680377078077148593910111584810781850541881273788879831231274564384521562016", "price": "0.7", "size": "158", "side": "SELL", "hash": "1e00e2ad06350ce701bb5c43e30b24f56787d031", "best_bid": "0.16", "best_ask": "0.69"}], "timestamp": "1769384611037", "event_type": "price_change"}}
{"_local_timestamp": "2026-01-25T23:43:31.155667+00:00", "data": {"market": "0xc23491e669c53326b7c1e5b89a2f840c7de2a46ed3e82d2800d97302b81538fb", "price_changes": [{"asset_id": "1591623342798714539854529028504405387642085816710949203609034511539452871496", "price": "0.26", "size": "158", "side": "BUY", "hash": "663df0a2a4176087af4498189414e6e120db35f7", "best_bid": "0.27", "best_ask": "0.81"}, {"asset_id": "112602011424851000103155656947679684438751382645862874734174162906146763262104", "price": "0.74", "size": "158", "side": "SELL", "hash": "81e5c3c71fade47938ee0202723a4409a2e4fd5e", "best_bid": "0.19", "best_ask": "0.73"}], "timestamp": "1769384611037", "event_type": "price_change"}}
{"_local_timestamp": "2026-01-25T23:43:31.161315+00:00", "data": {"market": "0x0f50bb6c3fba411f4d6c153abed8a750434b8f88f5e7e59a6c2fa7c68965c98d", "price_changes": [{"asset_id": "36680377078077148593910111584810781850541881273788879831231274564384521562016", "price": "0.16", "size": "0", "side": "BUY", "hash": "d332244af06ba4d4395700024f84177d7ba14c3c", "best_bid": "0.13", "best_ask": "0.69"}, {"asset_id": "108640408865912714304980143618024557382069945018865372673974193384587151691217", "price": "0.84", "size": "0", "side": "SELL", "hash": "97a4541208df32ff5ae1406ab6d4f1c9b7e0f2ca", "best_bid": "0.31", "best_ask": "0.87"}], "timestamp": "1769384611038", "event_type": "price_change"}}
{"_local_timestamp": "2026-01-25T23:43:32.212360+00:00", "data": {"market": "0x4b4bc4a3d08f4bfbd039cd51e9e90c5d6d99ff8e8294c9c123cec127d72b45df", "price_changes": [{"asset_id": "13014513819564186659036727888915395306970063120569611859316633530800092862906", "price": "0.32", "size": "150", "side": "BUY", "hash": "1c6563e4c36b9d15b61550dc5e9e5f9f9ce4a36f", "best_bid": "0.32", "best_ask": "0.61"}, {"asset_id": "78251160312981557515057155871280446885803851470938434971060724245845718670662", "price": "0.68", "size": "150", "side": "SELL", "hash": "28eb3b2b81847cde8f3fd8e3d9ae2ada8fd2a50d", "best_bid": "0.39", "best_ask": "0.68"}], "timestamp": "1769384612105", "event_type": "price_change"}}
{"_local_timestamp": "2026-01-25T23:43:32.214323+00:00", "data": {"market": "0x0f50bb6c3fba411f4d6c153abed8a750434b8f88f5e7e59a6c2fa7c68965c98d", "price_changes": [{"asset_id": "108640408865912714304980143618024557382069945018865372673974193384587151691217", "price": "0.32", "size": "150", "side": "BUY", "hash": "954b4c2ee078a8a9d3d520d0e09cc2431e8521e2", "best_bid": "0.32", "best_ask": "0.87"}, {"asset_id": "36680377078077148593910111584810781850541881273788879831231274564384521562016", "price": "0.68", "size": "150", "side": "SELL", "hash": "54061de4a2228d9b590c3efb52f381a7f4af7e49", "best_bid": "0.13", "best_ask": "0.68"}], "timestamp": "1769384612108", "event_type": "price_change"}}
{"_local_timestamp": "2026-01-25T23:43:32.215401+00:00", "data": {"market": "0x0f50bb6c3fba411f4d6c153abed8a750434b8f88f5e7e59a6c2fa7c68965c98d", "price_changes": [{"asset_id": "36680377078077148593910111584810781850541881273788879831231274564384521562016", "price": "0.14", "size": "150", "side": "BUY", "hash": "e3331f54f76da9191926fa0f98caf8b53b511d94", "best_bid": "0.14", "best_ask": "0.68"}, {"asset_id": "108640408865912714304980143618024557382069945018865372673974193384587151691217", "price": "0.86", "size": "150", "side": "SELL", "hash": "748ab135d8fffe7d08a47a4df4d34b6c97b7d4e8", "best_bid": "0.32", "best_ask": "0.86"}], "timestamp": "1769384612109", "event_type": "price_change"}}
{"_local_timestamp": "2026-01-25T23:43:32.216401+00:00", "data": {"market": "0xc23491e669c53326b7c1e5b89a2f840c7de2a46ed3e82d2800d97302b81538fb", "price_changes": [{"asset_id": "1591623342798714539854529028504405387642085816710949203609034511539452871496", "price": "0.28", "size": "150", "side": "BUY", "hash": "86d802c5ba7df95caba2af6e37823abacdd667e0", "best_bid": "0.28", "best_ask": "0.81"}, {"asset_id": "112602011424851000103155656947679684438751382645862874734174162906146763262104", "price": "0.72", "size": "150", "side": "SELL", "hash": "cc2d3a97817cd382f74afc66d53d0ad4cf2ecee1", "best_bid": "0.19", "best_ask": "0.72"}], "timestamp": "1769384612110", "event_type": "price_change"}}
{"_local_timestamp": "2026-01-25T23:43:37.047239+00:00", "data": {"market": "0x0f50bb6c3fba411f4d6c153abed8a750434b8f88f5e7e59a6c2fa7c68965c98d", "price_changes": [{"asset_id": "36680377078077148593910111584810781850541881273788879831231274564384521562016", "price": "0.15", "size": "8.5", "side": "BUY", "hash": "a1aac458491196e36dac79bc5d9066c76da6f160", "best_bid": "0.15", "best_ask": "0.68"}, {"asset_id": "108640408865912714304980143618024557382069945018865372673974193384587151691217", "price": "0.85", "size": "8.5", "side": "SELL", "hash": "98c4a6ae67d59529475776b8242e5f0e0508fef4", "best_bid": "0.32", "best_ask": "0.85"}], "timestamp": "1769384616961", "event_type": "price_change"}}
{"_local_timestamp": "2026-01-25T23:43:37.048845+00:00", "data": {"market": "0x0f50bb6c3fba411f4d6c153abed8a750434b8f88f5e7e59a6c2fa7c68965c98d", "price_changes": [{"asset_id": "108640408865912714304980143618024557382069945018865372673974193384587151691217", "price": "0.15", "size": "13.95", "side": "BUY", "hash": "98832b9c829ff210ce4d9a58a28fad61d4a0aa5f", "best_bid": "0.32", "best_ask": "0.85"}, {"asset_id": "36680377078077148593910111584810781850541881273788879831231274564384521562016", "price": "0.85", "size": "13.95", "side": "SELL", "hash": "0a3be821878d84ee82f4cfa23b80aa102dc5b9bb", "best_bid": "0.15", "best_ask": "0.68"}], "timestamp": "1769384616962", "event_type": "price_change"}}
{"_local_timestamp": "2026-01-25T23:43:37.980951+00:00", "data": {"market": "0x0f50bb6c3fba411f4d6c153abed8a750434b8f88f5e7e59a6c2fa7c68965c98d", "price_changes": [{"asset_id": "36680377078077148593910111584810781850541881273788879831231274564384521562016", "price": "0.14", "size": "0", "side": "BUY", "hash": "cdd8496d81ca7e20858c152103c846ad9d240877", "best_bid": "0.15", "best_ask": "0.68"}, {"asset_id": "108640408865912714304980143618024557382069945018865372673974193384587151691217", "price": "0.86", "size": "0", "side": "SELL", "hash": "3da4cff0ef630fc63e43e870813783f676bb1b19", "best_bid": "0.32", "best_ask": "0.85"}], "timestamp": "1769384617914", "event_type": "price_change"}}
{"_local_timestamp": "2026-01-25T23:43:38.361932+00:00", "data": {"market": "0x0f50bb6c3fba411f4d6c153abed8a750434b8f88f5e7e59a6c2fa7c68965c98d", "price_changes": [{"asset_id": "36680377078077148593910111584810781850541881273788879831231274564384521562016", "price": "0.16", "size": "150", "side": "BUY", "hash": "c97e3050763e78e771dd170a285e7314242d8b57", "best_bid": "0.16", "best_ask": "0.68"}, {"asset_id": "108640408865912714304980143618024557382069945018865372673974193384587151691217", "price": "0.84", "size": "150", "side": "SELL", "hash": "7fd716b39306a45403aef95b87824ab9e9a5b7f8", "best_bid": "0.32", "best_ask": "0.84"}], "timestamp": "1769384618291", "event_type": "price_change"}}
{"_local_timestamp": "2026-01-25T23:43:41.401916+00:00", "data": {"market": "0x0f50bb6c3fba411f4d6c153abed8a750434b8f88f5e7e59a6c2fa7c68965c98d", "price_changes": [{"asset_id": "108640408865912714304980143618024557382069945018865372673974193384587151691217", "price": "0.3", "size": "0", "side": "BUY", "hash": "8a3eedbbb33bf635ce02e76f6233978addab4adc", "best_bid": "0.32", "best_ask": "0.84"}, {"asset_id": "36680377078077148593910111584810781850541881273788879831231274564384521562016", "price": "0.7", "size": "0", "side": "SELL", "hash": "4046bdc24dd845fd81abd8f082a231d1e4806ace", "best_bid": "0.16", "best_ask": "0.68"}], "timestamp": "1769384621328", "event_type": "price_change"}}
{"_local_timestamp": "2026-01-25T23:43:41.405774+00:00", "data": {"market": "0xc23491e669c53326b7c1e5b89a2f840c7de2a46ed3e82d2800d97302b81538fb", "price_changes": [{"asset_id": "1591623342798714539854529028504405387642085816710949203609034511539452871496", "price": "0.26", "size": "0", "side": "BUY", "hash": "9cf5e34afc36ee88acc5bf4680a6faf422039432", "best_bid": "0.28", "best_ask": "0.81"}, {"asset_id": "112602011424851000103155656947679684438751382645862874734174162906146763262104", "price": "0.74", "size": "0", "side": "SELL", "hash": "8ff5ca6e79ce44b2e8c8d3445d2ed82cf4c96704", "best_bid": "0.19", "best_ask": "0.72"}], "timestamp": "1769384621329", "event_type": "price_change"}}
{"_local_timestamp": "2026-01-25T23:43:44.987076+00:00", "data": {"market": "0x0f50bb6c3fba411f4d6c153abed8a750434b8f88f5e7e59a6c2fa7c68965c98d", "price_changes": [{"asset_id": "36680377078077148593910111584810781850541881273788879831231274564384521562016", "price": "0.15", "size": "0", "side": "BUY", "hash": "789f5cc061703cde6986585f2a801a64bbafc2f0", "best_bid": "0.16", "best_ask": "0.68"}, {"asset_id": "108640408865912714304980143618024557382069945018865372673974193384587151691217", "price": "0.85", "size": "0", "side": "SELL", "hash": "5c06988ae2a0ed0a94d56e9a9fb9fa4bfe950cfb", "best_bid": "0.32", "best_ask": "0.84"}], "timestamp": "1769384624682", "event_type": "price_change"}}
{"_local_timestamp": "2026-01-25T23:43:44.988107+00:00", "data": {"market": "0x0f50bb6c3fba411f4d6c153abed8a750434b8f88f5e7e59a6c2fa7c68965c98d", "price_changes": [{"asset_id": "108640408865912714304980143618024557382069945018865372673974193384587151691217", "price": "0.15", "size": "5.45", "side": "BUY", "hash": "d272489476715fca17c9c505772c34299d857ef2", "best_bid": "0.32", "best_ask": "0.84"}, {"asset_id": "36680377078077148593910111584810781850541881273788879831231274564384521562016", "price": "0.85", "size": "5.45", "side": "SELL", "hash": "b9680d8cbf7a5941a3be5d3d97972b4aa2715d0b", "best_bid": "0.16", "best_ask": "0.68"}], "timestamp": "1769384624682", "event_type": "price_change"}}
{"_local_timestamp": "2026-01-25T23:43:49.205712+00:00", "data": {"market": "0x0f50bb6c3fba411f4d6c153abed8a750434b8f88f5e7e59a6c2fa7c68965c98d", "price_changes": [{"asset_id": "36680377078077148593910111584810781850541881273788879831231274564384521562016", "price": "0.16", "size": "0", "side": "BUY", "hash": "b806aae9d9ef67102868385babf6bca12ef33412", "best_bid": "0.13", "best_ask": "0.68"}, {"asset_id": "108640408865912714304980143618024557382069945018865372673974193384587151691217", "price": "0.84", "size": "0", "side": "SELL", "hash": "e41fffd80f2d5db2aad79f523f069609b0b2deb3", "best_bid": "0.32", "best_ask": "0.87"}], "timestamp": "1769384629133", "event_type": "price_change"}}
{"_local_timestamp": "2026-01-25T23:43:49.526058+00:00", "data": {"market": "0x0f50bb6c3fba411f4d6c153abed8a750434b8f88f5e7e59a6c2fa7c68965c98d", "price_changes": [{"asset_id": "36680377078077148593910111584810781850541881273788879831231274564384521562016", "price": "0.14", "size": "150", "side": "BUY", "hash": "5b270cbbbad5421d0073c1e002b7959f0958107d", "best_bid": "0.14", "best_ask": "0.68"}, {"asset_id": "108640408865912714304980143618024557382069945018865372673974193384587151691217", "price": "0.86", "size": "150", "side": "SELL", "hash": "e6abc757c9415b38f2bbaf1ccaeca12af851c6a1", "best_bid": "0.32", "best_ask": "0.86"}], "timestamp": "1769384629454", "event_type": "price_change"}}
{"_local_timestamp": "2026-01-25T23:43:55.076703+00:00", "data": {"market": "0x0f50bb6c3fba411f4d6c153abed8a750434b8f88f5e7e59a6c2fa7c68965c98d", "price_changes": [{"asset_id": "36680377078077148593910111584810781850541881273788879831231274564384521562016", "price": "0.15", "size": "8.5", "side": "BUY", "hash": "43e50b97b7907a9ddcbd1a8fa4f27b0be2215326", "best_bid": "0.15", "best_ask": "0.68"}, {"asset_id": "108640408865912714304980143618024557382069945018865372673974193384587151691217", "price": "0.85", "size": "8.5", "side": "SELL", "hash": "2b9f24c5d2c5f1221d88412d21a01cae053f5f61", "best_bid": "0.32", "best_ask": "0.85"}], "timestamp": "1769384634951", "event_type": "price_change"}}
{"_local_timestamp": "2026-01-25T23:43:55.079832+00:00", "data": {"market": "0x0f50bb6c3fba411f4d6c153abed8a750434b8f88f5e7e59a6c2fa7c68965c98d", "price_changes": [{"asset_id": "108640408865912714304980143618024557382069945018865372673974193384587151691217", "price": "0.15", "size": "13.95", "side": "BUY", "hash": "127526772a905401ae3f544dedaa8029301b58c3", "best_bid": "0.32", "best_ask": "0.85"}, {"asset_id": "36680377078077148593910111584810781850541881273788879831231274564384521562016", "price": "0.85", "size": "13.95", "side": "SELL", "hash": "aa7eb18dca8d8895da2d8f8a1c2ba69dfb22b823", "best_bid": "0.15", "best_ask": "0.68"}], "timestamp": "1769384634952", "event_type": "price_change"}}
{"_local_timestamp": "2026-01-25T23:43:56.207954+00:00", "data": {"market": "0xc23491e669c53326b7c1e5b89a2f840c7de2a46ed3e82d2800d97302b81538fb", "price_changes": [{"asset_id": "1591623342798714539854529028504405387642085816710949203609034511539452871496", "price": "0.27", "size": "0", "side": "BUY", "hash": "1536807b140d465b60bf28f7076481a8ef905fb6", "best_bid": "0.28", "best_ask": "0.81"}, {"asset_id": "112602011424851000103155656947679684438751382645862874734174162906146763262104", "price": "0.73", "size": "0", "side": "SELL", "hash": "bbc4714707ef73ad6c7794e7f9c37ea7f0a61254", "best_bid": "0.19", "best_ask": "0.72"}], "timestamp": "1769384636031", "event_type": "price_change"}}
{"_local_timestamp": "2026-01-25T23:43:56.209240+00:00", "data": {"market": "0x4b4bc4a3d08f4bfbd039cd51e9e90c5d6d99ff8e8294c9c123cec127d72b45df", "price_changes": [{"asset_id": "13014513819564186659036727888915395306970063120569611859316633530800092862906", "price": "0.31", "size": "0", "side": "BUY", "hash": "e509a22859b5eff55f4df4179925615e1e072f08", "best_bid": "0.32", "best_ask": "0.61"}, {"asset_id": "78251160312981557515057155871280446885803851470938434971060724245845718670662", "price": "0.69", "size": "0", "side": "SELL", "hash": "31ddc2c3d3816e561a9bb2f554bf9bcbddd708c1", "best_bid": "0.39", "best_ask": "0.68"}], "timestamp": "1769384636031", "event_type": "price_change"}}
{"_local_timestamp": "2026-01-25T23:43:56.217620+00:00", "data": {"market": "0x0f50bb6c3fba411f4d6c153abed8a750434b8f88f5e7e59a6c2fa7c68965c98d", "price_changes": [{"asset_id": "108640408865912714304980143618024557382069945018865372673974193384587151691217", "price": "0.31", "size": "0", "side": "BUY", "hash": "46823eb355b1b534b5e68a8f5d2c801cbbb72d7d", "best_bid": "0.32", "best_ask": "0.85"}, {"asset_id": "36680377078077148593910111584810781850541881273788879831231274564384521562016", "price": "0.69", "size": "0", "side": "SELL", "hash": "ec26d76953e7dc762c81b64ceb298d02312da855", "best_bid": "0.15", "best_ask": "0.68"}], "timestamp": "1769384636031", "event_type": "price_change"}}
{"_local_timestamp": "2026-01-25T23:44:00.122511+00:00", "data": {"market": "0x4b4bc4a3d08f4bfbd039cd51e9e90c5d6d99ff8e8294c9c123cec127d72b45df", "price_changes": [{"asset_id": "13014513819564186659036727888915395306970063120569611859316633530800092862906", "price": "0.32", "size": "0", "side": "BUY", "hash": "4d474f5b1d2125396783d355fdc4d01fea5e4b6a", "best_bid": "0.29", "best_ask": "0.61"}, {"asset_id": "78251160312981557515057155871280446885803851470938434971060724245845718670662", "price": "0.68", "size": "0", "side": "SELL", "hash": "3f811cca2216646829c966afad3b2513738f5699", "best_bid": "0.39", "best_ask": "0.71"}], "timestamp": "1769384640004", "event_type": "price_change"}}
{"_local_timestamp": "2026-01-25T23:44:00.124844+00:00", "data": {"market": "0x0f50bb6c3fba411f4d6c153abed8a750434b8f88f5e7e59a6c2fa7c68965c98d", "price_changes": [{"asset_id": "36680377078077148593910111584810781850541881273788879831231274564384521562016", "price": "0.14", "size": "0", "side": "BUY", "hash": "f1217a4432825a44ca670b2d7c6e1f70dc485bb5", "best_bid": "0.15", "best_ask": "0.68"}, {"asset_id": "108640408865912714304980143618024557382069945018865372673974193384587151691217", "price": "0.86", "size": "0", "side": "SELL", "hash": "29d34ddab643903175e4ac3381dfe224196a7af1", "best_bid": "0.32", "best_ask": "0.85"}], "timestamp": "1769384640004", "event_type": "price_change"}}
{"_local_timestamp": "2026-01-25T23:44:00.130775+00:00", "data": {"market": "0xc23491e669c53326b7c1e5b89a2f840c7de2a46ed3e82d2800d97302b81538fb", "price_changes": [{"asset_id": "1591623342798714539854529028504405387642085816710949203609034511539452871496", "price": "0.28", "size": "0", "side": "BUY", "hash": "2243ca1b52622a3ee781edbd9e27f25ab3326339", "best_bid": "0.25", "best_ask": "0.81"}, {"asset_id": "112602011424851000103155656947679684438751382645862874734174162906146763262104", "price": "0.72", "size": "0", "side": "SELL", "hash": "d5983681af7f860257b386662f9a846717911b21", "best_bid": "0.19", "best_ask": "0.75"}], "timestamp": "1769384640004", "event_type": "price_change"}}
{"_local_timestamp": "2026-01-25T23:44:00.131811+00:00", "data": {"market": "0x0f50bb6c3fba411f4d6c153abed8a750434b8f88f5e7e59a6c2fa7c68965c98d", "price_changes": [{"asset_id": "108640408865912714304980143618024557382069945018865372673974193384587151691217", "price": "0.32", "size": "0", "side": "BUY", "hash": "5e0745ca0967505d507003268cf9cf478d62b9b7", "best_bid": "0.29", "best_ask": "0.85"}, {"asset_id": "36680377078077148593910111584810781850541881273788879831231274564384521562016", "price": "0.68", "size": "0", "side": "SELL", "hash": "8dcd9f85aaea08da4afca4259a18f0b1bb7aed0d", "best_bid": "0.15", "best_ask": "0.71"}], "timestamp": "1769384640004", "event_type": "price_change"}}
{"_local_timestamp": "2026-01-25T23:44:00.795718+00:00", "data": {"market": "0x0f50bb6c3fba411f4d6c153abed8a750434b8f88f5e7e59a6c2fa7c68965c98d", "price_changes": [{"asset_id": "36680377078077148593910111584810781850541881273788879831231274564384521562016", "price": "0.16", "size": "150", "side": "BUY", "hash": "0976c5f6df19eab1d181aedaf0180306db1e7af6", "best_bid": "0.16", "best_ask": "0.71"}, {"asset_id": "108640408865912714304980143618024557382069945018865372673974193384587151691217", "price": "0.84", "size": "150", "side": "SELL", "hash": "f39394188c831bec230f1da9dd88f64046175aca", "best_bid": "0.29", "best_ask": "0.84"}], "timestamp": "1769384640675", "event_type": "price_change"}}
{"_local_timestamp": "2026-01-25T23:44:00.796791+00:00", "data": {"market": "0x0f50bb6c3fba411f4d6c153abed8a750434b8f88f5e7e59a6c2fa7c68965c98d", "price_changes": [{"asset_id": "108640408865912714304980143618024557382069945018865372673974193384587151691217", "price": "0.3", "size": "150", "side": "BUY", "hash": "e1727b3ff67af4beae0ffa0d338b673033e94079", "best_bid": "0.3", "best_ask": "0.84"}, {"asset_id": "36680377078077148593910111584810781850541881273788879831231274564384521562016", "price": "0.7", "size": "150", "side": "SELL", "hash": "cb85822d49965c381d97974d85da3656688fb048", "best_bid": "0.16", "best_ask": "0.7"}], "timestamp": "1769384640676", "event_type": "price_change"}}
{"_local_timestamp": "2026-01-25T23:44:00.800734+00:00", "data": {"market": "0x4b4bc4a3d08f4bfbd039cd51e9e90c5d6d99ff8e8294c9c123cec127d72b45df", "price_changes": [{"asset_id": "13014513819564186659036727888915395306970063120569611859316633530800092862906", "price": "0.3", "size": "150", "side": "BUY", "hash": "9614f52dc56803abdf2c6889c0d3d4e26da087e8", "best_bid": "0.3", "best_ask": "0.61"}, {"asset_id": "78251160312981557515057155871280446885803851470938434971060724245845718670662", "price": "0.7", "size": "150", "side": "SELL", "hash": "189b4b4bd022b54fdebbd942234b314cc5e23ab0", "best_bid": "0.39", "best_ask": "0.7"}], "timestamp": "1769384640686", "event_type": "price_change"}}
{"_local_timestamp": "2026-01-25T23:44:00.801721+00:00", "data": {"market": "0xc23491e669c53326b7c1e5b89a2f840c7de2a46ed3e82d2800d97302b81538fb", "price_changes": [{"asset_id": "1591623342798714539854529028504405387642085816710949203609034511539452871496", "price": "0.26", "size": "150", "side": "BUY", "hash": "ddbb5bd1c1face72d51d6d9ebbf9956baf7318f9", "best_bid": "0.26", "best_ask": "0.81"}, {"asset_id": "112602011424851000103155656947679684438751382645862874734174162906146763262104", "price": "0.74", "size": "150", "side": "SELL", "hash": "73f014d8b5b326e5355867737f9508e92e954cc2", "best_bid": "0.19", "best_ask": "0.74"}], "timestamp": "1769384640686", "event_type": "price_change"}}
{"_local_timestamp": "2026-01-25T23:44:03.564838+00:00", "data": {"market": "0x0f50bb6c3fba411f4d6c153abed8a750434b8f88f5e7e59a6c2fa7c68965c98d", "price_changes": [{"asset_id": "36680377078077148593910111584810781850541881273788879831231274564384521562016", "price": "0.15", "size": "0", "side": "BUY", "hash": "962ad9e10a0bd4abe62a88cdb97094faaf951dd9", "best_bid": "0.16", "best_ask": "0.7"}, {"asset_id": "108640408865912714304980143618024557382069945018865372673974193384587151691217", "price": "0.85", "size": "0", "side": "SELL", "hash": "d9c1bb89853c5a408f8d5df0102de188443c36cb", "best_bid": "0.3", "best_ask": "0.84"}], "timestamp": "1769384643414", "event_type": "price_change"}}
{"_local_timestamp": "2026-01-25T23:44:03.566099+00:00", "data": {"market": "0x0f50bb6c3fba411f4d6c153abed8a750434b8f88f5e7e59a6c2fa7c68965c98d", "price_changes": [{"asset_id": "108640408865912714304980143618024557382069945018865372673974193384587151691217", "price": "0.15", "size": "5.45", "side": "BUY", "hash": "883d3eef40cf8016fd2d47e906cdce34a59eb70a", "best_bid": "0.3", "best_ask": "0.84"}, {"asset_id": "36680377078077148593910111584810781850541881273788879831231274564384521562016", "price": "0.85", "size": "5.45", "side": "SELL", "hash": "849109447d2f865d739437fce4d7a5370915648a", "best_bid": "0.16", "best_ask": "0.7"}], "timestamp": "1769384643415", "event_type": "price_change"}}
{"_local_timestamp": "2026-01-25T23:44:06.030024+00:00", "data": {"market": "0x0f50bb6c3fba411f4d6c153abed8a750434b8f88f5e7e59a6c2fa7c68965c98d", "price_changes": [{"asset_id": "36680377078077148593910111584810781850541881273788879831231274564384521562016", "price": "0.16", "size": "0", "side": "BUY", "hash": "8aed9881dfebc220dfdc32e00b436b955f9d0e3b", "best_bid": "0.13", "best_ask": "0.7"}, {"asset_id": "108640408865912714304980143618024557382069945018865372673974193384587151691217", "price": "0.84", "size": "0", "side": "SELL", "hash": "c44a5dd455641eaec4087d25cedc34defa0a45d6", "best_bid": "0.3", "best_ask": "0.87"}], "timestamp": "1769384645884", "event_type": "price_change"}}
{"_local_timestamp": "2026-01-25T23:44:06.421703+00:00", "data": {"market": "0x0f50bb6c3fba411f4d6c153abed8a750434b8f88f5e7e59a6c2fa7c68965c98d", "price_changes": [{"asset_id": "36680377078077148593910111584810781850541881273788879831231274564384521562016", "price": "0.14", "size": "150", "side": "BUY", "hash": "c02b52e204661f5f78e813aa486e966524e2297e", "best_bid": "0.14", "best_ask": "0.7"}, {"asset_id": "108640408865912714304980143618024557382069945018865372673974193384587151691217", "price": "0.86", "size": "150", "side": "SELL", "hash": "f62229bd1af232333b9892d4f0f8fe70107f6987", "best_bid": "0.3", "best_ask": "0.86"}], "timestamp": "1769384646294", "event_type": "price_change"}}
{"_local_timestamp": "2026-01-25T23:44:11.377694+00:00", "data": {"market": "0x0f50bb6c3fba411f4d6c153abed8a750434b8f88f5e7e59a6c2fa7c68965c98d", "price_changes": [{"asset_id": "36680377078077148593910111584810781850541881273788879831231274564384521562016", "price": "0.15", "size": "8.5", "side": "BUY", "hash": "738f3c5a8b24b6a4044eed2b4067b36ab1e0c7a5", "best_bid": "0.15", "best_ask": "0.7"}, {"asset_id": "108640408865912714304980143618024557382069945018865372673974193384587151691217", "price": "0.85", "size": "8.5", "side": "SELL", "hash": "acdd880c11f548852e4e850c5797d35863acfca0", "best_bid": "0.3", "best_ask": "0.85"}], "timestamp": "1769384651244", "event_type": "price_change"}}
{"_local_timestamp": "2026-01-25T23:44:11.378780+00:00", "data": {"market": "0x0f50bb6c3fba411f4d6c153abed8a750434b8f88f5e7e59a6c2fa7c68965c98d", "price_changes": [{"asset_id": "108640408865912714304980143618024557382069945018865372673974193384587151691217", "price": "0.15", "size": "13.95", "side": "BUY", "hash": "01bb190303587112c69225b0b41ecdca6fe48f4c", "best_bid": "0.3", "best_ask": "0.85"}, {"asset_id": "36680377078077148593910111584810781850541881273788879831231274564384521562016", "price": "0.85", "size": "13.95", "side": "SELL", "hash": "99e681a88fdbc6cbff6d2e5eb58692e55957452f", "best_bid": "0.15", "best_ask": "0.7"}], "timestamp": "1769384651245", "event_type": "price_change"}}
{"_local_timestamp": "2026-01-25T23:44:11.607833+00:00", "data": {"market": "0x0f50bb6c3fba411f4d6c153abed8a750434b8f88f5e7e59a6c2fa7c68965c98d", "price_changes": [{"asset_id": "36680377078077148593910111584810781850541881273788879831231274564384521562016", "price": "0.14", "size": "0", "side": "BUY", "hash": "4dc40809ca5d05953a3d0f3985e5c870a1a85e8d", "best_bid": "0.15", "best_ask": "0.7"}, {"asset_id": "108640408865912714304980143618024557382069945018865372673974193384587151691217", "price": "0.86", "size": "0", "side": "SELL", "hash": "1a6a3303d55942e9409fbe0d7bd985fd7d33b91f", "best_bid": "0.3", "best_ask": "0.85"}], "timestamp": "1769384651459", "event_type": "price_change"}}
{"_local_timestamp": "2026-01-25T23:44:11.814060+00:00", "data": {"market": "0x0f50bb6c3fba411f4d6c153abed8a750434b8f88f5e7e59a6c2fa7c68965c98d", "price_changes": [{"asset_id": "36680377078077148593910111584810781850541881273788879831231274564384521562016", "price": "0.16", "size": "150", "side": "BUY", "hash": "937796f697f50a927a92207a056be45225fb9a41", "best_bid": "0.16", "best_ask": "0.7"}, {"asset_id": "108640408865912714304980143618024557382069945018865372673974193384587151691217", "price": "0.84", "size": "150", "side": "SELL", "hash": "1ec11fc4f69c123c195fb13d9d6e0728daa95429", "best_bid": "0.3", "best_ask": "0.84"}], "timestamp": "1769384651671", "event_type": "price_change"}}
{"_local_timestamp": "2026-01-25T23:44:19.137233+00:00", "data": {"market": "0x0f50bb6c3fba411f4d6c153abed8a750434b8f88f5e7e59a6c2fa7c68965c98d", "price_changes": [{"asset_id": "108640408865912714304980143618024557382069945018865372673974193384587151691217", "price": "0.15", "size": "5.45", "side": "BUY", "hash": "b0ded095fdfc49e5b808aba5d718c9dd51143b94", "best_bid": "0.3", "best_ask": "0.84"}, {"asset_id": "36680377078077148593910111584810781850541881273788879831231274564384521562016", "price": "0.85", "size": "5.45", "side": "SELL", "hash": "3e07ea84355bbeab59a5800a6fa2fd4129f63f56", "best_bid": "0.16", "best_ask": "0.7"}], "timestamp": "1769384659037", "event_type": "price_change"}}
{"_local_timestamp": "2026-01-25T23:44:19.138342+00:00", "data": {"market": "0x0f50bb6c3fba411f4d6c153abed8a750434b8f88f5e7e59a6c2fa7c68965c98d", "price_changes": [{"asset_id": "36680377078077148593910111584810781850541881273788879831231274564384521562016", "price": "0.15", "size": "0", "side": "BUY", "hash": "199b2cb5af6cc348ec6efecf47280b692801c0d3", "best_bid": "0.16", "best_ask": "0.7"}, {"asset_id": "108640408865912714304980143618024557382069945018865372673974193384587151691217", "price": "0.85", "size": "0", "side": "SELL", "hash": "d953800d016b2c920f65a3f9a75c34e93ce04653", "best_bid": "0.3", "best_ask": "0.84"}], "timestamp": "1769384659038", "event_type": "price_change"}}
{"_local_timestamp": "2026-01-25T23:44:29.929244+00:00", "data": {"market": "0x0f50bb6c3fba411f4d6c153abed8a750434b8f88f5e7e59a6c2fa7c68965c98d", "price_changes": [{"asset_id": "36680377078077148593910111584810781850541881273788879831231274564384521562016", "price": "0.16", "size": "0", "side": "BUY", "hash": "b584240e522263edbda60095042038dec1f81d08", "best_bid": "0.13", "best_ask": "0.7"}, {"asset_id": "108640408865912714304980143618024557382069945018865372673974193384587151691217", "price": "0.84", "size": "0", "side": "SELL", "hash": "4c4c584144ac9aeb34f3334294935261ce3e2c54", "best_bid": "0.3", "best_ask": "0.87"}], "timestamp": "1769384669862", "event_type": "price_change"}}
{"_local_timestamp": "2026-01-25T23:44:30.362172+00:00", "data": {"market": "0x0f50bb6c3fba411f4d6c153abed8a750434b8f88f5e7e59a6c2fa7c68965c98d", "price_changes": [{"asset_id": "36680377078077148593910111584810781850541881273788879831231274564384521562016", "price": "0.14", "size": "150", "side": "BUY", "hash": "572fac0aaeef26272bab40c6afd0bd21cdbadad7", "best_bid": "0.14", "best_ask": "0.7"}, {"asset_id": "108640408865912714304980143618024557382069945018865372673974193384587151691217", "price": "0.86", "size": "150", "side": "SELL", "hash": "2b87ddfc738804015d011e3da6403bfdd10a76b9", "best_bid": "0.3", "best_ask": "0.86"}], "timestamp": "1769384670284", "event_type": "price_change"}}
{"_local_timestamp": "2026-01-25T23:44:39.165366+00:00", "data": {"market": "0x0f50bb6c3fba411f4d6c153abed8a750434b8f88f5e7e59a6c2fa7c68965c98d", "price_changes": [{"asset_id": "36680377078077148593910111584810781850541881273788879831231274564384521562016", "price": "0.15", "size": "8.5", "side": "BUY", "hash": "a13b6c6c34720c1efe9b63378761ddccd2b97c14", "best_bid": "0.15", "best_ask": "0.7"}, {"asset_id": "108640408865912714304980143618024557382069945018865372673974193384587151691217", "price": "0.85", "size": "8.5", "side": "SELL", "hash": "f7d567198d9ee05be21ac23bc72dfb0384ee8d1d", "best_bid": "0.3", "best_ask": "0.85"}], "timestamp": "1769384679098", "event_type": "price_change"}}
{"_local_timestamp": "2026-01-25T23:44:39.169680+00:00", "data": {"market": "0x0f50bb6c3fba411f4d6c153abed8a750434b8f88f5e7e59a6c2fa7c68965c98d", "price_changes": [{"asset_id": "108640408865912714304980143618024557382069945018865372673974193384587151691217", "price": "0.15", "size": "13.95", "side": "BUY", "hash": "d89bd986202fe602d95ae8d80ace846d715dbf8c", "best_bid": "0.3", "best_ask": "0.85"}, {"asset_id": "36680377078077148593910111584810781850541881273788879831231274564384521562016", "price": "0.85", "size": "13.95", "side": "SELL", "hash": "0f92754a1e34778040194414c45aff4f3ced96b5", "best_bid": "0.15", "best_ask": "0.7"}], "timestamp": "1769384679099", "event_type": "price_change"}}
{"_local_timestamp": "2026-01-25T23:44:40.827890+00:00", "data": {"market": "0x0f50bb6c3fba411f4d6c153abed8a750434b8f88f5e7e59a6c2fa7c68965c98d", "price_changes": [{"asset_id": "36680377078077148593910111584810781850541881273788879831231274564384521562016", "price": "0.14", "size": "0", "side": "BUY", "hash": "980c825619286f17702c0314952a6fe75ce02c1c", "best_bid": "0.15", "best_ask": "0.7"}, {"asset_id": "108640408865912714304980143618024557382069945018865372673974193384587151691217", "price": "0.86", "size": "0", "side": "SELL", "hash": "d3cfea9c28562041489539d6960d0c58deb4bbd1", "best_bid": "0.3", "best_ask": "0.85"}], "timestamp": "1769384680760", "event_type": "price_change"}}
{"_local_timestamp": "2026-01-25T23:44:41.193883+00:00", "data": {"market": "0x0f50bb6c3fba411f4d6c153abed8a750434b8f88f5e7e59a6c2fa7c68965c98d", "price_changes": [{"asset_id": "36680377078077148593910111584810781850541881273788879831231274564384521562016", "price": "0.16", "size": "150", "side": "BUY", "hash": "9a1fcf658cd3cc7d3fa2ea8b8102a60dd239d073", "best_bid": "0.16", "best_ask": "0.7"}, {"asset_id": "108640408865912714304980143618024557382069945018865372673974193384587151691217", "price": "0.84", "size": "150", "side": "SELL", "hash": "31cd7458d778dd6f364f2443fc1bf608ba72a231", "best_bid": "0.3", "best_ask": "0.84"}], "timestamp": "1769384681115", "event_type": "price_change"}}
{"_local_timestamp": "2026-01-25T23:44:47.419492+00:00", "data": {"market": "0x0f50bb6c3fba411f4d6c153abed8a750434b8f88f5e7e59a6c2fa7c68965c98d", "price_changes": [{"asset_id": "36680377078077148593910111584810781850541881273788879831231274564384521562016", "price": "0.15", "size": "0", "side": "BUY", "hash": "f879a7bd0cfe429f0cf45407929e7b335ecbc896", "best_bid": "0.16", "best_ask": "0.7"}, {"asset_id": "108640408865912714304980143618024557382069945018865372673974193384587151691217", "price": "0.85", "size": "0", "side": "SELL", "hash": "b5ca48013ae1e77bb2336b5b517cfce3190306a2", "best_bid": "0.3", "best_ask": "0.84"}], "timestamp": "1769384687342", "event_type": "price_change"}}
{"_local_timestamp": "2026-01-25T23:44:47.422462+00:00", "data": {"market": "0x0f50bb6c3fba411f4d6c153abed8a750434b8f88f5e7e59a6c2fa7c68965c98d", "price_changes": [{"asset_id": "108640408865912714304980143618024557382069945018865372673974193384587151691217", "price": "0.15", "size": "5.45", "side": "BUY", "hash": "e730f50697316cbb81a727f529079f4cd20b6929", "best_bid": "0.3", "best_ask": "0.84"}, {"asset_id": "36680377078077148593910111584810781850541881273788879831231274564384521562016", "price": "0.85", "size": "5.45", "side": "SELL", "hash": "dbaf0bbcd2ce2e9848590651184525948b9f586e", "best_bid": "0.16", "best_ask": "0.7"}], "timestamp": "1769384687342", "event_type": "price_change"}}
{"_local_timestamp": "2026-01-25T23:44:51.680887+00:00", "data": {"market": "0x0f50bb6c3fba411f4d6c153abed8a750434b8f88f5e7e59a6c2fa7c68965c98d", "price_changes": [{"asset_id": "36680377078077148593910111584810781850541881273788879831231274564384521562016", "price": "0.16", "size": "0", "side": "BUY", "hash": "395a9b47c1adb1a7cbef12ce3d8353fac58335c4", "best_bid": "0.13", "best_ask": "0.7"}, {"asset_id": "108640408865912714304980143618024557382069945018865372673974193384587151691217", "price": "0.84", "size": "0", "side": "SELL", "hash": "806f580b4208a1949f128a1df3f2478fcf8b1570", "best_bid": "0.3", "best_ask": "0.87"}], "timestamp": "1769384691598", "event_type": "price_change"}}
{"_local_timestamp": "2026-01-25T23:44:52.035652+00:00", "data": {"market": "0x0f50bb6c3fba411f4d6c153abed8a750434b8f88f5e7e59a6c2fa7c68965c98d", "price_changes": [{"asset_id": "36680377078077148593910111584810781850541881273788879831231274564384521562016", "price": "0.14", "size": "150", "side": "BUY", "hash": "b687e038cc4ebaaa2be16e7cd8530b7b06e02a0b", "best_bid": "0.14", "best_ask": "0.7"}, {"asset_id": "108640408865912714304980143618024557382069945018865372673974193384587151691217", "price": "0.86", "size": "150", "side": "SELL", "hash": "91cd4cb0caf3d6a4498679b4558558ba89e3d8eb", "best_bid": "0.3", "best_ask": "0.86"}], "timestamp": "1769384691968", "event_type": "price_change"}}
{"_local_timestamp": "2026-01-25T23:44:57.252520+00:00", "data": {"market": "0x0f50bb6c3fba411f4d6c153abed8a750434b8f88f5e7e59a6c2fa7c68965c98d", "price_changes": [{"asset_id": "108640408865912714304980143618024557382069945018865372673974193384587151691217", "price": "0.15", "size": "13.95", "side": "BUY", "hash": "c5e8e16a75e1e4a46f266a91fcbd83f28d978516", "best_bid": "0.3", "best_ask": "0.86"}, {"asset_id": "36680377078077148593910111584810781850541881273788879831231274564384521562016", "price": "0.85", "size": "13.95", "side": "SELL", "hash": "578f3b69307371a2e2132baa297ab6fd133af90a", "best_bid": "0.14", "best_ask": "0.7"}], "timestamp": "1769384697185", "event_type": "price_change"}}
{"_local_timestamp": "2026-01-25T23:44:57.253657+00:00", "data": {"market": "0x0f50bb6c3fba411f4d6c153abed8a750434b8f88f5e7e59a6c2fa7c68965c98d", "price_changes": [{"asset_id": "36680377078077148593910111584810781850541881273788879831231274564384521562016", "price": "0.15", "size": "8.5", "side": "BUY", "hash": "d11ffe28a1d8288c73390b364da17ece4885c408", "best_bid": "0.15", "best_ask": "0.7"}, {"asset_id": "108640408865912714304980143618024557382069945018865372673974193384587151691217", "price": "0.85", "size": "8.5", "side": "SELL", "hash": "eb6dee857c6afd924af4a2fa3bb9b5bc9733e57b", "best_bid": "0.3", "best_ask": "0.85"}], "timestamp": "1769384697185", "event_type": "price_change"}}
{"_local_timestamp": "2026-01-25T23:45:02.673318+00:00", "data": {"market": "0x0f50bb6c3fba411f4d6c153abed8a750434b8f88f5e7e59a6c2fa7c68965c98d", "price_changes": [{"asset_id": "36680377078077148593910111584810781850541881273788879831231274564384521562016", "price": "0.14", "size": "0", "side": "BUY", "hash": "ac6cd658b5be15497776904821cc841e0a5976bb", "best_bid": "0.15", "best_ask": "0.7"}, {"asset_id": "108640408865912714304980143618024557382069945018865372673974193384587151691217", "price": "0.86", "size": "0", "side": "SELL", "hash": "d6b26a76b5918a6c399f4ef7cfa63d83b60a6740", "best_bid": "0.3", "best_ask": "0.85"}], "timestamp": "1769384702597", "event_type": "price_change"}}
{"_local_timestamp": "2026-01-25T23:45:02.960704+00:00", "data": {"market": "0x0f50bb6c3fba411f4d6c153abed8a750434b8f88f5e7e59a6c2fa7c68965c98d", "price_changes": [{"asset_id": "36680377078077148593910111584810781850541881273788879831231274564384521562016", "price": "0.16", "size": "150", "side": "BUY", "hash": "c24b8e1cfd215bca847c2c03e104f3ded21b29cd", "best_bid": "0.16", "best_ask": "0.7"}, {"asset_id": "108640408865912714304980143618024557382069945018865372673974193384587151691217", "price": "0.84", "size": "150", "side": "SELL", "hash": "51a343b28f768d9f5613c07b4467b3f7501567eb", "best_bid": "0.3", "best_ask": "0.84"}], "timestamp": "1769384702891", "event_type": "price_change"}}
{"_local_timestamp": "2026-01-25T23:45:08.942995+00:00", "data": {"market": "0x0f50bb6c3fba411f4d6c153abed8a750434b8f88f5e7e59a6c2fa7c68965c98d", "price_changes": [{"asset_id": "36680377078077148593910111584810781850541881273788879831231274564384521562016", "price": "0.15", "size": "0", "side": "BUY", "hash": "a90708ba2566088dbee177b9645ef99dbee4e745", "best_bid": "0.16", "best_ask": "0.7"}, {"asset_id": "108640408865912714304980143618024557382069945018865372673974193384587151691217", "price": "0.85", "size": "0", "side": "SELL", "hash": "f857d2f71c523537f0a233c1c83f93f60a42073a", "best_bid": "0.3", "best_ask": "0.84"}], "timestamp": "1769384708879", "event_type": "price_change"}}
{"_local_timestamp": "2026-01-25T23:45:08.944192+00:00", "data": {"market": "0x0f50bb6c3fba411f4d6c153abed8a750434b8f88f5e7e59a6c2fa7c68965c98d", "price_changes": [{"asset_id": "108640408865912714304980143618024557382069945018865372673974193384587151691217", "price": "0.15", "size": "5.45", "side": "BUY", "hash": "e2be8917e4d9e82d5063616dd1f59ef1ee65ecff", "best_bid": "0.3", "best_ask": "0.84"}, {"asset_id": "36680377078077148593910111584810781850541881273788879831231274564384521562016", "price": "0.85", "size": "5.45", "side": "SELL", "hash": "50beca4dd2b5dab1fbd21ee934ba08dcd2da1217", "best_bid": "0.16", "best_ask": "0.7"}], "timestamp": "1769384708879", "event_type": "price_change"}}
{"_local_timestamp": "2026-01-25T23:45:14.027919+00:00", "data": {"market": "0x0f50bb6c3fba411f4d6c153abed8a750434b8f88f5e7e59a6c2fa7c68965c98d", "price_changes": [{"asset_id": "36680377078077148593910111584810781850541881273788879831231274564384521562016", "price": "0.16", "size": "0", "side": "BUY", "hash": "88736a73a368f2d001238d88c1e6a60f828982b7", "best_bid": "0.13", "best_ask": "0.7"}, {"asset_id": "108640408865912714304980143618024557382069945018865372673974193384587151691217", "price": "0.84", "size": "0", "side": "SELL", "hash": "ac3e4296f787ba8fda6cf6acde6dc344391041ac", "best_bid": "0.3", "best_ask": "0.87"}], "timestamp": "1769384713957", "event_type": "price_change"}}
{"_local_timestamp": "2026-01-25T23:45:14.325074+00:00", "data": {"market": "0x0f50bb6c3fba411f4d6c153abed8a750434b8f88f5e7e59a6c2fa7c68965c98d", "price_changes": [{"asset_id": "36680377078077148593910111584810781850541881273788879831231274564384521562016", "price": "0.14", "size": "150", "side": "BUY", "hash": "bb71a08550e56250252d9023d60fba859a84b752", "best_bid": "0.14", "best_ask": "0.7"}, {"asset_id": "108640408865912714304980143618024557382069945018865372673974193384587151691217", "price": "0.86", "size": "150", "side": "SELL", "hash": "56edfbf07fb7263ea097ea1242e1fdd3d7a690db", "best_bid": "0.3", "best_ask": "0.86"}], "timestamp": "1769384714257", "event_type": "price_change"}}
{"_local_timestamp": "2026-01-25T23:45:19.073786+00:00", "data": {"market": "0x0f50bb6c3fba411f4d6c153abed8a750434b8f88f5e7e59a6c2fa7c68965c98d", "price_changes": [{"asset_id": "36680377078077148593910111584810781850541881273788879831231274564384521562016", "price": "0.15", "size": "8.5", "side": "BUY", "hash": "05696390661cdd7130fb29db0e442916cb08b812", "best_bid": "0.15", "best_ask": "0.7"}, {"asset_id": "108640408865912714304980143618024557382069945018865372673974193384587151691217", "price": "0.85", "size": "8.5", "side": "SELL", "hash": "ff86a877d7b2a1b7675511859600dd4e16b1e3d5", "best_bid": "0.3", "best_ask": "0.85"}], "timestamp": "1769384718998", "event_type": "price_change"}}
