{"_local_timestamp": "2026-01-25T23:40:53.407835+00:00", "data": [{"market": "0xfb9209dfaa7d37d1467c798b93a71c7f094d0c9483ce891cc8932e9bbafbb8ab", "asset_id": "52746868720512831930937381090439675672168331234410876842855597733534043852645", "timestamp": "1769384451751", "hash": "e3a25d6e77a3657cf2e5ed4776a4b13ec0891bc0", "bids": [{"price": "0.01", "size": "1030.25"}, {"price": "0.02", "size": "983.2"}, {"price": "0.03", "size": "10.35"}, {"price": "0.05", "size": "30"}, {"price": "0.06", "size": "340.16"}, {"price": "0.07", "size": "385.71"}, {"price": "0.08", "size": "500"}, {"price": "0.09", "size": "10.48"}, {"price": "0.14", "size": "79"}, {"price": "0.15", "size": "160"}], "asks": [{"price": "0.99", "size": "1029.81"}, {"price": "0.98", "size": "25"}, {"price": "0.97", "size": "5.62"}, {"price": "0.94", "size": "33"}, {"price": "0.93", "size": "11.17"}, {"price": "0.92", "size": "300"}, {"price": "0.91", "size": "200"}, {"price": "0.9", "size": "125"}, {"price": "0.89", "size": "193.18"}, {"price": "0.87", "size": "84.61"}, {"price": "0.86", "size": "42"}, {"price": "0.81", "size": "5"}, {"price": "0.8", "size": "160"}], "event_type": "book", "last_trade_price": ""}, {"market": "0x083965633a28f77bef3fb4841308edf42a3b270f057efce283dfac723ed0220d", "asset_id": "27766534490960516868436656671241680217023787344656933379394778043102476758840", "timestamp": "1769383994334", "hash": "d6656b400c7be93e2290121993f2d8206234d390", "bids": [{"price": "0.01", "size": "921.92"}, {"price": "0.02", "size": "705.75"}, {"price": "0.03", "size": "14.02"}, {"price": "0.05", "size": "30"}, {"price": "0.06", "size": "33"}, {"price": "0.07", "size": "6.64"}, {"price": "0.11", "size": "300"}, {"price": "0.12", "size": "308.33"}, {"price": "0.13", "size": "125"}, {"price": "0.14", "size": "253.57"}, {"price": "0.15", "size": "5.86"}, {"price": "0.17", "size": "79"}, {"price": "0.29", "size": "10"}, {"price": "0.3", "size": "150"}], "asks": [{"price": "0.99", "size": "127.03"}, {"price": "0.98", "size": "25"}, {"price": "0.97", "size": "18.21"}, {"price": "0.94", "size": "342.05"}, {"price": "0.93", "size": "205.47"}, {"price": "0.92", "size": "362.5"}, {"price": "0.91", "size": "61.11"}, {"price": "0.9", "size": "71"}, {"price": "0.84", "size": "10"}, {"price": "0.83", "size": "150"}], "event_type": "book", "last_trade_price": ""}, {"market": "0x70bb2ab335041982158b5fb7b5c7b7c4521cc4527923aa349700088978a2ec42", "asset_id": "85893221605469543513733568621290952168691819483530503735746037535132134978277", "timestamp": "1769384250755", "hash": "7d70ae1244f22eaa2fd6266c76c3b17480be51cf", "bids": [{"price": "0.01", "size": "927.57"}, {"price": "0.02", "size": "700"}, {"price": "0.03", "size": "9.91"}, {"price": "0.05", "size": "530"}, {"price": "0.06", "size": "33"}, {"price": "0.07", "size": "8.18"}, {"price": "0.13", "size": "100"}, {"price": "0.15", "size": "473.33"}, {"price": "0.16", "size": "200"}, {"price": "0.17", "size": "5.61"}, {"price": "0.18", "size": "125"}, {"price": "0.19", "size": "75"}, {"price": "0.2", "size": "37"}, {"price": "0.41", "size": "10"}, {"price": "0.5", "size": "10"}, {"price": "0.51", "size": "140"}], "asks": [{"price": "0.99", "size": "534.32"}, {"price": "0.98", "size": "25"}, {"price": "0.97", "size": "315.77"}, {"price": "0.96", "size": "400"}, {"price": "0.94", "size": "42.05"}, {"price": "0.93", "size": "38.47"}, {"price": "0.92", "size": "160"}], "event_type": "book", "last_trade_price": "0.420"}, {"market": "0xfb9209dfaa7d37d1467c798b93a71c7f094d0c9483ce891cc8932e9bbafbb8ab", "asset_id": "19386621984632854446011216575580930413447340842901102477660390401472966195758", "timestamp": "1769384451751", "hash": "3310468e74627eca9a7c9bd1ec857f08f714b059", "bids": [{"price": "0.01", "size": "1029.81"}, {"price": "0.02", "size": "25"}, {"price": "0.03", "size": "5.62"}, {"price": "0.06", "size": "33"}, {"price": "0.07", "size": "11.17"}, {"price": "0.08", "size": "300"}, {"price": "0.09", "size": "200"}, {"price": "0.1", "size": "125"}, {"price": "0.11", "size": "193.18"}, {"price": "0.13", "size": "84.61"}, {"price": "0.14", "size": "42"}, {"price": "0.19", "size": "5"}, {"price": "0.2", "size": "160"}], "asks": [{"price": "0.99", "size": "1030.25"}, {"price": "0.98", "size": "983.2"}, {"price": "0.97", "size": "10.35"}, {"price": "0.95", "size": "30"}, {"price": "0.94", "size": "340.16"}, {"price": "0.93", "size": "385.71"}, {"price": "0.92", "size": "500"}, {"price": "0.91", "size": "10.48"}, {"price": "0.86", "size": "79"}, {"price": "0.85", "size": "160"}], "event_type": "book", "last_trade_price": ""}, {"market": "0x083965633a28f77bef3fb4841308edf42a3b270f057efce283dfac723ed0220d", "asset_id": "66648580297644950150479655313684696936000920046753260170476775676476293548269", "timestamp": "1769383994334", "hash": "c5d07cc48f23b35bb8c75eee3f3ef12f25642991", "bids": [{"price": "0.01", "size": "127.03"}, {"price": "0.02", "size": "25"}, {"price": "0.03", "size": "18.21"}, {"price": "0.06", "size": "342.05"}, {"price": "0.07", "size": "205.47"}, {"price": "0.08", "size": "362.5"}, {"price": "0.09", "size": "61.11"}, {"price": "0.1", "size": "71"}, {"price": "0.16", "size": "10"}, {"price": "0.17", "size": "150"}], "asks": [{"price": "0.99", "size": "921.92"}, {"price": "0.98", "size": "705.75"}, {"price": "0.97", "size": "14.02"}, {"price": "0.95", "size": "30"}, {"price": "0.94", "size": "33"}, {"price": "0.93", "size": "6.64"}, {"price": "0.89", "size": "300"}, {"price": "0.88", "size": "308.33"}, {"price": "0.87", "size": "125"}, {"price": "0.86", "size": "253.57"}, {"price": "0.85", "size": "5.86"}, {"price": "0.83", "size": "79"}, {"price": "0.71", "size": "10"}, {"price": "0.7", "size": "150"}], "event_type": "book", "last_trade_price": ""}, {"market": "0x70bb2ab335041982158b5fb7b5c7b7c4521cc4527923aa349700088978a2ec42", "asset_id": "82542585043265272417330223754671585759173160199479826534815480485591482493957", "timestamp": "1769384250755", "hash": "1256e76688ea58161fffa18c6a601145892df711", "bids": [{"price": "0.01", "size": "534.32"}, {"price": "0.02", "size": "25"}, {"price": "0.03", "size": "315.77"}, {"price": "0.04", "size": "400"}, {"price": "0.06", "size": "42.05"}, {"price": "0.07", "size": "38.47"}, {"price": "0.08", "size": "160"}], "asks": [{"price": "0.99", "size": "927.57"}, {"price": "0.98", "size": "700"}, {"price": "0.97", "size": "9.91"}, {"price": "0.95", "size": "530"}, {"price": "0.94", "size": "33"}, {"price": "0.93", "size": "8.18"}, {"price": "0.87", "size": "100"}, {"price": "0.85", "size": "473.33"}, {"price": "0.84", "size": "200"}, {"price": "0.83", "size": "5.61"}, {"price": "0.82", "size": "125"}, {"price": "0.81", "size": "75"}, {"price": "0.8", "size": "37"}, {"price": "0.59", "size": "10"}, {"price": "0.5", "size": "10"}, {"price": "0.49", "size": "140"}], "event_type": "book", "last_trade_price": "0.420"}]}
{"_local_timestamp": "2026-01-25T23:40:53.941820+00:00", "data": {"market": "0xfb9209dfaa7d37d1467c798b93a71c7f094d0c9483ce891cc8932e9bbafbb8ab", "price_changes": [{"asset_id": "19386621984632854446011216575580930413447340842901102477660390401472966195758", "price": "0.2", "size": "10", "side": "BUY", "hash": "a7b14701a8979491ff21aeaecdb6ceb113f98831", "best_bid": "0.2", "best_ask": "0.85"}, {"asset_id": "52746868720512831930937381090439675672168331234410876842855597733534043852645", "price": "0.8", "size": "10", "side": "SELL", "hash": "3bf73d360c790b0cf0fdbae6b0afa6ba35460de1", "best_bid": "0.15", "best_ask": "0.8"}], "timestamp": "1769384453876", "event_type": "price_change"}}
{"_local_timestamp": "2026-01-25T23:40:53.954638+00:00", "data": {"market": "0xfb9209dfaa7d37d1467c798b93a71c7f094d0c9483ce891cc8932e9bbafbb8ab", "price_changes": [{"asset_id": "52746868720512831930937381090439675672168331234410876842855597733534043852645", "price": "0.15", "size": "10", "side": "BUY", "hash": "310deb8d1fb5112b499c7f99acfdf5df702b782e", "best_bid": "0.15", "best_ask": "0.8"}, {"asset_id": "19386621984632854446011216575580930413447340842901102477660390401472966195758", "price": "0.85", "size": "10", "side": "SELL", "hash": "712d42a46f41cc71d199467d34ec88d580537f38", "best_bid": "0.2", "best_ask": "0.85"}], "timestamp": "1769384453877", "event_type": "price_change"}}
{"_local_timestamp": "2026-01-25T23:40:54.250701+00:00", "data": {"market": "0xfb9209dfaa7d37d1467c798b93a71c7f094d0c9483ce891cc8932e9bbafbb8ab", "price_changes": [{"asset_id": "19386621984632854446011216575580930413447340842901102477660390401472966195758", "price": "0.21", "size": "150", "side": "BUY", "hash": "93eefa70b2def92e65f8a816a43528a974e64f59", "best_bid": "0.21", "best_ask": "0.85"}, {"asset_id": "52746868720512831930937381090439675672168331234410876842855597733534043852645", "price": "0.79", "size": "150", "side": "SELL", "hash": "527d975ba0c9f3a4399d0510ba2a2528949e4ca3", "best_bid": "0.15", "best_ask": "0.79"}], "timestamp": "1769384454180", "event_type": "price_change"}}
{"_local_timestamp": "2026-01-25T23:40:54.258953+00:00", "data": {"market": "0xfb9209dfaa7d37d1467c798b93a71c7f094d0c9483ce891cc8932e9bbafbb8ab", "price_changes": [{"asset_id": "52746868720512831930937381090439675672168331234410876842855597733534043852645", "price": "0.16", "size": "150", "side": "BUY", "hash": "222ba1a07a47c46ba330fa291926c91c0bfb2557", "best_bid": "0.16", "best_ask": "0.79"}, {"asset_id": "19386621984632854446011216575580930413447340842901102477660390401472966195758", "price": "0.84", "size": "150", "side": "SELL", "hash": "fda6ed9c6ace1f2234c5a2fb28a88456806d54aa", "best_bid": "0.21", "best_ask": "0.84"}], "timestamp": "1769384454181", "event_type": "price_change"}}
{"_local_timestamp": "2026-01-25T23:40:54.403252+00:00", "data": {"market": "0xfb9209dfaa7d37d1467c798b93a71c7f094d0c9483ce891cc8932e9bbafbb8ab", "price_changes": [{"asset_id": "52746868720512831930937381090439675672168331234410876842855597733534043852645", "price": "0.15", "size": "5", "side": "BUY", "hash": "f56944c63ab8e9d77c87c21daaa7327201d778e6", "best_bid": "0.16", "best_ask": "0.79"}, {"asset_id": "19386621984632854446011216575580930413447340842901102477660390401472966195758", "price": "0.85", "size": "5", "side": "SELL", "hash": "a10d0053d9fb658542ae792768928bf4d820181f", "best_bid": "0.21", "best_ask": "0.84"}], "timestamp": "1769384454335", "event_type": "price_change"}}
{"_local_timestamp": "2026-01-25T23:40:54.409468+00:00", "data": {"market": "0xfb9209dfaa7d37d1467c798b93a71c7f094d0c9483ce891cc8932e9bbafbb8ab", "price_changes": [{"asset_id": "19386621984632854446011216575580930413447340842901102477660390401472966195758", "price": "0.2", "size": "5", "side": "BUY", "hash": "8cb80cbca75b6f9c75fdffba6719449b582169c0", "best_bid": "0.21", "best_ask": "0.84"}, {"asset_id": "52746868720512831930937381090439675672168331234410876842855597733534043852645", "price": "0.8", "size": "5", "side": "SELL", "hash": "4972ff2945146dd0064c56f0966991fbf049afff", "best_bid": "0.16", "best_ask": "0.79"}], "timestamp": "1769384454339", "event_type": "price_change"}}
{"_local_timestamp": "2026-01-25T23:40:55.445409+00:00", "data": {"market": "0xfb9209dfaa7d37d1467c798b93a71c7f094d0c9483ce891cc8932e9bbafbb8ab", "price_changes": [{"asset_id": "19386621984632854446011216575580930413447340842901102477660390401472966195758", "price": "0.15", "size": "8.5", "side": "BUY", "hash": "fe257a23c235bb527b6f7ba75af389d544dab128", "best_bid": "0.21", "best_ask": "0.84"}, {"asset_id": "52746868720512831930937381090439675672168331234410876842855597733534043852645", "price": "0.85", "size": "8.5", "side": "SELL", "hash": "d5bba4f31c13e9add406ba6ad248f35a5d8362ee", "best_bid": "0.16", "best_ask": "0.79"}], "timestamp": "1769384455363", "event_type": "price_change"}}
{"_local_timestamp": "2026-01-25T23:40:55.448787+00:00", "data": {"market": "0xfb9209dfaa7d37d1467c798b93a71c7f094d0c9483ce891cc8932e9bbafbb8ab", "price_changes": [{"asset_id": "52746868720512831930937381090439675672168331234410876842855597733534043852645", "price": "0.16", "size": "158.5", "side": "BUY", "hash": "bc8d2237a3fd4692c01bceee4be147f6eaf09aa7", "best_bid": "0.16", "best_ask": "0.79"}, {"asset_id": "19386621984632854446011216575580930413447340842901102477660390401472966195758", "price": "0.84", "size": "158.5", "side": "SELL", "hash": "19c3176185fa76dbaabad8ff39baeea8eccc9a00", "best_bid": "0.21", "best_ask": "0.84"}], "timestamp": "1769384455364", "event_type": "price_change"}}
{"_local_timestamp": "2026-01-25T23:40:55.598394+00:00", "data": {"market": "0xfb9209dfaa7d37d1467c798b93a71c7f094d0c9483ce891cc8932e9bbafbb8ab", "price_changes": [{"asset_id": "52746868720512831930937381090439675672168331234410876842855597733534043852645", "price": "0.15", "size": "0", "side": "BUY", "hash": "f0bd355680c0a46698193b3697ce7711b119b11b", "best_bid": "0.16", "best_ask": "0.79"}, {"asset_id": "19386621984632854446011216575580930413447340842901102477660390401472966195758", "price": "0.85", "size": "0", "side": "SELL", "hash": "1d5a0e6ed0ca6ec8b4d6434876847376f1756406", "best_bid": "0.21", "best_ask": "0.84"}], "timestamp": "1769384455505", "event_type": "price_change"}}
{"_local_timestamp": "2026-01-25T23:40:55.602520+00:00", "data": {"market": "0xfb9209dfaa7d37d1467c798b93a71c7f094d0c9483ce891cc8932e9bbafbb8ab", "price_changes": [{"asset_id": "19386621984632854446011216575580930413447340842901102477660390401472966195758", "price": "0.2", "size": "0", "side": "BUY", "hash": "d2ad0146bf108ec36e7c8f03743c33f2b40365b7", "best_bid": "0.21", "best_ask": "0.84"}, {"asset_id": "52746868720512831930937381090439675672168331234410876842855597733534043852645", "price": "0.8", "size": "0", "side": "SELL", "hash": "03ca180a82aa95df480b83cba81a4af04a24e3cb", "best_bid": "0.16", "best_ask": "0.79"}], "timestamp": "1769384455507", "event_type": "price_change"}}
{"_local_timestamp": "2026-01-25T23:40:57.163953+00:00", "data": {"market": "0xfb9209dfaa7d37d1467c798b93a71c7f094d0c9483ce891cc8932e9bbafbb8ab", "price_changes": [{"asset_id": "52746868720512831930937381090439675672168331234410876842855597733534043852645", "price": "0.16", "size": "163.5", "side": "BUY", "hash": "6f24a9f43c83cc145cb6351ed0c4eac9beba6be7", "best_bid": "0.16", "best_ask": "0.79"}, {"asset_id": "19386621984632854446011216575580930413447340842901102477660390401472966195758", "price": "0.84", "size": "163.5", "side": "SELL", "hash": "2e965ab27903849a08dcebe57ccc43a42cec1824", "best_bid": "0.21", "best_ask": "0.84"}], "timestamp": "1769384457081", "event_type": "price_change"}}
{"_local_timestamp": "2026-01-25T23:40:59.037313+00:00", "data": {"market": "0xfb9209dfaa7d37d1467c798b93a71c7f094d0c9483ce891cc8932e9bbafbb8ab", "price_changes": [{"asset_id": "52746868720512831930937381090439675672168331234410876842855597733534043852645", "price": "0.16", "size": "168.5", "side": "BUY", "hash": "2f4b04573b6dae7af74fa0d504eb0adce558f536", "best_bid": "0.16", "best_ask": "0.79"}, {"asset_id": "19386621984632854446011216575580930413447340842901102477660390401472966195758", "price": "0.84", "size": "168.5", "side": "SELL", "hash": "8080651802aea879ce715fbe5838fad9a3cdf388", "best_bid": "0.21", "best_ask": "0.84"}], "timestamp": "1769384458262", "event_type": "price_change"}}
{"_local_timestamp": "2026-01-25T23:40:59.039382+00:00", "data": {"market": "0xfb9209dfaa7d37d1467c798b93a71c7f094d0c9483ce891cc8932e9bbafbb8ab", "price_changes": [{"asset_id": "19386621984632854446011216575580930413447340842901102477660390401472966195758", "price": "0.15", "size": "0", "side": "BUY", "hash": "58da5fec1fe811707f02b578ead4739aaffe41f5", "best_bid": "0.21", "best_ask": "0.84"}, {"asset_id": "52746868720512831930937381090439675672168331234410876842855597733534043852645", "price": "0.85", "size": "0", "side": "SELL", "hash": "6871b25c07829a06a5f9baeb05bc2305a4926610", "best_bid": "0.16", "best_ask": "0.79"}], "timestamp": "1769384458533", "event_type": "price_change"}}
{"_local_timestamp": "2026-01-25T23:40:59.041370+00:00", "data": {"market": "0xfb9209dfaa7d37d1467c798b93a71c7f094d0c9483ce891cc8932e9bbafbb8ab", "price_changes": [{"asset_id": "19386621984632854446011216575580930413447340842901102477660390401472966195758", "price": "0.22", "size": "8.5", "side": "BUY", "hash": "759aada2451d664834678ebf456d0cb6a1282ccd", "best_bid": "0.22", "best_ask": "0.84"}, {"asset_id": "52746868720512831930937381090439675672168331234410876842855597733534043852645", "price": "0.78", "size": "8.5", "side": "SELL", "hash": "aa70e951a1ab43a4d4cc46a769ccff6f13a87d38", "best_bid": "0.16", "best_ask": "0.78"}], "timestamp": "1769384458593", "event_type": "price_change"}}
{"_local_timestamp": "2026-01-25T23:40:59.401442+00:00", "data": {"market": "0xfb9209dfaa7d37d1467c798b93a71c7f094d0c9483ce891cc8932e9bbafbb8ab", "price_changes": [{"asset_id": "19386621984632854446011216575580930413447340842901102477660390401472966195758", "price": "0.21", "size": "0", "side": "BUY", "hash": "f69988b9655a08f9caaec9dd0c181c5f17707566", "best_bid": "0.22", "best_ask": "0.84"}, {"asset_id": "52746868720512831930937381090439675672168331234410876842855597733534043852645", "price": "0.79", "size": "0", "side": "SELL", "hash": "f20d35ef42a25dc56d90b451b11183139bee652e", "best_bid": "0.16", "best_ask": "0.78"}], "timestamp": "1769384459328", "event_type": "price_change"}}
{"_local_timestamp": "2026-01-25T23:40:59.406148+00:00", "data": {"market": "0xfb9209dfaa7d37d1467c798b93a71c7f094d0c9483ce891cc8932e9bbafbb8ab", "price_changes": [{"asset_id": "52746868720512831930937381090439675672168331234410876842855597733534043852645", "price": "0.16", "size": "18.5", "side": "BUY", "hash": "83630cbed9bee5217e21c1efa29cae5544864758", "best_bid": "0.16", "best_ask": "0.78"}, {"asset_id": "19386621984632854446011216575580930413447340842901102477660390401472966195758", "price": "0.84", "size": "18.5", "side": "SELL", "hash": "efad5849fe693bd7f0ddcf9b21539fa69818069c", "best_bid": "0.22", "best_ask": "0.84"}], "timestamp": "1769384459329", "event_type": "price_change"}}
{"_local_timestamp": "2026-01-25T23:40:59.649325+00:00", "data": {"market": "0xfb9209dfaa7d37d1467c798b93a71c7f094d0c9483ce891cc8932e9bbafbb8ab", "price_changes": [{"asset_id": "19386621984632854446011216575580930413447340842901102477660390401472966195758", "price": "0.23", "size": "150", "side": "BUY", "hash": "9a684ea835d15cb5a855ff41bb25152867491302", "best_bid": "0.23", "best_ask": "0.84"}, {"asset_id": "52746868720512831930937381090439675672168331234410876842855597733534043852645", "price": "0.77", "size": "150", "side": "SELL", "hash": "cadc88b7162042911fc543557b33464175a7a73f", "best_bid": "0.16", "best_ask": "0.77"}], "timestamp": "1769384459575", "event_type": "price_change"}}
{"_local_timestamp": "2026-01-25T23:40:59.651401+00:00", "data": {"market": "0xfb9209dfaa7d37d1467c798b93a71c7f094d0c9483ce891cc8932e9bbafbb8ab", "price_changes": [{"asset_id": "52746868720512831930937381090439675672168331234410876842855597733534043852645", "price": "0.17", "size": "150", "side": "BUY", "hash": "ae85993f1d1ddf08cc8d5b977b2b8bfc53b8ee9b", "best_bid": "0.17", "best_ask": "0.77"}, {"asset_id": "19386621984632854446011216575580930413447340842901102477660390401472966195758", "price": "0.83", "size": "150", "side": "SELL", "hash": "f1b6aa025329860a2511e9547a06d4f61919d84f", "best_bid": "0.23", "best_ask": "0.83"}], "timestamp": "1769384459576", "event_type": "price_change"}}
{"_local_timestamp": "2026-01-25T23:40:59.762618+00:00", "data": {"market": "0xfb9209dfaa7d37d1467c798b93a71c7f094d0c9483ce891cc8932e9bbafbb8ab", "price_changes": [{"asset_id": "52746868720512831930937381090439675672168331234410876842855597733534043852645", "price": "0.16", "size": "13.5", "side": "BUY", "hash": "4057e9fa72719b8dc4a47b8dbb175ac060fa8172", "best_bid": "0.17", "best_ask": "0.77"}, {"asset_id": "19386621984632854446011216575580930413447340842901102477660390401472966195758", "price": "0.84", "size": "13.5", "side": "SELL", "hash": "cc8ebfbcd95909a2d433cf53333445ef84863169", "best_bid": "0.23", "best_ask": "0.83"}], "timestamp": "1769384459695", "event_type": "price_change"}}
{"_local_timestamp": "2026-01-25T23:41:01.365932+00:00", "data": {"market": "0xfb9209dfaa7d37d1467c798b93a71c7f094d0c9483ce891cc8932e9bbafbb8ab", "price_changes": [{"asset_id": "52746868720512831930937381090439675672168331234410876842855597733534043852645", "price": "0.16", "size": "8.5", "side": "BUY", "hash": "2178f09a3805ddf820775e97e603cda621a5e3ad", "best_bid": "0.17", "best_ask": "0.77"}, {"asset_id": "19386621984632854446011216575580930413447340842901102477660390401472966195758", "price": "0.84", "size": "8.5", "side": "SELL", "hash": "d1158e109351ed99f5a233f65fcf08cf4ab5ddc9", "best_bid": "0.23", "best_ask": "0.83"}], "timestamp": "1769384461298", "event_type": "price_change"}}
{"_local_timestamp": "2026-01-25T23:41:01.559064+00:00", "data": {"market": "0xfb9209dfaa7d37d1467c798b93a71c7f094d0c9483ce891cc8932e9bbafbb8ab", "price_changes": [{"asset_id": "52746868720512831930937381090439675672168331234410876842855597733534043852645", "price": "0.16", "size": "0", "side": "BUY", "hash": "54874834b9c3222866a4e777804c0fefdab92be8", "best_bid": "0.17", "best_ask": "0.77"}, {"asset_id": "19386621984632854446011216575580930413447340842901102477660390401472966195758", "price": "0.84", "size": "0", "side": "SELL", "hash": "aa97a8da7765baaeb33ab92062b5b0bac065087d", "best_bid": "0.23", "best_ask": "0.83"}], "timestamp": "1769384461487", "event_type": "price_change"}}
{"_local_timestamp": "2026-01-25T23:41:01.561046+00:00", "data": {"market": "0xfb9209dfaa7d37d1467c798b93a71c7f094d0c9483ce891cc8932e9bbafbb8ab", "price_changes": [{"asset_id": "19386621984632854446011216575580930413447340842901102477660390401472966195758", "price": "0.22", "size": "0", "side": "BUY", "hash": "f50ef8d18be94dd28b91496f22bbdedc9240a92e", "best_bid": "0.23", "best_ask": "0.83"}, {"asset_id": "52746868720512831930937381090439675672168331234410876842855597733534043852645", "price": "0.78", "size": "0", "side": "SELL", "hash": "e5fe73e8e860cf556230933c4df784b36aed96e9", "best_bid": "0.17", "best_ask": "0.77"}], "timestamp": "1769384461487", "event_type": "price_change"}}
{"_local_timestamp": "2026-01-25T23:41:04.809538+00:00", "data": {"market": "0xfb9209dfaa7d37d1467c798b93a71c7f094d0c9483ce891cc8932e9bbafbb8ab", "price_changes": [{"asset_id": "52746868720512831930937381090439675672168331234410876842855597733534043852645", "price": "0.17", "size": "0", "side": "BUY", "hash": "64b723d3ab1cc7b11f4dc36461cac45b12f9ff27", "best_bid": "0.14", "best_ask": "0.77"}, {"asset_id": "19386621984632854446011216575580930413447340842901102477660390401472966195758", "price": "0.83", "size": "0", "side": "SELL", "hash": "de82b12d43e551b719c16cfca1a2200d13028052", "best_bid": "0.23", "best_ask": "0.86"}], "timestamp": "1769384464738", "event_type": "price_change"}}
{"_local_timestamp": "2026-01-25T23:41:04.811447+00:00", "data": {"market": "0xfb9209dfaa7d37d1467c798b93a71c7f094d0c9483ce891cc8932e9bbafbb8ab", "price_changes": [{"asset_id": "19386621984632854446011216575580930413447340842901102477660390401472966195758", "price": "0.23", "size": "0", "side": "BUY", "hash": "43e2f4ada895d57a3312d826f776803efba6afac", "best_bid": "0.19", "best_ask": "0.86"}, {"asset_id": "52746868720512831930937381090439675672168331234410876842855597733534043852645", "price": "0.77", "size": "0", "side": "SELL", "hash": "55f72c770ec5e6836f5966fbbc1973dd40538be4", "best_bid": "0.14", "best_ask": "0.81"}], "timestamp": "1769384464738", "event_type": "price_change"}}
{"_local_timestamp": "2026-01-25T23:41:05.096682+00:00", "data": {"market": "0xfb9209dfaa7d37d1467c798b93a71c7f094d0c9483ce891cc8932e9bbafbb8ab", "price_changes": [{"asset_id": "52746868720512831930937381090439675672168331234410876842855597733534043852645", "price": "0.15", "size": "150", "side": "BUY", "hash": "7ce07364968002a9994fa185d33645b6b5e4e1fd", "best_bid": "0.15", "best_ask": "0.81"}, {"asset_id": "19386621984632854446011216575580930413447340842901102477660390401472966195758", "price": "0.85", "size": "150", "side": "SELL", "hash": "7febf7994cded66a1a811b819f6f6836b82875a0", "best_bid": "0.19", "best_ask": "0.85"}], "timestamp": "1769384465015", "event_type": "price_change"}}
{"_local_timestamp": "2026-01-25T23:41:05.098700+00:00", "data": {"market": "0xfb9209dfaa7d37d1467c798b93a71c7f094d0c9483ce891cc8932e9bbafbb8ab", "price_changes": [{"asset_id": "19386621984632854446011216575580930413447340842901102477660390401472966195758", "price": "0.2", "size": "150", "side": "BUY", "hash": "cc9f03c40a01b7759cb0bcb87740b070803fed12", "best_bid": "0.2", "best_ask": "0.85"}, {"asset_id": "52746868720512831930937381090439675672168331234410876842855597733534043852645", "price": "0.8", "size": "150", "side": "SELL", "hash": "ee7b7bcc55954088684d0d224283e88723d5127c", "best_bid": "0.15", "best_ask": "0.8"}], "timestamp": "1769384465017", "event_type": "price_change"}}
{"_local_timestamp": "2026-01-25T23:41:05.257991+00:00", "data": {"market": "0xfb9209dfaa7d37d1467c798b93a71c7f094d0c9483ce891cc8932e9bbafbb8ab", "price_changes": [{"asset_id": "52746868720512831930937381090439675672168331234410876842855597733534043852645", "price": "0.18", "size": "8.5", "side": "BUY", "hash": "f0b68aca2df07439d74930f0fdbf1895728cec0f", "best_bid": "0.18", "best_ask": "0.8"}, {"asset_id": "19386621984632854446011216575580930413447340842901102477660390401472966195758", "price": "0.82", "size": "8.5", "side": "SELL", "hash": "261e7c854bacb73ac8956a92d53ffccc6d54fbe2", "best_bid": "0.2", "best_ask": "0.82"}], "timestamp": "1769384465189", "event_type": "price_change"}}
{"_local_timestamp": "2026-01-25T23:41:05.260581+00:00", "data": {"market": "0xfb9209dfaa7d37d1467c798b93a71c7f094d0c9483ce891cc8932e9bbafbb8ab", "price_changes": [{"asset_id": "19386621984632854446011216575580930413447340842901102477660390401472966195758", "price": "0.15", "size": "8.5", "side": "BUY", "hash": "e6508f64f5009355808ea57ec0ba437bfac11619", "best_bid": "0.2", "best_ask": "0.82"}, {"asset_id": "52746868720512831930937381090439675672168331234410876842855597733534043852645", "price": "0.85", "size": "8.5", "side": "SELL", "hash": "9c1070125632d12a4704145d772d3b90e1046cb9", "best_bid": "0.18", "best_ask": "0.8"}], "timestamp": "1769384465190", "event_type": "price_change"}}
{"_local_timestamp": "2026-01-25T23:41:05.992416+00:00", "data": {"market": "0xfb9209dfaa7d37d1467c798b93a71c7f094d0c9483ce891cc8932e9bbafbb8ab", "price_changes": [{"asset_id": "19386621984632854446011216575580930413447340842901102477660390401472966195758", "price": "0.2", "size": "155", "side": "BUY", "hash": "923f7aa4c18e54c7078e307abb709e5e6b5f6552", "best_bid": "0.2", "best_ask": "0.82"}, {"asset_id": "52746868720512831930937381090439675672168331234410876842855597733534043852645", "price": "0.8", "size": "155", "side": "SELL", "hash": "b2837bc1b51e4de1091b2ac76b3d02ff7ed4d36c", "best_bid": "0.18", "best_ask": "0.8"}], "timestamp": "1769384465918", "event_type": "price_change"}}
{"_local_timestamp": "2026-01-25T23:41:06.014903+00:00", "data": {"market": "0xfb9209dfaa7d37d1467c798b93a71c7f094d0c9483ce891cc8932e9bbafbb8ab", "price_changes": [{"asset_id": "52746868720512831930937381090439675672168331234410876842855597733534043852645", "price": "0.18", "size": "13.5", "side": "BUY", "hash": "0a6889e6a7f33ab03b7361bad4b5c4c2572e4a14", "best_bid": "0.18", "best_ask": "0.8"}, {"asset_id": "19386621984632854446011216575580930413447340842901102477660390401472966195758", "price": "0.82", "size": "13.5", "side": "SELL", "hash": "7d5d4d96b2e3a55f07fb257fff24e08866d850dd", "best_bid": "0.2", "best_ask": "0.82"}], "timestamp": "1769384465920", "event_type": "price_change"}}
{"_local_timestamp": "2026-01-25T23:41:06.037052+00:00", "data": {"market": "0xfb9209dfaa7d37d1467c798b93a71c7f094d0c9483ce891cc8932e9bbafbb8ab", "price_changes": [{"asset_id": "52746868720512831930937381090439675672168331234410876842855597733534043852645", "price": "0.18", "size": "18.5", "side": "BUY", "hash": "b33d190f135fe12e3c24bbae4ae8ee4f184330d5", "best_bid": "0.18", "best_ask": "0.8"}, {"asset_id": "19386621984632854446011216575580930413447340842901102477660390401472966195758", "price": "0.82", "size": "18.5", "side": "SELL", "hash": "1c7d338c2851df07bc4ee217bfe5246a0a4c8142", "best_bid": "0.2", "best_ask": "0.82"}], "timestamp": "1769384465922", "event_type": "price_change"}}
{"_local_timestamp": "2026-01-25T23:41:06.090948+00:00", "data": {"market": "0xfb9209dfaa7d37d1467c798b93a71c7f094d0c9483ce891cc8932e9bbafbb8ab", "price_changes": [{"asset_id": "19386621984632854446011216575580930413447340842901102477660390401472966195758", "price": "0.2", "size": "160", "side": "BUY", "hash": "9d377f6f212d1997543eb901c028a8ae857d242f", "best_bid": "0.2", "best_ask": "0.82"}, {"asset_id": "52746868720512831930937381090439675672168331234410876842855597733534043852645", "price": "0.8", "size": "160", "side": "SELL", "hash": "722c67039bc6089e640f219207f6f7df268938ca", "best_bid": "0.18", "best_ask": "0.8"}], "timestamp": "1769384465922", "event_type": "price_change"}}
{"_local_timestamp": "2026-01-25T23:41:08.278832+00:00", "data": {"market": "0xfb9209dfaa7d37d1467c798b93a71c7f094d0c9483ce891cc8932e9bbafbb8ab", "price_changes": [{"asset_id": "52746868720512831930937381090439675672168331234410876842855597733534043852645", "price": "0.18", "size": "10", "side": "BUY", "hash": "1d0c589682f111461b31a08834be2d5707776f79", "best_bid": "0.18", "best_ask": "0.8"}, {"asset_id": "19386621984632854446011216575580930413447340842901102477660390401472966195758", "price": "0.82", "size": "10", "side": "SELL", "hash": "59f22f9d1ff22e68de879a71d90e76f100f404d6", "best_bid": "0.2", "best_ask": "0.82"}], "timestamp": "1769384468211", "event_type": "price_change"}}
{"_local_timestamp": "2026-01-25T23:41:08.282251+00:00", "data": {"market": "0xfb9209dfaa7d37d1467c798b93a71c7f094d0c9483ce891cc8932e9bbafbb8ab", "price_changes": [{"asset_id": "19386621984632854446011216575580930413447340842901102477660390401472966195758", "price": "0.15", "size": "0", "side": "BUY", "hash": "63d2cb0e66c25705aefdc41d45089ff47c2903ae", "best_bid": "0.2", "best_ask": "0.82"}, {"asset_id": "52746868720512831930937381090439675672168331234410876842855597733534043852645", "price": "0.85", "size": "0", "side": "SELL", "hash": "40cf7aed682c34b8940b10a940dd7fe979de9698", "best_bid": "0.18", "best_ask": "0.8"}], "timestamp": "1769384468212", "event_type": "price_change"}}
{"_local_timestamp": "2026-01-25T23:41:10.230664+00:00", "data": {"market": "0xfb9209dfaa7d37d1467c798b93a71c7f094d0c9483ce891cc8932e9bbafbb8ab", "price_changes": [{"asset_id": "19386621984632854446011216575580930413447340842901102477660390401472966195758", "price": "0.2", "size": "10", "side": "BUY", "hash": "4a208dd917496c16f53b25ce2b2bdb79cfa0962f", "best_bid": "0.2", "best_ask": "0.82"}, {"asset_id": "52746868720512831930937381090439675672168331234410876842855597733534043852645", "price": "0.8", "size": "10", "side": "SELL", "hash": "4e8c472fefd01badbc54fe94ebb5a9ff8bd32bb0", "best_bid": "0.18", "best_ask": "0.8"}], "timestamp": "1769384470149", "event_type": "price_change"}}
{"_local_timestamp": "2026-01-25T23:41:10.233139+00:00", "data": {"market": "0xfb9209dfaa7d37d1467c798b93a71c7f094d0c9483ce891cc8932e9bbafbb8ab", "price_changes": [{"asset_id": "52746868720512831930937381090439675672168331234410876842855597733534043852645", "price": "0.15", "size": "0", "side": "BUY", "hash": "02bc4d535c8c93b087d5522df2d2801dd5772bf0", "best_bid": "0.18", "best_ask": "0.8"}, {"asset_id": "19386621984632854446011216575580930413447340842901102477660390401472966195758", "price": "0.85", "size": "0", "side": "SELL", "hash": "7dc5ab131005e14fb6ee38446c6c5f8a57c6a898", "best_bid": "0.2", "best_ask": "0.82"}], "timestamp": "1769384470149", "event_type": "price_change"}}
{"_local_timestamp": "2026-01-25T23:41:10.437994+00:00", "data": {"market": "0xfb9209dfaa7d37d1467c798b93a71c7f094d0c9483ce891cc8932e9bbafbb8ab", "price_changes": [{"asset_id": "52746868720512831930937381090439675672168331234410876842855597733534043852645", "price": "0.19", "size": "150", "side": "BUY", "hash": "9ad0769be832e927a58d67a80f450952d6341e18", "best_bid": "0.19", "best_ask": "0.8"}, {"asset_id": "19386621984632854446011216575580930413447340842901102477660390401472966195758", "price": "0.81", "size": "150", "side": "SELL", "hash": "5bdfb178d997972263e4628d98d4b668f5715d96", "best_bid": "0.2", "best_ask": "0.81"}], "timestamp": "1769384470368", "event_type": "price_change"}}
{"_local_timestamp": "2026-01-25T23:41:10.440119+00:00", "data": {"market": "0xfb9209dfaa7d37d1467c798b93a71c7f094d0c9483ce891cc8932e9bbafbb8ab", "price_changes": [{"asset_id": "19386621984632854446011216575580930413447340842901102477660390401472966195758", "price": "0.21", "size": "150", "side": "BUY", "hash": "fd987eee2ea719453613166335a796c262244406", "best_bid": "0.21", "best_ask": "0.81"}, {"asset_id": "52746868720512831930937381090439675672168331234410876842855597733534043852645", "price": "0.79", "size": "150", "side": "SELL", "hash": "6fcd30a7d372455a8f9bb6a292312d085d10ddf9", "best_bid": "0.19", "best_ask": "0.79"}], "timestamp": "1769384470369", "event_type": "price_change"}}
{"_local_timestamp": "2026-01-25T23:41:11.092556+00:00", "data": {"market": "0xfb9209dfaa7d37d1467c798b93a71c7f094d0c9483ce891cc8932e9bbafbb8ab", "price_changes": [{"asset_id": "19386621984632854446011216575580930413447340842901102477660390401472966195758", "price": "0.2", "size": "5", "side": "BUY", "hash": "e615eb8ca0263932788b71eecb27e920d006ca5c", "best_bid": "0.21", "best_ask": "0.81"}, {"asset_id": "52746868720512831930937381090439675672168331234410876842855597733534043852645", "price": "0.8", "size": "5", "side": "SELL", "hash": "54f8eb6e5244280f7e98b7086294712a7eaa6236", "best_bid": "0.19", "best_ask": "0.79"}], "timestamp": "1769384470972", "event_type": "price_change"}}
{"_local_timestamp": "2026-01-25T23:41:11.095133+00:00", "data": {"market": "0xfb9209dfaa7d37d1467c798b93a71c7f094d0c9483ce891cc8932e9bbafbb8ab", "price_changes": [{"asset_id": "52746868720512831930937381090439675672168331234410876842855597733534043852645", "price": "0.18", "size": "5", "side": "BUY", "hash": "2b1c1d3e8e88780c7b5dd88441ef39d99db120a8", "best_bid": "0.19", "best_ask": "0.79"}, {"asset_id": "19386621984632854446011216575580930413447340842901102477660390401472966195758", "price": "0.82", "size": "5", "side": "SELL", "hash": "728b78c5521e44fc6b47be48872c8c036cc355ac", "best_bid": "0.21", "best_ask": "0.81"}], "timestamp": "1769384470976", "event_type": "price_change"}}
