{"_local_timestamp": "2026-01-25T23:41:38.184678+00:00", "data": [{"market": "0x7eeaeed23065a123e3e4ac7420f08ebe6b5984eb3c8c13f4397d68ad8d3dd750", "asset_id": "32017468412393265915653159211174231721228520322979137575866027753831325137510", "timestamp": "1769383658788", "hash": "901a027e60d9e6f644c55c6ee52f0a2c5d615de0", "bids": [{"price": "0.01", "size": "614.69"}, {"price": "0.02", "size": "88.64"}, {"price": "0.03", "size": "66"}, {"price": "0.04", "size": "134.17"}, {"price": "0.05", "size": "20"}, {"price": "0.06", "size": "38.47"}], "asks": [{"price": "0.99", "size": "3629.25"}, {"price": "0.98", "size": "63.32"}, {"price": "0.95", "size": "100"}, {"price": "0.94", "size": "76"}, {"price": "0.93", "size": "164.3"}], "event_type": "book", "last_trade_price": ""}, {"market": "0xca0dc61b43ec7c0bd926d4e9a92c46e35f0ee08c5dbd8aeea2bf2e754a698655", "asset_id": "45002662295134896553523603115983236900255867494591194037606253288401003660156", "timestamp": "1769383658787", "hash": "c2040d5b0c8c43eca4ff1e022bb6140a3f4fc3a0", "bids": [{"price": "0.01", "size": "614.69"}, {"price": "0.02", "size": "88.64"}, {"price": "0.03", "size": "66"}, {"price": "0.04", "size": "134.17"}, {"price": "0.05", "size": "20"}, {"price": "0.06", "size": "38.47"}], "asks": [{"price": "0.99", "size": "3629.25"}, {"price": "0.98", "size": "63.32"}, {"price": "0.95", "size": "100"}, {"price": "0.94", "size": "76"}, {"price": "0.93", "size": "164.3"}], "event_type": "book", "last_trade_price": ""}, {"market": "0x79a9837cdf1ea4ec297d89e363413d9da65140142deec0a0b3392c2978ca411e", "asset_id": "94004802515596315091386704274504450588075092825683825943432211287531724582837", "timestamp": "1769382740971", "hash": "984d60c1fc45343c8ba6df883d572f1ab5be23b1", "bids": [{"price": "0.01", "size": "616.59"}, {"price": "0.02", "size": "86.1"}, {"price": "0.03", "size": "66"}, {"price": "0.04", "size": "135.96"}, {"price": "0.05", "size": "20"}, {"price": "0.06", "size": "38.47"}], "asks": [{"price": "0.99", "size": "3629.25"}, {"price": "0.98", "size": "63.32"}, {"price": "0.95", "size": "100"}, {"price": "0.94", "size": "76"}, {"price": "0.93", "size": "164.3"}], "event_type": "book", "last_trade_price": ""}, {"market": "0xca0dc61b43ec7c0bd926d4e9a92c46e35f0ee08c5dbd8aeea2bf2e754a698655", "asset_id": "2935589828804652255827150645442775982956498789527525800752318222598309931824", "timestamp": "1769383658787", "hash": "6bbeb111b68e9d54007ace83e26f4b2d84234fb7", "bids": [{"price": "0.01", "size": "3629.25"}, {"price": "0.02", "size": "63.32"}, {"price": "0.05", "size": "100"}, {"price": "0.06", "size": "76"}, {"price": "0.07", "size": "164.3"}], "asks": [{"price": "0.99", "size": "614.69"}, {"price": "0.98", "size": "88.64"}, {"price": "0.97", "size": "66"}, {"price": "0.96", "size": "134.17"}, {"price": "0.95", "size": "20"}, {"price": "0.94", "size": "38.47"}], "event_type": "book", "last_trade_price": ""}, {"market": "0x79a9837cdf1ea4ec297d89e363413d9da65140142deec0a0b3392c2978ca411e", "asset_id": "38533107628745800741252302508817927111174975792016140591691260022623991125637", "timestamp": "1769382740971", "hash": "61065c8450aeabb836d58b6e4b5cc32024264f0c", "bids": [{"price": "0.01", "size": "3629.25"}, {"price": "0.02", "size": "63.32"}, {"price": "0.05", "size": "100"}, {"price": "0.06", "size": "76"}, {"price": "0.07", "size": "164.3"}], "asks": [{"price": "0.99", "size": "616.59"}, {"price": "0.98", "size": "86.1"}, {"price": "0.97", "size": "66"}, {"price": "0.96", "size": "135.96"}, {"price": "0.95", "size": "20"}, {"price": "0.94", "size": "38.47"}], "event_type": "book", "last_trade_price": ""}, {"market": "0x7eeaeed23065a123e3e4ac7420f08ebe6b5984eb3c8c13f4397d68ad8d3dd750", "asset_id": "58529903244674478154775852563768161853807670506626598532576458459704849339930", "timestamp": "1769383658788", "hash": "7b57141d54b7f41700c24412a81459c875008a07", "bids": [{"price": "0.01", "size": "3629.25"}, {"price": "0.02", "size": "63.32"}, {"price": "0.05", "size": "100"}, {"price": "0.06", "size": "76"}, {"price": "0.07", "size": "164.3"}], "asks": [{"price": "0.99", "size": "614.69"}, {"price": "0.98", "size": "88.64"}, {"price": "0.97", "size": "66"}, {"price": "0.96", "size": "134.17"}, {"price": "0.95", "size": "20"}, {"price": "0.94", "size": "38.47"}], "event_type": "book", "last_trade_price": ""}]}
