{"_local_timestamp": "2026-01-25T23:40:53.423753+00:00", "data": [{"market": "0xc23491e669c53326b7c1e5b89a2f840c7de2a46ed3e82d2800d97302b81538fb", "asset_id": "112602011424851000103155656947679684438751382645862874734174162906146763262104", "timestamp": "1769384365357", "hash": "2bea24bbc2990a1bb8e87b55c988835137732961", "bids": [{"price": "0.01", "size": "125.69"}, {"price": "0.02", "size": "25"}, {"price": "0.03", "size": "6.14"}, {"price": "0.06", "size": "42.05"}, {"price": "0.07", "size": "310.83"}, {"price": "0.08", "size": "487.5"}, {"price": "0.09", "size": "75"}, {"price": "0.1", "size": "110"}, {"price": "0.11", "size": "55"}, {"price": "0.18", "size": "10"}, {"price": "0.19", "size": "150"}], "asks": [{"price": "0.99", "size": "123.33"}, {"price": "0.98", "size": "711.6"}, {"price": "0.97", "size": "16"}, {"price": "0.96", "size": "7.79"}, {"price": "0.95", "size": "20"}, {"price": "0.94", "size": "33"}, {"price": "0.93", "size": "7.14"}, {"price": "0.91", "size": "300"}, {"price": "0.9", "size": "330"}, {"price": "0.89", "size": "225"}, {"price": "0.88", "size": "75"}, {"price": "0.87", "size": "6.33"}, {"price": "0.84", "size": "100"}, {"price": "0.75", "size": "10"}, {"price": "0.74", "size": "150"}], "event_type": "book", "last_trade_price": ""}, {"market": "0x4b4bc4a3d08f4bfbd039cd51e9e90c5d6d99ff8e8294c9c123cec127d72b45df", "asset_id": "78251160312981557515057155871280446885803851470938434971060724245845718670662", "timestamp": "1769384365358", "hash": "4bcb0cc3a3649d6c856fb2a39347a2ff9afc7ed2", "bids": [{"price": "0.01", "size": "1820"}, {"price": "0.02", "size": "725"}, {"price": "0.05", "size": "500"}, {"price": "0.06", "size": "44.6"}, {"price": "0.13", "size": "300"}, {"price": "0.15", "size": "200"}, {"price": "0.16", "size": "125"}, {"price": "0.17", "size": "76.47"}, {"price": "0.18", "size": "75"}, {"price": "0.19", "size": "57.89"}, {"price": "0.2", "size": "36.5"}, {"price": "0.38", "size": "10"}, {"price": "0.39", "size": "150"}], "asks": [{"price": "0.99", "size": "1027"}, {"price": "0.98", "size": "710.46"}, {"price": "0.97", "size": "16"}, {"price": "0.96", "size": "8.35"}, {"price": "0.95", "size": "20"}, {"price": "0.94", "size": "33"}, {"price": "0.93", "size": "6.11"}, {"price": "0.9", "size": "300"}, {"price": "0.88", "size": "308.33"}, {"price": "0.87", "size": "125"}, {"price": "0.86", "size": "253.57"}, {"price": "0.85", "size": "49.06"}, {"price": "0.84", "size": "8.5"}, {"price": "0.71", "size": "10"}, {"price": "0.7", "size": "150"}], "event_type": "book", "last_trade_price": ""}, {"market": "0x0f50bb6c3fba411f4d6c153abed8a750434b8f88f5e7e59a6c2fa7c68965c98d", "asset_id": "108640408865912714304980143618024557382069945018865372673974193384587151691217", "timestamp": "1769384449019", "hash": "049edb7990c95f965ae455d61cf9d74d8cc4bfdb", "bids": [{"price": "0.01", "size": "1026.94"}, {"price": "0.02", "size": "705.38"}, {"price": "0.03", "size": "13.13"}, {"price": "0.05", "size": "30"}, {"price": "0.06", "size": "33"}, {"price": "0.07", "size": "8.02"}, {"price": "0.1", "size": "300"}, {"price": "0.11", "size": "318.18"}, {"price": "0.12", "size": "125"}, {"price": "0.13", "size": "259.61"}, {"price": "0.14", "size": "42"}, {"price": "0.15", "size": "5.45"}, {"price": "0.29", "size": "10"}, {"price": "0.3", "size": "150"}], "asks": [{"price": "0.99", "size": "1032.03"}, {"price": "0.98", "size": "25"}, {"price": "0.97", "size": "318.21"}, {"price": "0.96", "size": "325"}, {"price": "0.95", "size": "75"}, {"price": "0.94", "size": "44.6"}, {"price": "0.93", "size": "269.75"}, {"price": "0.91", "size": "56"}, {"price": "0.87", "size": "10"}, {"price": "0.84", "size": "150"}], "event_type": "book", "last_trade_price": ""}, {"market": "0x4b4bc4a3d08f4bfbd039cd51e9e90c5d6d99ff8e8294c9c123cec127d72b45df", "asset_id": "13014513819564186659036727888915395306970063120569611859316633530800092862906", "timestamp": "1769384365358", "hash": "53399a6f7428a8950ef6c68872893e5264921525", "bids": [{"price": "0.01", "size": "1027"}, {"price": "0.02", "size": "710.46"}, {"price": "0.03", "size": "16"}, {"price": "0.04", "size": "8.35"}, {"price": "0.05", "size": "20"}, {"price": "0.06", "size": "33"}, {"price": "0.07", "size": "6.11"}, {"price": "0.1", "size": "300"}, {"price": "0.12", "size": "308.33"}, {"price": "0.13", "size": "125"}, {"price": "0.14", "size": "253.57"}, {"price": "0.15", "size": "49.06"}, {"price": "0.16", "size": "8.5"}, {"price": "0.29", "size": "10"}, {"price": "0.3", "size": "150"}], "asks": [{"price": "0.99", "size": "1820"}, {"price": "0.98", "size": "725"}, {"price": "0.95", "size": "500"}, {"price": "0.94", "size": "44.6"}, {"price": "0.87", "size": "300"}, {"price": "0.85", "size": "200"}, {"price": "0.84", "size": "125"}, {"price": "0.83", "size": "76.47"}, {"price": "0.82", "size": "75"}, {"price": "0.81", "size": "57.89"}, {"price": "0.8", "size": "36.5"}, {"price": "0.62", "size": "10"}, {"price": "0.61", "size": "150"}], "event_type": "book", "last_trade_price": ""}, {"market": "0x0f50bb6c3fba411f4d6c153abed8a750434b8f88f5e7e59a6c2fa7c68965c98d", "asset_id": "36680377078077148593910111584810781850541881273788879831231274564384521562016", "timestamp": "1769384449019", "hash": "e48e4fa028b8baa35497489a2a053ad51c0fcbb0", "bids": [{"price": "0.01", "size": "1032.03"}, {"price": "0.02", "size": "25"}, {"price": "0.03", "size": "318.21"}, {"price": "0.04", "size": "325"}, {"price": "0.05", "size": "75"}, {"price": "0.06", "size": "44.6"}, {"price": "0.07", "size": "269.75"}, {"price": "0.09", "size": "56"}, {"price": "0.13", "size": "10"}, {"price": "0.16", "size": "150"}], "asks": [{"price": "0.99", "size": "1026.94"}, {"price": "0.98", "size": "705.38"}, {"price": "0.97", "size": "13.13"}, {"price": "0.95", "size": "30"}, {"price": "0.94", "size": "33"}, {"price": "0.93", "size": "8.02"}, {"price": "0.9", "size": "300"}, {"price": "0.89", "size": "318.18"}, {"price": "0.88", "size": "125"}, {"price": "0.87", "size": "259.61"}, {"price": "0.86", "size": "42"}, {"price": "0.85", "size": "5.45"}, {"price": "0.71", "size": "10"}, {"price": "0.7", "size": "150"}], "event_type": "book", "last_trade_price": ""}, {"market": "0xc23491e669c53326b7c1e5b89a2f840c7de2a46ed3e82d2800d97302b81538fb", "asset_id": "1591623342798714539854529028504405387642085816710949203609034511539452871496", "timestamp": "1769384365357", "hash": "7f93336a708cb2a979d55efdbb9a380b22fa2b85", "bids": [{"price": "0.01", "size": "123.33"}, {"price": "0.02", "size": "711.6"}, {"price": "0.03", "size": "16"}, {"price": "0.04", "size": "7.79"}, {"price": "0.05", "size": "20"}, {"price": "0.06", "size": "33"}, {"price": "0.07", "size": "7.14"}, {"price": "0.09", "size": "300"}, {"price": "0.1", "size": "330"}, {"price": "0.11", "size": "225"}, {"price": "0.12", "size": "75"}, {"price": "0.13", "size": "6.33"}, {"price": "0.16", "size": "100"}, {"price": "0.25", "size": "10"}, {"price": "0.26", "size": "150"}], "asks": [{"price": "0.99", "size": "125.69"}, {"price": "0.98", "size": "25"}, {"price": "0.97", "size": "6.14"}, {"price": "0.94", "size": "42.05"}, {"price": "0.93", "size": "310.83"}, {"price": "0.92", "size": "487.5"}, {"price": "0.91", "size": "75"}, {"price": "0.9", "size": "110"}, {"price": "0.89", "size": "55"}, {"price": "0.82", "size": "10"}, {"price": "0.81", "size": "150"}], "event_type": "book", "last_trade_price": ""}]}
{"_local_timestamp": "2026-01-25T23:40:53.954384+00:00", "data": {"market": "0x0f50bb6c3fba411f4d6c153abed8a750434b8f88f5e7e59a6c2fa7c68965c98d", "price_changes": [{"asset_id": "36680377078077148593910111584810781850541881273788879831231274564384521562016", "price": "0.16", "size": "0", "side": "BUY", "hash": "cd9386ec44eb78ff983838d1fc856e32b40240c6", "best_bid": "0.13", "best_ask": "0.7"}, {"asset_id": "108640408865912714304980143618024557382069945018865372673974193384587151691217", "price": "0.84", "size": "0", "side": "SELL", "hash": "ab8b5f28211856db6e9ab77991272b0d9051ce9b", "best_bid": "0.3", "best_ask": "0.87"}], "timestamp": "1769384453876", "event_type": "price_change"}}
{"_local_timestamp": "2026-01-25T23:40:54.250401+00:00", "data": {"market": "0x0f50bb6c3fba411f4d6c153abed8a750434b8f88f5e7e59a6c2fa7c68965c98d", "price_changes": [{"asset_id": "36680377078077148593910111584810781850541881273788879831231274564384521562016", "price": "0.14", "size": "150", "side": "BUY", "hash": "d16fe9353accf9b28fa40ec57ccfd919fa98ba26", "best_bid": "0.14", "best_ask": "0.7"}, {"asset_id": "108640408865912714304980143618024557382069945018865372673974193384587151691217", "price": "0.86", "size": "150", "side": "SELL", "hash": "7d5861d202a74207d9f783158ef4ae5ea62a7d31", "best_bid": "0.3", "best_ask": "0.86"}], "timestamp": "1769384454180", "event_type": "price_change"}}
{"_local_timestamp": "2026-01-25T23:40:58.658045+00:00", "data": {"market": "0x0f50bb6c3fba411f4d6c153abed8a750434b8f88f5e7e59a6c2fa7c68965c98d", "price_changes": [{"asset_id": "108640408865912714304980143618024557382069945018865372673974193384587151691217", "price": "0.15", "size": "13.95", "side": "BUY", "hash": "91ca2caf25729c2825ba3f29b46e94eb2a91ffbc", "best_bid": "0.3", "best_ask": "0.86"}, {"asset_id": "36680377078077148593910111584810781850541881273788879831231274564384521562016", "price": "0.85", "size": "13.95", "side": "SELL", "hash": "33d922bbb0eee2af961141193e9beef0a0b5ec92", "best_bid": "0.14", "best_ask": "0.7"}], "timestamp": "1769384458593", "event_type": "price_change"}}
{"_local_timestamp": "2026-01-25T23:40:58.659056+00:00", "data": {"market": "0x0f50bb6c3fba411f4d6c153abed8a750434b8f88f5e7e59a6c2fa7c68965c98d", "price_changes": [{"asset_id": "36680377078077148593910111584810781850541881273788879831231274564384521562016", "price": "0.15", "size": "8.5", "side": "BUY", "hash": "0f66eebe9e66b371d9de3a4573d7b94fad2b4fbc", "best_bid": "0.15", "best_ask": "0.7"}, {"asset_id": "108640408865912714304980143618024557382069945018865372673974193384587151691217", "price": "0.85", "size": "8.5", "side": "SELL", "hash": "d373b08e27e275cb38c34dc07e3c8b555eed987e", "best_bid": "0.3", "best_ask": "0.85"}], "timestamp": "1769384458594", "event_type": "price_change"}}
{"_local_timestamp": "2026-01-25T23:40:59.400222+00:00", "data": {"market": "0x0f50bb6c3fba411f4d6c153abed8a750434b8f88f5e7e59a6c2fa7c68965c98d", "price_changes": [{"asset_id": "36680377078077148593910111584810781850541881273788879831231274564384521562016", "price": "0.14", "size": "0", "side": "BUY", "hash": "158e347a75e22e601ec9e917874c3175a550d406", "best_bid": "0.15", "best_ask": "0.7"}, {"asset_id": "108640408865912714304980143618024557382069945018865372673974193384587151691217", "price": "0.86", "size": "0", "side": "SELL", "hash": "b6ff0b207394891e3903237b0194db9894ba5c7f", "best_bid": "0.3", "best_ask": "0.85"}], "timestamp": "1769384459328", "event_type": "price_change"}}
{"_local_timestamp": "2026-01-25T23:40:59.643827+00:00", "data": {"market": "0x0f50bb6c3fba411f4d6c153abed8a750434b8f88f5e7e59a6c2fa7c68965c98d", "price_changes": [{"asset_id": "36680377078077148593910111584810781850541881273788879831231274564384521562016", "price": "0.16", "size": "150", "side": "BUY", "hash": "e3657430191996544d5fd09fd1db540bd9cacec0", "best_bid": "0.16", "best_ask": "0.7"}, {"asset_id": "108640408865912714304980143618024557382069945018865372673974193384587151691217", "price": "0.84", "size": "150", "side": "SELL", "hash": "437eaafe7b2e1d69367d532441e1a0bbbe6a02e6", "best_bid": "0.3", "best_ask": "0.84"}], "timestamp": "1769384459575", "event_type": "price_change"}}
{"_local_timestamp": "2026-01-25T23:41:01.554514+00:00", "data": {"market": "0x0f50bb6c3fba411f4d6c153abed8a750434b8f88f5e7e59a6c2fa7c68965c98d", "price_changes": [{"asset_id": "36680377078077148593910111584810781850541881273788879831231274564384521562016", "price": "0.15", "size": "0", "side": "BUY", "hash": "d86c72c64ec5cbb7baf6fe83afb65c68a48ee135", "best_bid": "0.16", "best_ask": "0.7"}, {"asset_id": "108640408865912714304980143618024557382069945018865372673974193384587151691217", "price": "0.85", "size": "0", "side": "SELL", "hash": "a927775df64e827f9c674cbd80bc5e4ca7a5b5a1", "best_bid": "0.3", "best_ask": "0.84"}], "timestamp": "1769384461487", "event_type": "price_change"}}
{"_local_timestamp": "2026-01-25T23:41:01.557427+00:00", "data": {"market": "0x0f50bb6c3fba411f4d6c153abed8a750434b8f88f5e7e59a6c2fa7c68965c98d", "price_changes": [{"asset_id": "108640408865912714304980143618024557382069945018865372673974193384587151691217", "price": "0.15", "size": "5.45", "side": "BUY", "hash": "ff99f1a4cc73c2102f2b506748f298cf864ac120", "best_bid": "0.3", "best_ask": "0.84"}, {"asset_id": "36680377078077148593910111584810781850541881273788879831231274564384521562016", "price": "0.85", "size": "5.45", "side": "SELL", "hash": "b629f89f08e7695f1cbe7f705baa3256d831f274", "best_bid": "0.16", "best_ask": "0.7"}], "timestamp": "1769384461487", "event_type": "price_change"}}
{"_local_timestamp": "2026-01-25T23:41:04.817201+00:00", "data": {"market": "0x0f50bb6c3fba411f4d6c153abed8a750434b8f88f5e7e59a6c2fa7c68965c98d", "price_changes": [{"asset_id": "36680377078077148593910111584810781850541881273788879831231274564384521562016", "price": "0.16", "size": "0", "side": "BUY", "hash": "0cf13155194537a597bfbd692a52efe54c9bab55", "best_bid": "0.13", "best_ask": "0.7"}, {"asset_id": "108640408865912714304980143618024557382069945018865372673974193384587151691217", "price": "0.84", "size": "0", "side": "SELL", "hash": "85382ebb9bbbd34deb7fcdd8801f74c9167fa6f0", "best_bid": "0.3", "best_ask": "0.87"}], "timestamp": "1769384464738", "event_type": "price_change"}}
{"_local_timestamp": "2026-01-25T23:41:05.096671+00:00", "data": {"market": "0x0f50bb6c3fba411f4d6c153abed8a750434b8f88f5e7e59a6c2fa7c68965c98d", "price_changes": [{"asset_id": "36680377078077148593910111584810781850541881273788879831231274564384521562016", "price": "0.14", "size": "150", "side": "BUY", "hash": "4d9fa121f088774f0ebae450d0eeb9e4ad784d00", "best_bid": "0.14", "best_ask": "0.7"}, {"asset_id": "108640408865912714304980143618024557382069945018865372673974193384587151691217", "price": "0.86", "size": "150", "side": "SELL", "hash": "abe90a22bbdde282d1fc57e37dcbbae84b289acf", "best_bid": "0.3", "best_ask": "0.86"}], "timestamp": "1769384465015", "event_type": "price_change"}}
{"_local_timestamp": "2026-01-25T23:41:11.475040+00:00", "data": {"market": "0x0f50bb6c3fba411f4d6c153abed8a750434b8f88f5e7e59a6c2fa7c68965c98d", "price_changes": [{"asset_id": "36680377078077148593910111584810781850541881273788879831231274564384521562016", "price": "0.15", "size": "8.5", "side": "BUY", "hash": "71c11cc1bf04b125b8703ebc01404a17c7285826", "best_bid": "0.15", "best_ask": "0.7"}, {"asset_id": "108640408865912714304980143618024557382069945018865372673974193384587151691217", "price": "0.85", "size": "8.5", "side": "SELL", "hash": "291e46b1583e35c841aba6a2272ebc875a22d8d6", "best_bid": "0.3", "best_ask": "0.85"}], "timestamp": "1769384471350", "event_type": "price_change"}}
{"_local_timestamp": "2026-01-25T23:41:11.477016+00:00", "data": {"market": "0x0f50bb6c3fba411f4d6c153abed8a750434b8f88f5e7e59a6c2fa7c68965c98d", "price_changes": [{"asset_id": "108640408865912714304980143618024557382069945018865372673974193384587151691217", "price": "0.15", "size": "13.95", "side": "BUY", "hash": "27855fc51d040047982d5f0c6e952ff7f9812e15", "best_bid": "0.3", "best_ask": "0.85"}, {"asset_id": "36680377078077148593910111584810781850541881273788879831231274564384521562016", "price": "0.85", "size": "13.95", "side": "SELL", "hash": "425f3b7da7c1f117650f4110adfed20030659500", "best_bid": "0.15", "best_ask": "0.7"}], "timestamp": "1769384471381", "event_type": "price_change"}}
{"_local_timestamp": "2026-01-25T23:41:15.554613+00:00", "data": {"market": "0x0f50bb6c3fba411f4d6c153abed8a750434b8f88f5e7e59a6c2fa7c68965c98d", "price_changes": [{"asset_id": "36680377078077148593910111584810781850541881273788879831231274564384521562016", "price": "0.14", "size": "0", "side": "BUY", "hash": "f34513b70d60c78299d832f860a934ef580e9420", "best_bid": "0.15", "best_ask": "0.7"}, {"asset_id": "108640408865912714304980143618024557382069945018865372673974193384587151691217", "price": "0.86", "size": "0", "side": "SELL", "hash": "2294a2bbe19d9d731afbb8c2de3e766f9867d934", "best_bid": "0.3", "best_ask": "0.85"}], "timestamp": "1769384475486", "event_type": "price_change"}}
{"_local_timestamp": "2026-01-25T23:41:15.857473+00:00", "data": {"market": "0x0f50bb6c3fba411f4d6c153abed8a750434b8f88f5e7e59a6c2fa7c68965c98d", "price_changes": [{"asset_id": "36680377078077148593910111584810781850541881273788879831231274564384521562016", "price": "0.16", "size": "150", "side": "BUY", "hash": "75ee3d8cda386121517bd55078a6e50bae7973af", "best_bid": "0.16", "best_ask": "0.7"}, {"asset_id": "108640408865912714304980143618024557382069945018865372673974193384587151691217", "price": "0.84", "size": "150", "side": "SELL", "hash": "f4c5915e2518d44105f1c7eed84a53daa5f2121e", "best_bid": "0.3", "best_ask": "0.84"}], "timestamp": "1769384475782", "event_type": "price_change"}}
{"_local_timestamp": "2026-01-25T23:41:16.077789+00:00", "data": {"market": "0xc23491e669c53326b7c1e5b89a2f840c7de2a46ed3e82d2800d97302b81538fb", "price_changes": [{"asset_id": "112602011424851000103155656947679684438751382645862874734174162906146763262104", "price": "0.19", "size": "0", "side": "BUY", "hash": "a70da0368b7dae928ebad9953127d5ee2b782fea", "best_bid": "0.18", "best_ask": "0.74"}, {"asset_id": "1591623342798714539854529028504405387642085816710949203609034511539452871496", "price": "0.81", "size": "0", "side": "SELL", "hash": "e6787e7b689f3cde1a7f49cc727756834f2dd4bc", "best_bid": "0.26", "best_ask": "0.82"}], "timestamp": "1769384476002", "event_type": "price_change"}}
{"_local_timestamp": "2026-01-25T23:41:21.577942+00:00", "data": {"market": "0x0f50bb6c3fba411f4d6c153abed8a750434b8f88f5e7e59a6c2fa7c68965c98d", "price_changes": [{"asset_id": "36680377078077148593910111584810781850541881273788879831231274564384521562016", "price": "0.15", "size": "0", "side": "BUY", "hash": "21472a42594787f473d9db208cd45f543cebf28f", "best_bid": "0.16", "best_ask": "0.7"}, {"asset_id": "108640408865912714304980143618024557382069945018865372673974193384587151691217", "price": "0.85", "size": "0", "side": "SELL", "hash": "c0ac5eee310f308896d7eeead247ce877864bc95", "best_bid": "0.3", "best_ask": "0.84"}], "timestamp": "1769384481494", "event_type": "price_change"}}
{"_local_timestamp": "2026-01-25T23:41:21.581540+00:00", "data": {"market": "0x0f50bb6c3fba411f4d6c153abed8a750434b8f88f5e7e59a6c2fa7c68965c98d", "price_changes": [{"asset_id": "108640408865912714304980143618024557382069945018865372673974193384587151691217", "price": "0.15", "size": "5.45", "side": "BUY", "hash": "0b9480449c7febf6c846e2940ad72eb6d070c9fb", "best_bid": "0.3", "best_ask": "0.84"}, {"asset_id": "36680377078077148593910111584810781850541881273788879831231274564384521562016", "price": "0.85", "size": "5.45", "side": "SELL", "hash": "accbd152cf2c1f464a9bb584dc8d3b2b33f27679", "best_bid": "0.16", "best_ask": "0.7"}], "timestamp": "1769384481494", "event_type": "price_change"}}
{"_local_timestamp": "2026-01-25T23:41:21.745840+00:00", "data": {"market": "0xc23491e669c53326b7c1e5b89a2f840c7de2a46ed3e82d2800d97302b81538fb", "price_changes": [{"asset_id": "112602011424851000103155656947679684438751382645862874734174162906146763262104", "price": "0.19", "size": "150", "side": "BUY", "hash": "41e9ff992f8b7c202c7a85dd263fff5388193987", "best_bid": "0.19", "best_ask": "0.74"}, {"asset_id": "1591623342798714539854529028504405387642085816710949203609034511539452871496", "price": "0.81", "size": "150", "side": "SELL", "hash": "6e790d8be2f3ec66129f44fde292f8955b1529fc", "best_bid": "0.26", "best_ask": "0.81"}], "timestamp": "1769384481665", "event_type": "price_change"}}
