{"_local_timestamp": "2026-01-25T23:41:38.220143+00:00", "data": [{"market": "0xcf0457f87f97b1d80ea66e7e27151602b551d687f16265a3289357a5856b9d04", "asset_id": "23473169485153330537317220471343278518213080066342640760050980537954886000580", "timestamp": "1769383658788", "hash": "363d249ca038fb77f2e9adacad6a0015ddc3ab73", "bids": [{"price": "0.01", "size": "614.69"}, {"price": "0.02", "size": "88.64"}, {"price": "0.03", "size": "66"}, {"price": "0.04", "size": "136.17"}, {"price": "0.05", "size": "20"}, {"price": "0.06", "size": "38.47"}], "asks": [{"price": "0.99", "size": "3629.71"}, {"price": "0.98", "size": "63.3"}, {"price": "0.95", "size": "100"}, {"price": "0.94", "size": "76"}, {"price": "0.93", "size": "164.24"}], "event_type": "book", "last_trade_price": ""}, {"market": "0xa46b05b7f89055ae3f75808c0a384c661dd9442ef2bd75999ca0df963e0eec33", "asset_id": "106221229680219343100419760697335139562447819776134071506233328003646749806394", "timestamp": "1769383658787", "hash": "51676f3f362035f6db1a6d97ef90dcda67158dd8", "bids": [{"price": "0.01", "size": "616.59"}, {"price": "0.02", "size": "86.1"}, {"price": "0.03", "size": "66"}, {"price": "0.04", "size": "132.96"}, {"price": "0.05", "size": "20"}, {"price": "0.06", "size": "38.47"}], "asks": [{"price": "0.99", "size": "3629.25"}, {"price": "0.98", "size": "63.32"}, {"price": "0.95", "size": "100"}, {"price": "0.94", "size": "76"}, {"price": "0.93", "size": "164.3"}], "event_type": "book", "last_trade_price": ""}, {"market": "0xcf0457f87f97b1d80ea66e7e27151602b551d687f16265a3289357a5856b9d04", "asset_id": "98515565651125624638218026778859284410825512164978122649262331802206226617558", "timestamp": "1769383658788", "hash": "c273c44899e7a0722d079c621af7bc1d490c56a6", "bids": [{"price": "0.01", "size": "3629.71"}, {"price": "0.02", "size": "63.3"}, {"price": "0.05", "size": "100"}, {"price": "0.06", "size": "76"}, {"price": "0.07", "size": "164.24"}], "asks": [{"price": "0.99", "size": "614.69"}, {"price": "0.98", "size": "88.64"}, {"price": "0.97", "size": "66"}, {"price": "0.96", "size": "136.17"}, {"price": "0.95", "size": "20"}, {"price": "0.94", "size": "38.47"}], "event_type": "book", "last_trade_price": ""}, {"market": "0xcf00b11c66cc3ec7a2f6709fa70a21efe19a7e55aa1555f7d6a41f55d51e3a6c", "asset_id": "12943291777933471797722628728110216100477946977489155811173780975389552182464", "timestamp": "1769382484884", "hash": "355e82005fa7b28d823b4f780f7c5e5032bc4e5a", "bids": [{"price": "0.01", "size": "3629.25"}, {"price": "0.02", "size": "63.32"}, {"price": "0.05", "size": "100"}, {"price": "0.06", "size": "76"}, {"price": "0.07", "size": "164.3"}], "asks": [{"price": "0.99", "size": "614.69"}, {"price": "0.98", "size": "88.64"}, {"price": "0.97", "size": "66"}, {"price": "0.96", "size": "132.17"}, {"price": "0.95", "size": "20"}, {"price": "0.94", "size": "38.47"}], "event_type": "book", "last_trade_price": ""}, {"market": "0xa46b05b7f89055ae3f75808c0a384c661dd9442ef2bd75999ca0df963e0eec33", "asset_id": "42132945258144496128073783441857878286058880172299568887772860486474241208594", "timestamp": "1769383658787", "hash": "876409cf11944ae77d1fcc7c6b40d6aaabf8a874", "bids": [{"price": "0.01", "size": "3629.25"}, {"price": "0.02", "size": "63.32"}, {"price": "0.05", "size": "100"}, {"price": "0.06", "size": "76"}, {"price": "0.07", "size": "164.3"}], "asks": [{"price": "0.99", "size": "616.59"}, {"price": "0.98", "size": "86.1"}, {"price": "0.97", "size": "66"}, {"price": "0.96", "size": "132.96"}, {"price": "0.95", "size": "20"}, {"price": "0.94", "size": "38.47"}], "event_type": "book", "last_trade_price": ""}, {"market": "0xcf00b11c66cc3ec7a2f6709fa70a21efe19a7e55aa1555f7d6a41f55d51e3a6c", "asset_id": "33679036825251160484977254665718135791268646530654790175082350094833018656475", "timestamp": "1769382484884", "hash": "b14828adbd337d4c4000afbc2697f70c1169e35c", "bids": [{"price": "0.01", "size": "614.69"}, {"price": "0.02", "size": "88.64"}, {"price": "0.03", "size": "66"}, {"price": "0.04", "size": "132.17"}, {"price": "0.05", "size": "20"}, {"price": "0.06", "size": "38.47"}], "asks": [{"price": "0.99", "size": "3629.25"}, {"price": "0.98", "size": "63.32"}, {"price": "0.95", "size": "100"}, {"price": "0.94", "size": "76"}, {"price": "0.93", "size": "164.3"}], "event_type": "book", "last_trade_price": ""}]}
