{"_local_timestamp": "2026-01-25T23:40:53.407835+00:00", "data": [{"market": "0xfb9209dfaa7d37d1467c798b93a71c7f094d0c9483ce891cc8932e9bbafbb8ab", "asset_id": "52746868720512831930937381090439675672168331234410876842855597733534043852645", "timestamp": "1769384451751", "hash": "e3a25d6e77a3657cf2e5ed4776a4b13ec0891bc0", "bids": [{"price": "0.01", "size": "1030.25"}, {"price": "0.02", "size": "983.2"}, {"price": "0.03", "size": "10.35"}, {"price": "0.05", "size": "30"}, {"price": "0.06", "size": "340.16"}, {"price": "0.07", "size": "385.71"}, {"price": "0.08", "size": "500"}, {"price": "0.09", "size": "10.48"}, {"price": "0.14", "size": "79"}, {"price": "0.15", "size": "160"}], "asks": [{"price": "0.99", "size": "1029.81"}, {"price": "0.98", "size": "25"}, {"price": "0.97", "size": "5.62"}, {"price": "0.94", "size": "33"}, {"price": "0.93", "size": "11.17"}, {"price": "0.92", "size": "300"}, {"price": "0.91", "size": "200"}, {"price": "0.9", "size": "125"}, {"price": "0.89", "size": "193.18"}, {"price": "0.87", "size": "84.61"}, {"price": "0.86", "size": "42"}, {"price": "0.81", "size": "5"}, {"price": "0.8", "size": "160"}], "event_type": "book", "last_trade_price": ""}, {"market": "0x083965633a28f77bef3fb4841308edf42a3b270f057efce283dfac723ed0220d", "asset_id": "27766534490960516868436656671241680217023787344656933379394778043102476758840", "timestamp": "1769383994334", "hash": "d6656b400c7be93e2290121993f2d8206234d390", "bids": [{"price": "0.01", "size": "921.92"}, {"price": "0.02", "size": "705.75"}, {"price": "0.03", "size": "14.02"}, {"price": "0.05", "size": "30"}, {"price": "0.06", "size": "33"}, {"price": "0.07", "size": "6.64"}, {"price": "0.11", "size": "300"}, {"price": "0.12", "size": "308.33"}, {"price": "0.13", "size": "125"}, {"price": "0.14", "size": "253.57"}, {"price": "0.15", "size": "5.86"}, {"price": "0.17", "size": "79"}, {"price": "0.29", "size": "10"}, {"price": "0.3", "size": "150"}], "asks": [{"price": "0.99", "size": "127.03"}, {"price": "0.98", "size": "25"}, {"price": "0.97", "size": "18.21"}, {"price": "0.94", "size": "342.05"}, {"price": "0.93", "size": "205.47"}, {"price": "0.92", "size": "362.5"}, {"price": "0.91", "size": "61.11"}, {"price": "0.9", "size": "71"}, {"price": "0.84", "size": "10"}, {"price": "0.83", "size": "150"}], "event_type": "book", "last_trade_price": ""}, {"market": "0x70bb2ab335041982158b5fb7b5c7b7c4521cc4527923aa349700088978a2ec42", "asset_id": "85893221605469543513733568621290952168691819483530503735746037535132134978277", "timestamp": "1769384250755", "hash": "7d70ae1244f22eaa2fd6266c76c3b17480be51cf", "bids": [{"price": "0.01", "size": "927.57"}, {"price": "0.02", "size": "700"}, {"price": "0.03", "size": "9.91"}, {"price": "0.05", "size": "530"}, {"price": "0.06", "size": "33"}, {"price": "0.07", "size": "8.18"}, {"price": "0.13", "size": "100"}, {"price": "0.15", "size": "473.33"}, {"price": "0.16", "size": "200"}, {"price": "0.17", "size": "5.61"}, {"price": "0.18", "size": "125"}, {"price": "0.19", "size": "75"}, {"price": "0.2", "size": "37"}, {"price": "0.41", "size": "10"}, {"price": "0.5", "size": "10"}, {"price": "0.51", "size": "140"}], "asks": [{"price": "0.99", "size": "534.32"}, {"price": "0.98", "size": "25"}, {"price": "0.97", "size": "315.77"}, {"price": "0.96", "size": "400"}, {"price": "0.94", "size": "42.05"}, {"price": "0.93", "size": "38.47"}, {"price": "0.92", "size": "160"}], "event_type": "book", "last_trade_price": "0.420"}, {"market": "0xfb9209dfaa7d37d1467c798b93a71c7f094d0c9483ce891cc8932e9bbafbb8ab", "asset_id": "19386621984632854446011216575580930413447340842901102477660390401472966195758", "timestamp": "1769384451751", "hash": "3310468e74627eca9a7c9bd1ec857f08f714b059", "bids": [{"price": "0.01", "size": "1029.81"}, {"price": "0.02", "size": "25"}, {"price": "0.03", "size": "5.62"}, {"price": "0.06", "size": "33"}, {"price": "0.07", "size": "11.17"}, {"price": "0.08", "size": "300"}, {"price": "0.09", "size": "200"}, {"price": "0.1", "size": "125"}, {"price": "0.11", "size": "193.18"}, {"price": "0.13", "size": "84.61"}, {"price": "0.14", "size": "42"}, {"price": "0.19", "size": "5"}, {"price": "0.2", "size": "160"}], "asks": [{"price": "0.99", "size": "1030.25"}, {"price": "0.98", "size": "983.2"}, {"price": "0.97", "size": "10.35"}, {"price": "0.95", "size": "30"}, {"price": "0.94", "size": "340.16"}, {"price": "0.93", "size": "385.71"}, {"price": "0.92", "size": "500"}, {"price": "0.91", "size": "10.48"}, {"price": "0.86", "size": "79"}, {"price": "0.85", "size": "160"}], "event_type": "book", "last_trade_price": ""}, {"market": "0x083965633a28f77bef3fb4841308edf42a3b270f057efce283dfac723ed0220d", "asset_id": "66648580297644950150479655313684696936000920046753260170476775676476293548269", "timestamp": "1769383994334", "hash": "c5d07cc48f23b35bb8c75eee3f3ef12f25642991", "bids": [{"price": "0.01", "size": "127.03"}, {"price": "0.02", "size": "25"}, {"price": "0.03", "size": "18.21"}, {"price": "0.06", "size": "342.05"}, {"price": "0.07", "size": "205.47"}, {"price": "0.08", "size": "362.5"}, {"price": "0.09", "size": "61.11"}, {"price": "0.1", "size": "71"}, {"price": "0.16", "size": "10"}, {"price": "0.17", "size": "150"}], "asks": [{"price": "0.99", "size": "921.92"}, {"price": "0.98", "size": "705.75"}, {"price": "0.97", "size": "14.02"}, {"price": "0.95", "size": "30"}, {"price": "0.94", "size": "33"}, {"price": "0.93", "size": "6.64"}, {"price": "0.89", "size": "300"}, {"price": "0.88", "size": "308.33"}, {"price": "0.87", "size": "125"}, {"price": "0.86", "size": "253.57"}, {"price": "0.85", "size": "5.86"}, {"price": "0.83", "size": "79"}, {"price": "0.71", "size": "10"}, {"price": "0.7", "size": "150"}], "event_type": "book", "last_trade_price": ""}, {"market": "0x70bb2ab335041982158b5fb7b5c7b7c4521cc4527923aa349700088978a2ec42", "asset_id": "82542585043265272417330223754671585759173160199479826534815480485591482493957", "timestamp": "1769384250755", "hash": "1256e76688ea58161fffa18c6a601145892df711", "bids": [{"price": "0.01", "size": "534.32"}, {"price": "0.02", "size": "25"}, {"price": "0.03", "size": "315.77"}, {"price": "0.04", "size": "400"}, {"price": "0.06", "size": "42.05"}, {"price": "0.07", "size": "38.47"}, {"price": "0.08", "size": "160"}], "asks": [{"price": "0.99", "size": "927.57"}, {"price": "0.98", "size": "700"}, {"price": "0.97", "size": "9.91"}, {"price": "0.95", "size": "530"}, {"price": "0.94", "size": "33"}, {"price": "0.93", "size": "8.18"}, {"price": "0.87", "size": "100"}, {"price": "0.85", "size": "473.33"}, {"price": "0.84", "size": "200"}, {"price": "0.83", "size": "5.61"}, {"price": "0.82", "size": "125"}, {"price": "0.81", "size": "75"}, {"price": "0.8", "size": "37"}, {"price": "0.59", "size": "10"}, {"price": "0.5", "size": "10"}, {"price": "0.49", "size": "140"}], "event_type": "book", "last_trade_price": "0.420"}]}
{"_local_timestamp": "2026-01-25T23:40:53.941820+00:00", "data": {"market": "0xfb9209dfaa7d37d1467c798b93a71c7f094d0c9483ce891cc8932e9bbafbb8ab", "price_changes": [{"asset_id": "19386621984632854446011216575580930413447340842901102477660390401472966195758", "price": "0.2", "size": "10", "side": "BUY", "hash": "a7b14701a8979491ff21aeaecdb6ceb113f98831", "best_bid": "0.2", "best_ask": "0.85"}, {"asset_id": "52746868720512831930937381090439675672168331234410876842855597733534043852645", "price": "0.8", "size": "10", "side": "SELL", "hash": "3bf73d360c790b0cf0fdbae6b0afa6ba35460de1", "best_bid": "0.15", "best_ask": "0.8"}], "timestamp": "1769384453876", "event_type": "price_change"}}
{"_local_timestamp": "2026-01-25T23:40:53.954638+00:00", "data": {"market": "0xfb9209dfaa7d37d1467c798b93a71c7f094d0c9483ce891cc8932e9bbafbb8ab", "price_changes": [{"asset_id": "52746868720512831930937381090439675672168331234410876842855597733534043852645", "price": "0.15", "size": "10", "side": "BUY", "hash": "310deb8d1fb5112b499c7f99acfdf5df702b782e", "best_bid": "0.15", "best_ask": "0.8"}, {"asset_id": "19386621984632854446011216575580930413447340842901102477660390401472966195758", "price": "0.85", "size": "10", "side": "SELL", "hash": "712d42a46f41cc71d199467d34ec88d580537f38", "best_bid": "0.2", "best_ask": "0.85"}], "timestamp": "1769384453877", "event_type": "price_change"}}
{"_local_timestamp": "2026-01-25T23:40:54.250701+00:00", "data": {"market": "0xfb9209dfaa7d37d1467c798b93a71c7f094d0c9483ce891cc8932e9bbafbb8ab", "price_changes": [{"asset_id": "19386621984632854446011216575580930413447340842901102477660390401472966195758", "price": "0.21", "size": "150", "side": "BUY", "hash": "93eefa70b2def92e65f8a816a43528a974e64f59", "best_bid": "0.21", "best_ask": "0.85"}, {"asset_id": "52746868720512831930937381090439675672168331234410876842855597733534043852645", "price": "0.79", "size": "150", "side": "SELL", "hash": "527d975ba0c9f3a4399d0510ba2a2528949e4ca3", "best_bid": "0.15", "best_ask": "0.79"}], "timestamp": "1769384454180", "event_type": "price_change"}}
{"_local_timestamp": "2026-01-25T23:40:54.258953+00:00", "data": {"market": "0xfb9209dfaa7d37d1467c798b93a71c7f094d0c9483ce891cc8932e9bbafbb8ab", "price_changes": [{"asset_id": "52746868720512831930937381090439675672168331234410876842855597733534043852645", "price": "0.16", "size": "150", "side": "BUY", "hash": "222ba1a07a47c46ba330fa291926c91c0bfb2557", "best_bid": "0.16", "best_ask": "0.79"}, {"asset_id": "19386621984632854446011216575580930413447340842901102477660390401472966195758", "price": "0.84", "size": "150", "side": "SELL", "hash": "fda6ed9c6ace1f2234c5a2fb28a88456806d54aa", "best_bid": "0.21", "best_ask": "0.84"}], "timestamp": "1769384454181", "event_type": "price_change"}}
{"_local_timestamp": "2026-01-25T23:40:54.403252+00:00", "data": {"market": "0xfb9209dfaa7d37d1467c798b93a71c7f094d0c9483ce891cc8932e9bbafbb8ab", "price_changes": [{"asset_id": "52746868720512831930937381090439675672168331234410876842855597733534043852645", "price": "0.15", "size": "5", "side": "BUY", "hash": "f56944c63ab8e9d77c87c21daaa7327201d778e6", "best_bid": "0.16", "best_ask": "0.79"}, {"asset_id": "19386621984632854446011216575580930413447340842901102477660390401472966195758", "price": "0.85", "size": "5", "side": "SELL", "hash": "a10d0053d9fb658542ae792768928bf4d820181f", "best_bid": "0.21", "best_ask": "0.84"}], "timestamp": "1769384454335", "event_type": "price_change"}}
{"_local_timestamp": "2026-01-25T23:40:54.409468+00:00", "data": {"market": "0xfb9209dfaa7d37d1467c798b93a71c7f094d0c9483ce891cc8932e9bbafbb8ab", "price_changes": [{"asset_id": "19386621984632854446011216575580930413447340842901102477660390401472966195758", "price": "0.2", "size": "5", "side": "BUY", "hash": "8cb80cbca75b6f9c75fdffba6719449b582169c0", "best_bid": "0.21", "best_ask": "0.84"}, {"asset_id": "52746868720512831930937381090439675672168331234410876842855597733534043852645", "price": "0.8", "size": "5", "side": "SELL", "hash": "4972ff2945146dd0064c56f0966991fbf049afff", "best_bid": "0.16", "best_ask": "0.79"}], "timestamp": "1769384454339", "event_type": "price_change"}}
{"_local_timestamp": "2026-01-25T23:40:55.445409+00:00", "data": {"market": "0xfb9209dfaa7d37d1467c798b93a71c7f094d0c9483ce891cc8932e9bbafbb8ab", "price_changes": [{"asset_id": "19386621984632854446011216575580930413447340842901102477660390401472966195758", "price": "0.15", "size": "8.5", "side": "BUY", "hash": "fe257a23c235bb527b6f7ba75af389d544dab128", "best_bid": "0.21", "best_ask": "0.84"}, {"asset_id": "52746868720512831930937381090439675672168331234410876842855597733534043852645", "price": "0.85", "size": "8.5", "side": "SELL", "hash": "d5bba4f31c13e9add406ba6ad248f35a5d8362ee", "best_bid": "0.16", "best_ask": "0.79"}], "timestamp": "1769384455363", "event_type": "price_change"}}
{"_local_timestamp": "2026-01-25T23:40:55.448787+00:00", "data": {"market": "0xfb9209dfaa7d37d1467c798b93a71c7f094d0c9483ce891cc8932e9bbafbb8ab", "price_changes": [{"asset_id": "52746868720512831930937381090439675672168331234410876842855597733534043852645", "price": "0.16", "size": "158.5", "side": "BUY", "hash": "bc8d2237a3fd4692c01bceee4be147f6eaf09aa7", "best_bid": "0.16", "best_ask": "0.79"}, {"asset_id": "19386621984632854446011216575580930413447340842901102477660390401472966195758", "price": "0.84", "size": "158.5", "side": "SELL", "hash": "19c3176185fa76dbaabad8ff39baeea8eccc9a00", "best_bid": "0.21", "best_ask": "0.84"}], "timestamp": "1769384455364", "event_type": "price_change"}}
{"_local_timestamp": "2026-01-25T23:40:55.598394+00:00", "data": {"market": "0xfb9209dfaa7d37d1467c798b93a71c7f094d0c9483ce891cc8932e9bbafbb8ab", "price_changes": [{"asset_id": "52746868720512831930937381090439675672168331234410876842855597733534043852645", "price": "0.15", "size": "0", "side": "BUY", "hash": "f0bd355680c0a46698193b3697ce7711b119b11b", "best_bid": "0.16", "best_ask": "0.79"}, {"asset_id": "19386621984632854446011216575580930413447340842901102477660390401472966195758", "price": "0.85", "size": "0", "side": "SELL", "hash": "1d5a0e6ed0ca6ec8b4d6434876847376f1756406", "best_bid": "0.21", "best_ask": "0.84"}], "timestamp": "1769384455505", "event_type": "price_change"}}
{"_local_timestamp": "2026-01-25T23:40:55.602520+00:00", "data": {"market": "0xfb9209dfaa7d37d1467c798b93a71c7f094d0c9483ce891cc8932e9bbafbb8ab", "price_changes": [{"asset_id": "19386621984632854446011216575580930413447340842901102477660390401472966195758", "price": "0.2", "size": "0", "side": "BUY", "hash": "d2ad0146bf108ec36e7c8f03743c33f2b40365b7", "best_bid": "0.21", "best_ask": "0.84"}, {"asset_id": "52746868720512831930937381090439675672168331234410876842855597733534043852645", "price": "0.8", "size": "0", "side": "SELL", "hash": "03ca180a82aa95df480b83cba81a4af04a24e3cb", "best_bid": "0.16", "best_ask": "0.79"}], "timestamp": "1769384455507", "event_type": "price_change"}}
{"_local_timestamp": "2026-01-25T23:40:57.163953+00:00", "data": {"market": "0xfb9209dfaa7d37d1467c798b93a71c7f094d0c9483ce891cc8932e9bbafbb8ab", "price_changes": [{"asset_id": "52746868720512831930937381090439675672168331234410876842855597733534043852645", "price": "0.16", "size": "163.5", "side": "BUY", "hash": "6f24a9f43c83cc145cb6351ed0c4eac9beba6be7", "best_bid": "0.16", "best_ask": "0.79"}, {"asset_id": "19386621984632854446011216575580930413447340842901102477660390401472966195758", "price": "0.84", "size": "163.5", "side": "SELL", "hash": "2e965ab27903849a08dcebe57ccc43a42cec1824", "best_bid": "0.21", "best_ask": "0.84"}], "timestamp": "1769384457081", "event_type": "price_change"}}
{"_local_timestamp": "2026-01-25T23:40:59.037313+00:00", "data": {"market": "0xfb9209dfaa7d37d1467c798b93a71c7f094d0c9483ce891cc8932e9bbafbb8ab", "price_changes": [{"asset_id": "52746868720512831930937381090439675672168331234410876842855597733534043852645", "price": "0.16", "size": "168.5", "side": "BUY", "hash": "2f4b04573b6dae7af74fa0d504eb0adce558f536", "best_bid": "0.16", "best_ask": "0.79"}, {"asset_id": "19386621984632854446011216575580930413447340842901102477660390401472966195758", "price": "0.84", "size": "168.5", "side": "SELL", "hash": "8080651802aea879ce715fbe5838fad9a3cdf388", "best_bid": "0.21", "best_ask": "0.84"}], "timestamp": "1769384458262", "event_type": "price_change"}}
{"_local_timestamp": "2026-01-25T23:40:59.039382+00:00", "data": {"market": "0xfb9209dfaa7d37d1467c798b93a71c7f094d0c9483ce891cc8932e9bbafbb8ab", "price_changes": [{"asset_id": "19386621984632854446011216575580930413447340842901102477660390401472966195758", "price": "0.15", "size": "0", "side": "BUY", "hash": "58da5fec1fe811707f02b578ead4739aaffe41f5", "best_bid": "0.21", "best_ask": "0.84"}, {"asset_id": "52746868720512831930937381090439675672168331234410876842855597733534043852645", "price": "0.85", "size": "0", "side": "SELL", "hash": "6871b25c07829a06a5f9baeb05bc2305a4926610", "best_bid": "0.16", "best_ask": "0.79"}], "timestamp": "1769384458533", "event_type": "price_change"}}
{"_local_timestamp": "2026-01-25T23:40:59.041370+00:00", "data": {"market": "0xfb9209dfaa7d37d1467c798b93a71c7f094d0c9483ce891cc8932e9bbafbb8ab", "price_changes": [{"asset_id": "19386621984632854446011216575580930413447340842901102477660390401472966195758", "price": "0.22", "size": "8.5", "side": "BUY", "hash": "759aada2451d664834678ebf456d0cb6a1282ccd", "best_bid": "0.22", "best_ask": "0.84"}, {"asset_id": "52746868720512831930937381090439675672168331234410876842855597733534043852645", "price": "0.78", "size": "8.5", "side": "SELL", "hash": "aa70e951a1ab43a4d4cc46a769ccff6f13a87d38", "best_bid": "0.16", "best_ask": "0.78"}], "timestamp": "1769384458593", "event_type": "price_change"}}
{"_local_timestamp": "2026-01-25T23:40:59.401442+00:00", "data": {"market": "0xfb9209dfaa7d37d1467c798b93a71c7f094d0c9483ce891cc8932e9bbafbb8ab", "price_changes": [{"asset_id": "19386621984632854446011216575580930413447340842901102477660390401472966195758", "price": "0.21", "size": "0", "side": "BUY", "hash": "f69988b9655a08f9caaec9dd0c181c5f17707566", "best_bid": "0.22", "best_ask": "0.84"}, {"asset_id": "52746868720512831930937381090439675672168331234410876842855597733534043852645", "price": "0.79", "size": "0", "side": "SELL", "hash": "f20d35ef42a25dc56d90b451b11183139bee652e", "best_bid": "0.16", "best_ask": "0.78"}], "timestamp": "1769384459328", "event_type": "price_change"}}
{"_local_timestamp": "2026-01-25T23:40:59.406148+00:00", "data": {"market": "0xfb9209dfaa7d37d1467c798b93a71c7f094d0c9483ce891cc8932e9bbafbb8ab", "price_changes": [{"asset_id": "52746868720512831930937381090439675672168331234410876842855597733534043852645", "price": "0.16", "size": "18.5", "side": "BUY", "hash": "83630cbed9bee5217e21c1efa29cae5544864758", "best_bid": "0.16", "best_ask": "0.78"}, {"asset_id": "19386621984632854446011216575580930413447340842901102477660390401472966195758", "price": "0.84", "size": "18.5", "side": "SELL", "hash": "efad5849fe693bd7f0ddcf9b21539fa69818069c", "best_bid": "0.22", "best_ask": "0.84"}], "timestamp": "1769384459329", "event_type": "price_change"}}
{"_local_timestamp": "2026-01-25T23:40:59.649325+00:00", "data": {"market": "0xfb9209dfaa7d37d1467c798b93a71c7f094d0c9483ce891cc8932e9bbafbb8ab", "price_changes": [{"asset_id": "19386621984632854446011216575580930413447340842901102477660390401472966195758", "price": "0.23", "size": "150", "side": "BUY", "hash": "9a684ea835d15cb5a855ff41bb25152867491302", "best_bid": "0.23", "best_ask": "0.84"}, {"asset_id": "52746868720512831930937381090439675672168331234410876842855597733534043852645", "price": "0.77", "size": "150", "side": "SELL", "hash": "cadc88b7162042911fc543557b33464175a7a73f", "best_bid": "0.16", "best_ask": "0.77"}], "timestamp": "1769384459575", "event_type": "price_change"}}
{"_local_timestamp": "2026-01-25T23:40:59.651401+00:00", "data": {"market": "0xfb9209dfaa7d37d1467c798b93a71c7f094d0c9483ce891cc8932e9bbafbb8ab", "price_changes": [{"asset_id": "52746868720512831930937381090439675672168331234410876842855597733534043852645", "price": "0.17", "size": "150", "side": "BUY", "hash": "ae85993f1d1ddf08cc8d5b977b2b8bfc53b8ee9b", "best_bid": "0.17", "best_ask": "0.77"}, {"asset_id": "19386621984632854446011216575580930413447340842901102477660390401472966195758", "price": "0.83", "size": "150", "side": "SELL", "hash": "f1b6aa025329860a2511e9547a06d4f61919d84f", "best_bid": "0.23", "best_ask": "0.83"}], "timestamp": "1769384459576", "event_type": "price_change"}}
{"_local_timestamp": "2026-01-25T23:40:59.762618+00:00", "data": {"market": "0xfb9209dfaa7d37d1467c798b93a71c7f094d0c9483ce891cc8932e9bbafbb8ab", "price_changes": [{"asset_id": "52746868720512831930937381090439675672168331234410876842855597733534043852645", "price": "0.16", "size": "13.5", "side": "BUY", "hash": "4057e9fa72719b8dc4a47b8dbb175ac060fa8172", "best_bid": "0.17", "best_ask": "0.77"}, {"asset_id": "19386621984632854446011216575580930413447340842901102477660390401472966195758", "price": "0.84", "size": "13.5", "side": "SELL", "hash": "cc8ebfbcd95909a2d433cf53333445ef84863169", "best_bid": "0.23", "best_ask": "0.83"}], "timestamp": "1769384459695", "event_type": "price_change"}}
{"_local_timestamp": "2026-01-25T23:41:01.365932+00:00", "data": {"market": "0xfb9209dfaa7d37d1467c798b93a71c7f094d0c9483ce891cc8932e9bbafbb8ab", "price_changes": [{"asset_id": "52746868720512831930937381090439675672168331234410876842855597733534043852645", "price": "0.16", "size": "8.5", "side": "BUY", "hash": "2178f09a3805ddf820775e97e603cda621a5e3ad", "best_bid": "0.17", "best_ask": "0.77"}, {"asset_id": "19386621984632854446011216575580930413447340842901102477660390401472966195758", "price": "0.84", "size": "8.5", "side": "SELL", "hash": "d1158e109351ed99f5a233f65fcf08cf4ab5ddc9", "best_bid": "0.23", "best_ask": "0.83"}], "timestamp": "1769384461298", "event_type": "price_change"}}
{"_local_timestamp": "2026-01-25T23:41:01.559064+00:00", "data": {"market": "0xfb9209dfaa7d37d1467c798b93a71c7f094d0c9483ce891cc8932e9bbafbb8ab", "price_changes": [{"asset_id": "52746868720512831930937381090439675672168331234410876842855597733534043852645", "price": "0.16", "size": "0", "side": "BUY", "hash": "54874834b9c3222866a4e777804c0fefdab92be8", "best_bid": "0.17", "best_ask": "0.77"}, {"asset_id": "19386621984632854446011216575580930413447340842901102477660390401472966195758", "price": "0.84", "size": "0", "side": "SELL", "hash": "aa97a8da7765baaeb33ab92062b5b0bac065087d", "best_bid": "0.23", "best_ask": "0.83"}], "timestamp": "1769384461487", "event_type": "price_change"}}
{"_local_timestamp": "2026-01-25T23:41:01.561046+00:00", "data": {"market": "0xfb9209dfaa7d37d1467c798b93a71c7f094d0c9483ce891cc8932e9bbafbb8ab", "price_changes": [{"asset_id": "19386621984632854446011216575580930413447340842901102477660390401472966195758", "price": "0.22", "size": "0", "side": "BUY", "hash": "f50ef8d18be94dd28b91496f22bbdedc9240a92e", "best_bid": "0.23", "best_ask": "0.83"}, {"asset_id": "52746868720512831930937381090439675672168331234410876842855597733534043852645", "price": "0.78", "size": "0", "side": "SELL", "hash": "e5fe73e8e860cf556230933c4df784b36aed96e9", "best_bid": "0.17", "best_ask": "0.77"}], "timestamp": "1769384461487", "event_type": "price_change"}}
{"_local_timestamp": "2026-01-25T23:41:04.809538+00:00", "data": {"market": "0xfb9209dfaa7d37d1467c798b93a71c7f094d0c9483ce891cc8932e9bbafbb8ab", "price_changes": [{"asset_id": "52746868720512831930937381090439675672168331234410876842855597733534043852645", "price": "0.17", "size": "0", "side": "BUY", "hash": "64b723d3ab1cc7b11f4dc36461cac45b12f9ff27", "best_bid": "0.14", "best_ask": "0.77"}, {"asset_id": "19386621984632854446011216575580930413447340842901102477660390401472966195758", "price": "0.83", "size": "0", "side": "SELL", "hash": "de82b12d43e551b719c16cfca1a2200d13028052", "best_bid": "0.23", "best_ask": "0.86"}], "timestamp": "1769384464738", "event_type": "price_change"}}
{"_local_timestamp": "2026-01-25T23:41:04.811447+00:00", "data": {"market": "0xfb9209dfaa7d37d1467c798b93a71c7f094d0c9483ce891cc8932e9bbafbb8ab", "price_changes": [{"asset_id": "19386621984632854446011216575580930413447340842901102477660390401472966195758", "price": "0.23", "size": "0", "side": "BUY", "hash": "43e2f4ada895d57a3312d826f776803efba6afac", "best_bid": "0.19", "best_ask": "0.86"}, {"asset_id": "52746868720512831930937381090439675672168331234410876842855597733534043852645", "price": "0.77", "size": "0", "side": "SELL", "hash": "55f72c770ec5e6836f5966fbbc1973dd40538be4", "best_bid": "0.14", "best_ask": "0.81"}], "timestamp": "1769384464738", "event_type": "price_change"}}
{"_local_timestamp": "2026-01-25T23:41:05.096682+00:00", "data": {"market": "0xfb9209dfaa7d37d1467c798b93a71c7f094d0c9483ce891cc8932e9bbafbb8ab", "price_changes": [{"asset_id": "52746868720512831930937381090439675672168331234410876842855597733534043852645", "price": "0.15", "size": "150", "side": "BUY", "hash": "7ce07364968002a9994fa185d33645b6b5e4e1fd", "best_bid": "0.15", "best_ask": "0.81"}, {"asset_id": "19386621984632854446011216575580930413447340842901102477660390401472966195758", "price": "0.85", "size": "150", "side": "SELL", "hash": "7febf7994cded66a1a811b819f6f6836b82875a0", "best_bid": "0.19", "best_ask": "0.85"}], "timestamp": "1769384465015", "event_type": "price_change"}}
{"_local_timestamp": "2026-01-25T23:41:05.098700+00:00", "data": {"market": "0xfb9209dfaa7d37d1467c798b93a71c7f094d0c9483ce891cc8932e9bbafbb8ab", "price_changes": [{"asset_id": "19386621984632854446011216575580930413447340842901102477660390401472966195758", "price": "0.2", "size": "150", "side": "BUY", "hash": "cc9f03c40a01b7759cb0bcb87740b070803fed12", "best_bid": "0.2", "best_ask": "0.85"}, {"asset_id": "52746868720512831930937381090439675672168331234410876842855597733534043852645", "price": "0.8", "size": "150", "side": "SELL", "hash": "ee7b7bcc55954088684d0d224283e88723d5127c", "best_bid": "0.15", "best_ask": "0.8"}], "timestamp": "1769384465017", "event_type": "price_change"}}
{"_local_timestamp": "2026-01-25T23:41:05.257991+00:00", "data": {"market": "0xfb9209dfaa7d37d1467c798b93a71c7f094d0c9483ce891cc8932e9bbafbb8ab", "price_changes": [{"asset_id": "52746868720512831930937381090439675672168331234410876842855597733534043852645", "price": "0.18", "size": "8.5", "side": "BUY", "hash": "f0b68aca2df07439d74930f0fdbf1895728cec0f", "best_bid": "0.18", "best_ask": "0.8"}, {"asset_id": "19386621984632854446011216575580930413447340842901102477660390401472966195758", "price": "0.82", "size": "8.5", "side": "SELL", "hash": "261e7c854bacb73ac8956a92d53ffccc6d54fbe2", "best_bid": "0.2", "best_ask": "0.82"}], "timestamp": "1769384465189", "event_type": "price_change"}}
{"_local_timestamp": "2026-01-25T23:41:05.260581+00:00", "data": {"market": "0xfb9209dfaa7d37d1467c798b93a71c7f094d0c9483ce891cc8932e9bbafbb8ab", "price_changes": [{"asset_id": "19386621984632854446011216575580930413447340842901102477660390401472966195758", "price": "0.15", "size": "8.5", "side": "BUY", "hash": "e6508f64f5009355808ea57ec0ba437bfac11619", "best_bid": "0.2", "best_ask": "0.82"}, {"asset_id": "52746868720512831930937381090439675672168331234410876842855597733534043852645", "price": "0.85", "size": "8.5", "side": "SELL", "hash": "9c1070125632d12a4704145d772d3b90e1046cb9", "best_bid": "0.18", "best_ask": "0.8"}], "timestamp": "1769384465190", "event_type": "price_change"}}
{"_local_timestamp": "2026-01-25T23:41:05.992416+00:00", "data": {"market": "0xfb9209dfaa7d37d1467c798b93a71c7f094d0c9483ce891cc8932e9bbafbb8ab", "price_changes": [{"asset_id": "19386621984632854446011216575580930413447340842901102477660390401472966195758", "price": "0.2", "size": "155", "side": "BUY", "hash": "923f7aa4c18e54c7078e307abb709e5e6b5f6552", "best_bid": "0.2", "best_ask": "0.82"}, {"asset_id": "52746868720512831930937381090439675672168331234410876842855597733534043852645", "price": "0.8", "size": "155", "side": "SELL", "hash": "b2837bc1b51e4de1091b2ac76b3d02ff7ed4d36c", "best_bid": "0.18", "best_ask": "0.8"}], "timestamp": "1769384465918", "event_type": "price_change"}}
{"_local_timestamp": "2026-01-25T23:41:06.014903+00:00", "data": {"market": "0xfb9209dfaa7d37d1467c798b93a71c7f094d0c9483ce891cc8932e9bbafbb8ab", "price_changes": [{"asset_id": "52746868720512831930937381090439675672168331234410876842855597733534043852645", "price": "0.18", "size": "13.5", "side": "BUY", "hash": "0a6889e6a7f33ab03b7361bad4b5c4c2572e4a14", "best_bid": "0.18", "best_ask": "0.8"}, {"asset_id": "19386621984632854446011216575580930413447340842901102477660390401472966195758", "price": "0.82", "size": "13.5", "side": "SELL", "hash": "7d5d4d96b2e3a55f07fb257fff24e08866d850dd", "best_bid": "0.2", "best_ask": "0.82"}], "timestamp": "1769384465920", "event_type": "price_change"}}
{"_local_timestamp": "2026-01-25T23:41:06.037052+00:00", "data": {"market": "0xfb9209dfaa7d37d1467c798b93a71c7f094d0c9483ce891cc8932e9bbafbb8ab", "price_changes": [{"asset_id": "52746868720512831930937381090439675672168331234410876842855597733534043852645", "price": "0.18", "size": "18.5", "side": "BUY", "hash": "b33d190f135fe12e3c24bbae4ae8ee4f184330d5", "best_bid": "0.18", "best_ask": "0.8"}, {"asset_id": "19386621984632854446011216575580930413447340842901102477660390401472966195758", "price": "0.82", "size": "18.5", "side": "SELL", "hash": "1c7d338c2851df07bc4ee217bfe5246a0a4c8142", "best_bid": "0.2", "best_ask": "0.82"}], "timestamp": "1769384465922", "event_type": "price_change"}}
{"_local_timestamp": "2026-01-25T23:41:06.090948+00:00", "data": {"market": "0xfb9209dfaa7d37d1467c798b93a71c7f094d0c9483ce891cc8932e9bbafbb8ab", "price_changes": [{"asset_id": "19386621984632854446011216575580930413447340842901102477660390401472966195758", "price": "0.2", "size": "160", "side": "BUY", "hash": "9d377f6f212d1997543eb901c028a8ae857d242f", "best_bid": "0.2", "best_ask": "0.82"}, {"asset_id": "52746868720512831930937381090439675672168331234410876842855597733534043852645", "price": "0.8", "size": "160", "side": "SELL", "hash": "722c67039bc6089e640f219207f6f7df268938ca", "best_bid": "0.18", "best_ask": "0.8"}], "timestamp": "1769384465922", "event_type": "price_change"}}
{"_local_timestamp": "2026-01-25T23:41:08.278832+00:00", "data": {"market": "0xfb9209dfaa7d37d1467c798b93a71c7f094d0c9483ce891cc8932e9bbafbb8ab", "price_changes": [{"asset_id": "52746868720512831930937381090439675672168331234410876842855597733534043852645", "price": "0.18", "size": "10", "side": "BUY", "hash": "1d0c589682f111461b31a08834be2d5707776f79", "best_bid": "0.18", "best_ask": "0.8"}, {"asset_id": "19386621984632854446011216575580930413447340842901102477660390401472966195758", "price": "0.82", "size": "10", "side": "SELL", "hash": "59f22f9d1ff22e68de879a71d90e76f100f404d6", "best_bid": "0.2", "best_ask": "0.82"}], "timestamp": "1769384468211", "event_type": "price_change"}}
{"_local_timestamp": "2026-01-25T23:41:08.282251+00:00", "data": {"market": "0xfb9209dfaa7d37d1467c798b93a71c7f094d0c9483ce891cc8932e9bbafbb8ab", "price_changes": [{"asset_id": "19386621984632854446011216575580930413447340842901102477660390401472966195758", "price": "0.15", "size": "0", "side": "BUY", "hash": "63d2cb0e66c25705aefdc41d45089ff47c2903ae", "best_bid": "0.2", "best_ask": "0.82"}, {"asset_id": "52746868720512831930937381090439675672168331234410876842855597733534043852645", "price": "0.85", "size": "0", "side": "SELL", "hash": "40cf7aed682c34b8940b10a940dd7fe979de9698", "best_bid": "0.18", "best_ask": "0.8"}], "timestamp": "1769384468212", "event_type": "price_change"}}
{"_local_timestamp": "2026-01-25T23:41:10.230664+00:00", "data": {"market": "0xfb9209dfaa7d37d1467c798b93a71c7f094d0c9483ce891cc8932e9bbafbb8ab", "price_changes": [{"asset_id": "19386621984632854446011216575580930413447340842901102477660390401472966195758", "price": "0.2", "size": "10", "side": "BUY", "hash": "4a208dd917496c16f53b25ce2b2bdb79cfa0962f", "best_bid": "0.2", "best_ask": "0.82"}, {"asset_id": "52746868720512831930937381090439675672168331234410876842855597733534043852645", "price": "0.8", "size": "10", "side": "SELL", "hash": "4e8c472fefd01badbc54fe94ebb5a9ff8bd32bb0", "best_bid": "0.18", "best_ask": "0.8"}], "timestamp": "1769384470149", "event_type": "price_change"}}
{"_local_timestamp": "2026-01-25T23:41:10.233139+00:00", "data": {"market": "0xfb9209dfaa7d37d1467c798b93a71c7f094d0c9483ce891cc8932e9bbafbb8ab", "price_changes": [{"asset_id": "52746868720512831930937381090439675672168331234410876842855597733534043852645", "price": "0.15", "size": "0", "side": "BUY", "hash": "02bc4d535c8c93b087d5522df2d2801dd5772bf0", "best_bid": "0.18", "best_ask": "0.8"}, {"asset_id": "19386621984632854446011216575580930413447340842901102477660390401472966195758", "price": "0.85", "size": "0", "side": "SELL", "hash": "7dc5ab131005e14fb6ee38446c6c5f8a57c6a898", "best_bid": "0.2", "best_ask": "0.82"}], "timestamp": "1769384470149", "event_type": "price_change"}}
{"_local_timestamp": "2026-01-25T23:41:10.437994+00:00", "data": {"market": "0xfb9209dfaa7d37d1467c798b93a71c7f094d0c9483ce891cc8932e9bbafbb8ab", "price_changes": [{"asset_id": "52746868720512831930937381090439675672168331234410876842855597733534043852645", "price": "0.19", "size": "150", "side": "BUY", "hash": "9ad0769be832e927a58d67a80f450952d6341e18", "best_bid": "0.19", "best_ask": "0.8"}, {"asset_id": "19386621984632854446011216575580930413447340842901102477660390401472966195758", "price": "0.81", "size": "150", "side": "SELL", "hash": "5bdfb178d997972263e4628d98d4b668f5715d96", "best_bid": "0.2", "best_ask": "0.81"}], "timestamp": "1769384470368", "event_type": "price_change"}}
{"_local_timestamp": "2026-01-25T23:41:10.440119+00:00", "data": {"market": "0xfb9209dfaa7d37d1467c798b93a71c7f094d0c9483ce891cc8932e9bbafbb8ab", "price_changes": [{"asset_id": "19386621984632854446011216575580930413447340842901102477660390401472966195758", "price": "0.21", "size": "150", "side": "BUY", "hash": "fd987eee2ea719453613166335a796c262244406", "best_bid": "0.21", "best_ask": "0.81"}, {"asset_id": "52746868720512831930937381090439675672168331234410876842855597733534043852645", "price": "0.79", "size": "150", "side": "SELL", "hash": "6fcd30a7d372455a8f9bb6a292312d085d10ddf9", "best_bid": "0.19", "best_ask": "0.79"}], "timestamp": "1769384470369", "event_type": "price_change"}}
{"_local_timestamp": "2026-01-25T23:41:11.092556+00:00", "data": {"market": "0xfb9209dfaa7d37d1467c798b93a71c7f094d0c9483ce891cc8932e9bbafbb8ab", "price_changes": [{"asset_id": "19386621984632854446011216575580930413447340842901102477660390401472966195758", "price": "0.2", "size": "5", "side": "BUY", "hash": "e615eb8ca0263932788b71eecb27e920d006ca5c", "best_bid": "0.21", "best_ask": "0.81"}, {"asset_id": "52746868720512831930937381090439675672168331234410876842855597733534043852645", "price": "0.8", "size": "5", "side": "SELL", "hash": "54f8eb6e5244280f7e98b7086294712a7eaa6236", "best_bid": "0.19", "best_ask": "0.79"}], "timestamp": "1769384470972", "event_type": "price_change"}}
{"_local_timestamp": "2026-01-25T23:41:11.095133+00:00", "data": {"market": "0xfb9209dfaa7d37d1467c798b93a71c7f094d0c9483ce891cc8932e9bbafbb8ab", "price_changes": [{"asset_id": "52746868720512831930937381090439675672168331234410876842855597733534043852645", "price": "0.18", "size": "5", "side": "BUY", "hash": "2b1c1d3e8e88780c7b5dd88441ef39d99db120a8", "best_bid": "0.19", "best_ask": "0.79"}, {"asset_id": "19386621984632854446011216575580930413447340842901102477660390401472966195758", "price": "0.82", "size": "5", "side": "SELL", "hash": "728b78c5521e44fc6b47be48872c8c036cc355ac", "best_bid": "0.21", "best_ask": "0.81"}], "timestamp": "1769384470976", "event_type": "price_change"}}
{"_local_timestamp": "2026-01-25T23:41:11.251731+00:00", "data": {"market": "0xfb9209dfaa7d37d1467c798b93a71c7f094d0c9483ce891cc8932e9bbafbb8ab", "price_changes": [{"asset_id": "52746868720512831930937381090439675672168331234410876842855597733534043852645", "price": "0.18", "size": "0", "side": "BUY", "hash": "af4e25c336ccd19490c4efb055e2510377dc2e7f", "best_bid": "0.19", "best_ask": "0.79"}, {"asset_id": "19386621984632854446011216575580930413447340842901102477660390401472966195758", "price": "0.82", "size": "0", "side": "SELL", "hash": "0aeda77d9f8cc4c83ae594a6788d182d72ef8596", "best_bid": "0.21", "best_ask": "0.81"}], "timestamp": "1769384471104", "event_type": "price_change"}}
{"_local_timestamp": "2026-01-25T23:41:11.260203+00:00", "data": {"market": "0xfb9209dfaa7d37d1467c798b93a71c7f094d0c9483ce891cc8932e9bbafbb8ab", "price_changes": [{"asset_id": "19386621984632854446011216575580930413447340842901102477660390401472966195758", "price": "0.2", "size": "0", "side": "BUY", "hash": "cec106b99677635919971843b2e1a598565fb0b8", "best_bid": "0.21", "best_ask": "0.81"}, {"asset_id": "52746868720512831930937381090439675672168331234410876842855597733534043852645", "price": "0.8", "size": "0", "side": "SELL", "hash": "b6104cc47379b191afce0b6831282962e566d1d3", "best_bid": "0.19", "best_ask": "0.79"}], "timestamp": "1769384471107", "event_type": "price_change"}}
{"_local_timestamp": "2026-01-25T23:41:11.451431+00:00", "data": {"market": "0xfb9209dfaa7d37d1467c798b93a71c7f094d0c9483ce891cc8932e9bbafbb8ab", "price_changes": [{"asset_id": "52746868720512831930937381090439675672168331234410876842855597733534043852645", "price": "0.16", "size": "8.5", "side": "BUY", "hash": "520d02689b564b2f03f8cd8ab7ec6e58cfe8a673", "best_bid": "0.19", "best_ask": "0.79"}, {"asset_id": "19386621984632854446011216575580930413447340842901102477660390401472966195758", "price": "0.84", "size": "8.5", "side": "SELL", "hash": "1cda5827881e572ae6641a1cd9a975678ccfe14b", "best_bid": "0.21", "best_ask": "0.81"}], "timestamp": "1769384471350", "event_type": "price_change"}}
{"_local_timestamp": "2026-01-25T23:41:11.455416+00:00", "data": {"market": "0xfb9209dfaa7d37d1467c798b93a71c7f094d0c9483ce891cc8932e9bbafbb8ab", "price_changes": [{"asset_id": "19386621984632854446011216575580930413447340842901102477660390401472966195758", "price": "0.15", "size": "8.5", "side": "BUY", "hash": "fa17d620ad355dbafb059e35ba1057fc140ca0b3", "best_bid": "0.21", "best_ask": "0.81"}, {"asset_id": "52746868720512831930937381090439675672168331234410876842855597733534043852645", "price": "0.85", "size": "8.5", "side": "SELL", "hash": "401d0d9ee5bc68b558f6b6de34511f69ea29db67", "best_bid": "0.19", "best_ask": "0.79"}], "timestamp": "1769384471351", "event_type": "price_change"}}
{"_local_timestamp": "2026-01-25T23:41:15.560887+00:00", "data": {"market": "0xfb9209dfaa7d37d1467c798b93a71c7f094d0c9483ce891cc8932e9bbafbb8ab", "price_changes": [{"asset_id": "19386621984632854446011216575580930413447340842901102477660390401472966195758", "price": "0.21", "size": "0", "side": "BUY", "hash": "df8f561e9df6fc21fdb3d2a39ad88bdce7f73c0f", "best_bid": "0.19", "best_ask": "0.81"}, {"asset_id": "52746868720512831930937381090439675672168331234410876842855597733534043852645", "price": "0.79", "size": "0", "side": "SELL", "hash": "30edda6c0a17c3776921e2aebfbe9125343518b1", "best_bid": "0.19", "best_ask": "0.81"}], "timestamp": "1769384475486", "event_type": "price_change"}}
{"_local_timestamp": "2026-01-25T23:41:15.574581+00:00", "data": {"market": "0xfb9209dfaa7d37d1467c798b93a71c7f094d0c9483ce891cc8932e9bbafbb8ab", "price_changes": [{"asset_id": "52746868720512831930937381090439675672168331234410876842855597733534043852645", "price": "0.19", "size": "0", "side": "BUY", "hash": "c54c662ebb50893613af4b465d10e15d6bc69484", "best_bid": "0.16", "best_ask": "0.81"}, {"asset_id": "19386621984632854446011216575580930413447340842901102477660390401472966195758", "price": "0.81", "size": "0", "side": "SELL", "hash": "eb45a9c06c95e14ac609fcf7f0d6aa3ed4a7a237", "best_bid": "0.19", "best_ask": "0.84"}], "timestamp": "1769384475487", "event_type": "price_change"}}
{"_local_timestamp": "2026-01-25T23:41:15.857706+00:00", "data": {"market": "0xfb9209dfaa7d37d1467c798b93a71c7f094d0c9483ce891cc8932e9bbafbb8ab", "price_changes": [{"asset_id": "19386621984632854446011216575580930413447340842901102477660390401472966195758", "price": "0.2", "size": "150", "side": "BUY", "hash": "ef24fdc32d381150d1d3c1d227b4232c614a0260", "best_bid": "0.2", "best_ask": "0.84"}, {"asset_id": "52746868720512831930937381090439675672168331234410876842855597733534043852645", "price": "0.8", "size": "150", "side": "SELL", "hash": "532a0d7b9f3ef99e4d331d24cd717553f84079c6", "best_bid": "0.16", "best_ask": "0.8"}], "timestamp": "1769384475782", "event_type": "price_change"}}
{"_local_timestamp": "2026-01-25T23:41:15.861119+00:00", "data": {"market": "0xfb9209dfaa7d37d1467c798b93a71c7f094d0c9483ce891cc8932e9bbafbb8ab", "price_changes": [{"asset_id": "52746868720512831930937381090439675672168331234410876842855597733534043852645", "price": "0.17", "size": "150", "side": "BUY", "hash": "883776f276cb6dcff4240ef2b6139217933d1575", "best_bid": "0.17", "best_ask": "0.8"}, {"asset_id": "19386621984632854446011216575580930413447340842901102477660390401472966195758", "price": "0.83", "size": "150", "side": "SELL", "hash": "84e5b2aa7c3967cabd5aab2e5c54a2e1f7948a61", "best_bid": "0.2", "best_ask": "0.83"}], "timestamp": "1769384475783", "event_type": "price_change"}}
{"_local_timestamp": "2026-01-25T23:41:16.464398+00:00", "data": {"market": "0xfb9209dfaa7d37d1467c798b93a71c7f094d0c9483ce891cc8932e9bbafbb8ab", "price_changes": [{"asset_id": "19386621984632854446011216575580930413447340842901102477660390401472966195758", "price": "0.2", "size": "155", "side": "BUY", "hash": "3309681812165978f90c176746f0be9ee4a6994a", "best_bid": "0.2", "best_ask": "0.83"}, {"asset_id": "52746868720512831930937381090439675672168331234410876842855597733534043852645", "price": "0.8", "size": "155", "side": "SELL", "hash": "8a819bf821c480a40c96b05c3f2dfaa69e5ee1ca", "best_bid": "0.17", "best_ask": "0.8"}], "timestamp": "1769384476397", "event_type": "price_change"}}
{"_local_timestamp": "2026-01-25T23:41:16.499609+00:00", "data": {"market": "0xfb9209dfaa7d37d1467c798b93a71c7f094d0c9483ce891cc8932e9bbafbb8ab", "price_changes": [{"asset_id": "52746868720512831930937381090439675672168331234410876842855597733534043852645", "price": "0.17", "size": "155", "side": "BUY", "hash": "876e06baf6bc514f3cb83a51ac0d7a3484446125", "best_bid": "0.17", "best_ask": "0.8"}, {"asset_id": "19386621984632854446011216575580930413447340842901102477660390401472966195758", "price": "0.83", "size": "155", "side": "SELL", "hash": "1df53eb96bbb8377ba4a353a7564405726515667", "best_bid": "0.2", "best_ask": "0.83"}], "timestamp": "1769384476424", "event_type": "price_change"}}
{"_local_timestamp": "2026-01-25T23:41:16.637396+00:00", "data": {"market": "0xfb9209dfaa7d37d1467c798b93a71c7f094d0c9483ce891cc8932e9bbafbb8ab", "price_changes": [{"asset_id": "19386621984632854446011216575580930413447340842901102477660390401472966195758", "price": "0.2", "size": "160", "side": "BUY", "hash": "5c8999c8548178b4a07ab266c3605e94fd80b8dd", "best_bid": "0.2", "best_ask": "0.83"}, {"asset_id": "52746868720512831930937381090439675672168331234410876842855597733534043852645", "price": "0.8", "size": "160", "side": "SELL", "hash": "1548256132ca3a1f117ede4526a591590187a3d6", "best_bid": "0.17", "best_ask": "0.8"}], "timestamp": "1769384476567", "event_type": "price_change"}}
{"_local_timestamp": "2026-01-25T23:41:16.640307+00:00", "data": {"market": "0xfb9209dfaa7d37d1467c798b93a71c7f094d0c9483ce891cc8932e9bbafbb8ab", "price_changes": [{"asset_id": "52746868720512831930937381090439675672168331234410876842855597733534043852645", "price": "0.17", "size": "160", "side": "BUY", "hash": "e84b619a4d4cdd12359abde56967e294dbf268fd", "best_bid": "0.17", "best_ask": "0.8"}, {"asset_id": "19386621984632854446011216575580930413447340842901102477660390401472966195758", "price": "0.83", "size": "160", "side": "SELL", "hash": "be8ee8b57506e497b01862c1e3d11696ae9e97e5", "best_bid": "0.2", "best_ask": "0.83"}], "timestamp": "1769384476569", "event_type": "price_change"}}
{"_local_timestamp": "2026-01-25T23:41:18.564243+00:00", "data": {"market": "0xfb9209dfaa7d37d1467c798b93a71c7f094d0c9483ce891cc8932e9bbafbb8ab", "price_changes": [{"asset_id": "52746868720512831930937381090439675672168331234410876842855597733534043852645", "price": "0.16", "size": "0", "side": "BUY", "hash": "6b73a3db144bf20832b446331938bb007a23d92a", "best_bid": "0.17", "best_ask": "0.8"}, {"asset_id": "19386621984632854446011216575580930413447340842901102477660390401472966195758", "price": "0.84", "size": "0", "side": "SELL", "hash": "f6b6fe995a3d8225027b5c1041ffa369ff1ce70d", "best_bid": "0.2", "best_ask": "0.83"}], "timestamp": "1769384478476", "event_type": "price_change"}}
{"_local_timestamp": "2026-01-25T23:41:18.567037+00:00", "data": {"market": "0xfb9209dfaa7d37d1467c798b93a71c7f094d0c9483ce891cc8932e9bbafbb8ab", "price_changes": [{"asset_id": "19386621984632854446011216575580930413447340842901102477660390401472966195758", "price": "0.15", "size": "0", "side": "BUY", "hash": "d15cd947309e43e4c795de3d710ea9681649a52e", "best_bid": "0.2", "best_ask": "0.83"}, {"asset_id": "52746868720512831930937381090439675672168331234410876842855597733534043852645", "price": "0.85", "size": "0", "side": "SELL", "hash": "2e9a8bc4a3f6c36091be2471cd66f3abff74c70b", "best_bid": "0.17", "best_ask": "0.8"}], "timestamp": "1769384478476", "event_type": "price_change"}}
{"_local_timestamp": "2026-01-25T23:41:21.006651+00:00", "data": {"market": "0xfb9209dfaa7d37d1467c798b93a71c7f094d0c9483ce891cc8932e9bbafbb8ab", "price_changes": [{"asset_id": "52746868720512831930937381090439675672168331234410876842855597733534043852645", "price": "0.17", "size": "10", "side": "BUY", "hash": "88b1141abbaa07650116b7574b7f121620c741f8", "best_bid": "0.17", "best_ask": "0.8"}, {"asset_id": "19386621984632854446011216575580930413447340842901102477660390401472966195758", "price": "0.83", "size": "10", "side": "SELL", "hash": "3e794f1e6572f5b83bb8acd0997d55a6a7e87307", "best_bid": "0.2", "best_ask": "0.83"}], "timestamp": "1769384480939", "event_type": "price_change"}}
{"_local_timestamp": "2026-01-25T23:41:21.009165+00:00", "data": {"market": "0xfb9209dfaa7d37d1467c798b93a71c7f094d0c9483ce891cc8932e9bbafbb8ab", "price_changes": [{"asset_id": "19386621984632854446011216575580930413447340842901102477660390401472966195758", "price": "0.2", "size": "10", "side": "BUY", "hash": "6969b2f40afbc15ffa941ae8f5ee2a66116ac280", "best_bid": "0.2", "best_ask": "0.83"}, {"asset_id": "52746868720512831930937381090439675672168331234410876842855597733534043852645", "price": "0.8", "size": "10", "side": "SELL", "hash": "7c46a52fb810b77d2071053de570b7a887136696", "best_bid": "0.17", "best_ask": "0.8"}], "timestamp": "1769384480939", "event_type": "price_change"}}
{"_local_timestamp": "2026-01-25T23:41:21.719130+00:00", "data": {"market": "0xfb9209dfaa7d37d1467c798b93a71c7f094d0c9483ce891cc8932e9bbafbb8ab", "price_changes": [{"asset_id": "52746868720512831930937381090439675672168331234410876842855597733534043852645", "price": "0.18", "size": "150", "side": "BUY", "hash": "fc2d63e607685d200d91f97518b6b9d0f886165a", "best_bid": "0.18", "best_ask": "0.8"}, {"asset_id": "19386621984632854446011216575580930413447340842901102477660390401472966195758", "price": "0.82", "size": "150", "side": "SELL", "hash": "6cdf26072b38b8b7810853b438cee345017b12a3", "best_bid": "0.2", "best_ask": "0.82"}], "timestamp": "1769384481648", "event_type": "price_change"}}
{"_local_timestamp": "2026-01-25T23:41:21.721415+00:00", "data": {"market": "0xfb9209dfaa7d37d1467c798b93a71c7f094d0c9483ce891cc8932e9bbafbb8ab", "price_changes": [{"asset_id": "19386621984632854446011216575580930413447340842901102477660390401472966195758", "price": "0.21", "size": "150", "side": "BUY", "hash": "c64fdf4c6b134faaeb01406d4928daecec090496", "best_bid": "0.21", "best_ask": "0.82"}, {"asset_id": "52746868720512831930937381090439675672168331234410876842855597733534043852645", "price": "0.79", "size": "150", "side": "SELL", "hash": "5e4a21c7e5cef20a74a309511f4a6ae59b961b42", "best_bid": "0.18", "best_ask": "0.79"}], "timestamp": "1769384481650", "event_type": "price_change"}}
{"_local_timestamp": "2026-01-25T23:41:22.146570+00:00", "data": {"market": "0xfb9209dfaa7d37d1467c798b93a71c7f094d0c9483ce891cc8932e9bbafbb8ab", "price_changes": [{"asset_id": "19386621984632854446011216575580930413447340842901102477660390401472966195758", "price": "0.2", "size": "5", "side": "BUY", "hash": "6acec4e8810906450465b281e4d917d38c1c35c3", "best_bid": "0.21", "best_ask": "0.82"}, {"asset_id": "52746868720512831930937381090439675672168331234410876842855597733534043852645", "price": "0.8", "size": "5", "side": "SELL", "hash": "f1878ecd7d0bd87ddaceefe4020b704ee6b6b9ba", "best_bid": "0.18", "best_ask": "0.79"}], "timestamp": "1769384482058", "event_type": "price_change"}}
{"_local_timestamp": "2026-01-25T23:41:22.149329+00:00", "data": {"market": "0xfb9209dfaa7d37d1467c798b93a71c7f094d0c9483ce891cc8932e9bbafbb8ab", "price_changes": [{"asset_id": "52746868720512831930937381090439675672168331234410876842855597733534043852645", "price": "0.17", "size": "5", "side": "BUY", "hash": "48b3c4890e92fd469a36203e8b4fe8167447c6cb", "best_bid": "0.18", "best_ask": "0.79"}, {"asset_id": "19386621984632854446011216575580930413447340842901102477660390401472966195758", "price": "0.83", "size": "5", "side": "SELL", "hash": "947fc3cc66166c6b9a509494848f9f11400143dc", "best_bid": "0.21", "best_ask": "0.82"}], "timestamp": "1769384482059", "event_type": "price_change"}}
{"_local_timestamp": "2026-01-25T23:41:22.172893+00:00", "data": {"market": "0xfb9209dfaa7d37d1467c798b93a71c7f094d0c9483ce891cc8932e9bbafbb8ab", "price_changes": [{"asset_id": "19386621984632854446011216575580930413447340842901102477660390401472966195758", "price": "0.2", "size": "0", "side": "BUY", "hash": "832a38ee91bbb23d27c86ddd8bfcda71a15cc379", "best_bid": "0.21", "best_ask": "0.82"}, {"asset_id": "52746868720512831930937381090439675672168331234410876842855597733534043852645", "price": "0.8", "size": "0", "side": "SELL", "hash": "80b9d327cebb9690af4198855e2d5b5194254854", "best_bid": "0.18", "best_ask": "0.79"}], "timestamp": "1769384482097", "event_type": "price_change"}}
{"_local_timestamp": "2026-01-25T23:41:22.175560+00:00", "data": {"market": "0xfb9209dfaa7d37d1467c798b93a71c7f094d0c9483ce891cc8932e9bbafbb8ab", "price_changes": [{"asset_id": "52746868720512831930937381090439675672168331234410876842855597733534043852645", "price": "0.17", "size": "0", "side": "BUY", "hash": "1e50a2a61ce87b156554d3c2b43add5d3bfdc782", "best_bid": "0.18", "best_ask": "0.79"}, {"asset_id": "19386621984632854446011216575580930413447340842901102477660390401472966195758", "price": "0.83", "size": "0", "side": "SELL", "hash": "11dad4dd45432591f6b582986fa47e13c2fefd2e", "best_bid": "0.21", "best_ask": "0.82"}], "timestamp": "1769384482097", "event_type": "price_change"}}
{"_local_timestamp": "2026-01-25T23:41:24.839601+00:00", "data": {"market": "0xfb9209dfaa7d37d1467c798b93a71c7f094d0c9483ce891cc8932e9bbafbb8ab", "price_changes": [{"asset_id": "52746868720512831930937381090439675672168331234410876842855597733534043852645", "price": "0.18", "size": "155", "side": "BUY", "hash": "3664ec42505cba6d6c83244e668150369288a771", "best_bid": "0.18", "best_ask": "0.79"}, {"asset_id": "19386621984632854446011216575580930413447340842901102477660390401472966195758", "price": "0.82", "size": "155", "side": "SELL", "hash": "dd2f1fba28df584ddca414d76d02ab06d1045763", "best_bid": "0.21", "best_ask": "0.82"}], "timestamp": "1769384484763", "event_type": "price_change"}}
{"_local_timestamp": "2026-01-25T23:41:24.993641+00:00", "data": {"market": "0xfb9209dfaa7d37d1467c798b93a71c7f094d0c9483ce891cc8932e9bbafbb8ab", "price_changes": [{"asset_id": "52746868720512831930937381090439675672168331234410876842855597733534043852645", "price": "0.18", "size": "160", "side": "BUY", "hash": "eae28237184a0b0fbe19f8054a48e3c1daa803ab", "best_bid": "0.18", "best_ask": "0.79"}, {"asset_id": "19386621984632854446011216575580930413447340842901102477660390401472966195758", "price": "0.82", "size": "160", "side": "SELL", "hash": "f0377d4ff18071936a132229146daa76cf7cf23f", "best_bid": "0.21", "best_ask": "0.82"}], "timestamp": "1769384484905", "event_type": "price_change"}}
{"_local_timestamp": "2026-01-25T23:41:26.919713+00:00", "data": {"market": "0xfb9209dfaa7d37d1467c798b93a71c7f094d0c9483ce891cc8932e9bbafbb8ab", "price_changes": [{"asset_id": "19386621984632854446011216575580930413447340842901102477660390401472966195758", "price": "0.21", "size": "0", "side": "BUY", "hash": "1f65c7d4dd57edae51a9ee7fa0e0bf1fc2e333b3", "best_bid": "0.19", "best_ask": "0.82"}, {"asset_id": "52746868720512831930937381090439675672168331234410876842855597733534043852645", "price": "0.79", "size": "0", "side": "SELL", "hash": "172ccaa1dbd0f42087ca52ea8345800aee682818", "best_bid": "0.18", "best_ask": "0.81"}], "timestamp": "1769384486846", "event_type": "price_change"}}
{"_local_timestamp": "2026-01-25T23:41:26.921833+00:00", "data": {"market": "0xfb9209dfaa7d37d1467c798b93a71c7f094d0c9483ce891cc8932e9bbafbb8ab", "price_changes": [{"asset_id": "52746868720512831930937381090439675672168331234410876842855597733534043852645", "price": "0.18", "size": "10", "side": "BUY", "hash": "f37f568a87bfdbc618f16aa0c4dfb0005f57d1e2", "best_bid": "0.18", "best_ask": "0.81"}, {"asset_id": "19386621984632854446011216575580930413447340842901102477660390401472966195758", "price": "0.82", "size": "10", "side": "SELL", "hash": "01cf13a80eeef39c04fdcaef54d99bd78f99cbfb", "best_bid": "0.19", "best_ask": "0.82"}], "timestamp": "1769384486846", "event_type": "price_change"}}
{"_local_timestamp": "2026-01-25T23:41:27.250026+00:00", "data": {"market": "0xfb9209dfaa7d37d1467c798b93a71c7f094d0c9483ce891cc8932e9bbafbb8ab", "price_changes": [{"asset_id": "19386621984632854446011216575580930413447340842901102477660390401472966195758", "price": "0.2", "size": "150", "side": "BUY", "hash": "8df924e5163a530db92c7d1b60a26728df49965c", "best_bid": "0.2", "best_ask": "0.82"}, {"asset_id": "52746868720512831930937381090439675672168331234410876842855597733534043852645", "price": "0.8", "size": "150", "side": "SELL", "hash": "eb67ccc877ebfd5d5037546a845b0bd9d98ce473", "best_bid": "0.18", "best_ask": "0.8"}], "timestamp": "1769384487184", "event_type": "price_change"}}
{"_local_timestamp": "2026-01-25T23:41:27.259735+00:00", "data": {"market": "0xfb9209dfaa7d37d1467c798b93a71c7f094d0c9483ce891cc8932e9bbafbb8ab", "price_changes": [{"asset_id": "52746868720512831930937381090439675672168331234410876842855597733534043852645", "price": "0.19", "size": "150", "side": "BUY", "hash": "b532a009d275c00d7634148fd0fc9b8296a3e03d", "best_bid": "0.19", "best_ask": "0.8"}, {"asset_id": "19386621984632854446011216575580930413447340842901102477660390401472966195758", "price": "0.81", "size": "150", "side": "SELL", "hash": "dba879eabc523c313db8bf461e9dbdc7cf54a7b7", "best_bid": "0.2", "best_ask": "0.81"}], "timestamp": "1769384487186", "event_type": "price_change"}}
{"_local_timestamp": "2026-01-25T23:41:27.498460+00:00", "data": {"market": "0xfb9209dfaa7d37d1467c798b93a71c7f094d0c9483ce891cc8932e9bbafbb8ab", "price_changes": [{"asset_id": "52746868720512831930937381090439675672168331234410876842855597733534043852645", "price": "0.18", "size": "5", "side": "BUY", "hash": "aa1586846115239e73d33faad97c4ac83a025ba4", "best_bid": "0.19", "best_ask": "0.8"}, {"asset_id": "19386621984632854446011216575580930413447340842901102477660390401472966195758", "price": "0.82", "size": "5", "side": "SELL", "hash": "7db1ec0640792a9fdb478315ec52a9a7172cd648", "best_bid": "0.2", "best_ask": "0.81"}], "timestamp": "1769384487427", "event_type": "price_change"}}
{"_local_timestamp": "2026-01-25T23:41:27.570962+00:00", "data": {"market": "0xfb9209dfaa7d37d1467c798b93a71c7f094d0c9483ce891cc8932e9bbafbb8ab", "price_changes": [{"asset_id": "52746868720512831930937381090439675672168331234410876842855597733534043852645", "price": "0.18", "size": "0", "side": "BUY", "hash": "d1a9350dc60814e6ceb8b4d793ad63521c193263", "best_bid": "0.19", "best_ask": "0.8"}, {"asset_id": "19386621984632854446011216575580930413447340842901102477660390401472966195758", "price": "0.82", "size": "0", "side": "SELL", "hash": "0806a4768a94a116389c45b5a5be980eb5da34be", "best_bid": "0.2", "best_ask": "0.81"}], "timestamp": "1769384487505", "event_type": "price_change"}}
{"_local_timestamp": "2026-01-25T23:41:27.588971+00:00", "data": {"market": "0xfb9209dfaa7d37d1467c798b93a71c7f094d0c9483ce891cc8932e9bbafbb8ab", "price_changes": [{"asset_id": "19386621984632854446011216575580930413447340842901102477660390401472966195758", "price": "0.2", "size": "155", "side": "BUY", "hash": "83bbd0061bfbfe4e1c93ff6d8a96b57ff7f350fe", "best_bid": "0.2", "best_ask": "0.81"}, {"asset_id": "52746868720512831930937381090439675672168331234410876842855597733534043852645", "price": "0.8", "size": "155", "side": "SELL", "hash": "f1a3092d5eb24c0ad1109b1b8763d5e2f84d81e0", "best_bid": "0.19", "best_ask": "0.8"}], "timestamp": "1769384487519", "event_type": "price_change"}}
{"_local_timestamp": "2026-01-25T23:41:27.680358+00:00", "data": {"market": "0xfb9209dfaa7d37d1467c798b93a71c7f094d0c9483ce891cc8932e9bbafbb8ab", "price_changes": [{"asset_id": "19386621984632854446011216575580930413447340842901102477660390401472966195758", "price": "0.2", "size": "160", "side": "BUY", "hash": "039aaf838fb1e3c3fb21f86118f140187d80d6db", "best_bid": "0.2", "best_ask": "0.81"}, {"asset_id": "52746868720512831930937381090439675672168331234410876842855597733534043852645", "price": "0.8", "size": "160", "side": "SELL", "hash": "45c327e746682a69aca17232b986561ab2a88308", "best_bid": "0.19", "best_ask": "0.8"}], "timestamp": "1769384487613", "event_type": "price_change"}}
{"_local_timestamp": "2026-01-25T23:41:31.060186+00:00", "data": {"market": "0xfb9209dfaa7d37d1467c798b93a71c7f094d0c9483ce891cc8932e9bbafbb8ab", "price_changes": [{"asset_id": "52746868720512831930937381090439675672168331234410876842855597733534043852645", "price": "0.19", "size": "155", "side": "BUY", "hash": "ae575227b47a2c6e164c8594c158c51cfb1b05ed", "best_bid": "0.19", "best_ask": "0.8"}, {"asset_id": "19386621984632854446011216575580930413447340842901102477660390401472966195758", "price": "0.81", "size": "155", "side": "SELL", "hash": "4a99b744c58f3ba6be6bb17ae2a01ca3c9b9c7be", "best_bid": "0.2", "best_ask": "0.81"}], "timestamp": "1769384490991", "event_type": "price_change"}}
{"_local_timestamp": "2026-01-25T23:41:31.081586+00:00", "data": {"market": "0xfb9209dfaa7d37d1467c798b93a71c7f094d0c9483ce891cc8932e9bbafbb8ab", "price_changes": [{"asset_id": "52746868720512831930937381090439675672168331234410876842855597733534043852645", "price": "0.19", "size": "160", "side": "BUY", "hash": "87c667ddcda8a31f7db9bca025b22c644304549c", "best_bid": "0.19", "best_ask": "0.8"}, {"asset_id": "19386621984632854446011216575580930413447340842901102477660390401472966195758", "price": "0.81", "size": "160", "side": "SELL", "hash": "b3ccbcaecfef3966e136cf16f15cfd37d76681da", "best_bid": "0.2", "best_ask": "0.81"}], "timestamp": "1769384491002", "event_type": "price_change"}}
{"_local_timestamp": "2026-01-25T23:41:32.478451+00:00", "data": {"market": "0xfb9209dfaa7d37d1467c798b93a71c7f094d0c9483ce891cc8932e9bbafbb8ab", "price_changes": [{"asset_id": "19386621984632854446011216575580930413447340842901102477660390401472966195758", "price": "0.2", "size": "10", "side": "BUY", "hash": "f87f24f02bb1d6ee3bb1bf85250ee47d08114cc6", "best_bid": "0.2", "best_ask": "0.81"}, {"asset_id": "52746868720512831930937381090439675672168331234410876842855597733534043852645", "price": "0.8", "size": "10", "side": "SELL", "hash": "bb15573b2d730d8f82a878252f341a710d011ced", "best_bid": "0.19", "best_ask": "0.8"}], "timestamp": "1769384492413", "event_type": "price_change"}}
{"_local_timestamp": "2026-01-25T23:41:32.482672+00:00", "data": {"market": "0xfb9209dfaa7d37d1467c798b93a71c7f094d0c9483ce891cc8932e9bbafbb8ab", "price_changes": [{"asset_id": "52746868720512831930937381090439675672168331234410876842855597733534043852645", "price": "0.19", "size": "10", "side": "BUY", "hash": "bb38ea51027b7fad042f5c4ae6e5b96d29269dc6", "best_bid": "0.19", "best_ask": "0.8"}, {"asset_id": "19386621984632854446011216575580930413447340842901102477660390401472966195758", "price": "0.81", "size": "10", "side": "SELL", "hash": "d4b90023b6fa9ea1650051dcaa31e5aaad90e333", "best_bid": "0.2", "best_ask": "0.81"}], "timestamp": "1769384492413", "event_type": "price_change"}}
{"_local_timestamp": "2026-01-25T23:41:33.826322+00:00", "data": {"market": "0xfb9209dfaa7d37d1467c798b93a71c7f094d0c9483ce891cc8932e9bbafbb8ab", "price_changes": [{"asset_id": "19386621984632854446011216575580930413447340842901102477660390401472966195758", "price": "0.21", "size": "150", "side": "BUY", "hash": "e1acb846e3ef7871cbf7d6f28f3caa29ae8f23f4", "best_bid": "0.21", "best_ask": "0.81"}, {"asset_id": "52746868720512831930937381090439675672168331234410876842855597733534043852645", "price": "0.79", "size": "150", "side": "SELL", "hash": "799308aa251d5359af53bdcc23893224a1283f6f", "best_bid": "0.19", "best_ask": "0.79"}], "timestamp": "1769384493754", "event_type": "price_change"}}
{"_local_timestamp": "2026-01-25T23:41:33.839739+00:00", "data": {"market": "0xfb9209dfaa7d37d1467c798b93a71c7f094d0c9483ce891cc8932e9bbafbb8ab", "price_changes": [{"asset_id": "52746868720512831930937381090439675672168331234410876842855597733534043852645", "price": "0.2", "size": "150", "side": "BUY", "hash": "446b3351748616f8aed91c84ad8658684b980d28", "best_bid": "0.2", "best_ask": "0.79"}, {"asset_id": "19386621984632854446011216575580930413447340842901102477660390401472966195758", "price": "0.8", "size": "150", "side": "SELL", "hash": "5e60a518fd8d8a9721677c9741a013f3bfb61265", "best_bid": "0.21", "best_ask": "0.8"}], "timestamp": "1769384493756", "event_type": "price_change"}}
{"_local_timestamp": "2026-01-25T23:41:35.154435+00:00", "data": {"market": "0xfb9209dfaa7d37d1467c798b93a71c7f094d0c9483ce891cc8932e9bbafbb8ab", "price_changes": [{"asset_id": "19386621984632854446011216575580930413447340842901102477660390401472966195758", "price": "0.2", "size": "5", "side": "BUY", "hash": "e92b2c9ed7d77130700982e927486ac5d7993b80", "best_bid": "0.21", "best_ask": "0.8"}, {"asset_id": "52746868720512831930937381090439675672168331234410876842855597733534043852645", "price": "0.8", "size": "5", "side": "SELL", "hash": "6fe8db2c06355bcf2f13991a1606c28dc2ab4a53", "best_bid": "0.2", "best_ask": "0.79"}], "timestamp": "1769384495086", "event_type": "price_change"}}
{"_local_timestamp": "2026-01-25T23:41:35.189049+00:00", "data": {"market": "0xfb9209dfaa7d37d1467c798b93a71c7f094d0c9483ce891cc8932e9bbafbb8ab", "price_changes": [{"asset_id": "52746868720512831930937381090439675672168331234410876842855597733534043852645", "price": "0.19", "size": "5", "side": "BUY", "hash": "af3b8dda0dd0cb6eb94309949413ea7fb414005f", "best_bid": "0.2", "best_ask": "0.79"}, {"asset_id": "19386621984632854446011216575580930413447340842901102477660390401472966195758", "price": "0.81", "size": "5", "side": "SELL", "hash": "2f390d4b9cb103ddc97de3a0f7e795bc52d13152", "best_bid": "0.21", "best_ask": "0.8"}], "timestamp": "1769384495118", "event_type": "price_change"}}
{"_local_timestamp": "2026-01-25T23:41:35.315951+00:00", "data": {"market": "0xfb9209dfaa7d37d1467c798b93a71c7f094d0c9483ce891cc8932e9bbafbb8ab", "price_changes": [{"asset_id": "52746868720512831930937381090439675672168331234410876842855597733534043852645", "price": "0.19", "size": "0", "side": "BUY", "hash": "11f44699b1de5b186e9f342ac80d1f4d21bc76af", "best_bid": "0.2", "best_ask": "0.79"}, {"asset_id": "19386621984632854446011216575580930413447340842901102477660390401472966195758", "price": "0.81", "size": "0", "side": "SELL", "hash": "8cf2afe99119b0a0b29a920c1694cb6226cc8898", "best_bid": "0.21", "best_ask": "0.8"}], "timestamp": "1769384495248", "event_type": "price_change"}}
{"_local_timestamp": "2026-01-25T23:41:35.321483+00:00", "data": {"market": "0xfb9209dfaa7d37d1467c798b93a71c7f094d0c9483ce891cc8932e9bbafbb8ab", "price_changes": [{"asset_id": "19386621984632854446011216575580930413447340842901102477660390401472966195758", "price": "0.2", "size": "0", "side": "BUY", "hash": "4bde1f4d78dce1f54febd7bcdf33e203312348c0", "best_bid": "0.21", "best_ask": "0.8"}, {"asset_id": "52746868720512831930937381090439675672168331234410876842855597733534043852645", "price": "0.8", "size": "0", "side": "SELL", "hash": "1f824a11db51413a5ac25ee546bd9411b7b50401", "best_bid": "0.2", "best_ask": "0.79"}], "timestamp": "1769384495251", "event_type": "price_change"}}
{"_local_timestamp": "2026-01-25T23:41:46.340644+00:00", "data": {"market": "0xfb9209dfaa7d37d1467c798b93a71c7f094d0c9483ce891cc8932e9bbafbb8ab", "price_changes": [{"asset_id": "52746868720512831930937381090439675672168331234410876842855597733534043852645", "price": "0.2", "size": "0", "side": "BUY", "hash": "0df24d0c27ee3a83595fbd1141732e7676f32a37", "best_bid": "0.14", "best_ask": "0.79"}, {"asset_id": "19386621984632854446011216575580930413447340842901102477660390401472966195758", "price": "0.8", "size": "0", "side": "SELL", "hash": "c8f549feb768b526e50ddd3fa0be138b828c3a3e", "best_bid": "0.21", "best_ask": "0.86"}], "timestamp": "1769384506270", "event_type": "price_change"}}
{"_local_timestamp": "2026-01-25T23:41:46.343267+00:00", "data": {"market": "0xfb9209dfaa7d37d1467c798b93a71c7f094d0c9483ce891cc8932e9bbafbb8ab", "price_changes": [{"asset_id": "19386621984632854446011216575580930413447340842901102477660390401472966195758", "price": "0.21", "size": "0", "side": "BUY", "hash": "72a494aa260e4dc061d9671c871eabf8c240d188", "best_bid": "0.19", "best_ask": "0.86"}, {"asset_id": "52746868720512831930937381090439675672168331234410876842855597733534043852645", "price": "0.79", "size": "0", "side": "SELL", "hash": "94c4ee81fe8e062c1a20c77e060a74f0a48f53e3", "best_bid": "0.14", "best_ask": "0.81"}], "timestamp": "1769384506271", "event_type": "price_change"}}
{"_local_timestamp": "2026-01-25T23:41:46.705168+00:00", "data": {"market": "0xfb9209dfaa7d37d1467c798b93a71c7f094d0c9483ce891cc8932e9bbafbb8ab", "price_changes": [{"asset_id": "19386621984632854446011216575580930413447340842901102477660390401472966195758", "price": "0.2", "size": "150", "side": "BUY", "hash": "67afd8d017f29a4273b3a581f42f775c3a83420d", "best_bid": "0.2", "best_ask": "0.86"}, {"asset_id": "52746868720512831930937381090439675672168331234410876842855597733534043852645", "price": "0.8", "size": "150", "side": "SELL", "hash": "36767497f7ed9f453cd10faf2dfca03bbc939968", "best_bid": "0.14", "best_ask": "0.8"}], "timestamp": "1769384506634", "event_type": "price_change"}}
{"_local_timestamp": "2026-01-25T23:41:46.707335+00:00", "data": {"market": "0xfb9209dfaa7d37d1467c798b93a71c7f094d0c9483ce891cc8932e9bbafbb8ab", "price_changes": [{"asset_id": "52746868720512831930937381090439675672168331234410876842855597733534043852645", "price": "0.15", "size": "150", "side": "BUY", "hash": "a2535cfe7505c278eade9ff7fb68cd7df2778fc0", "best_bid": "0.15", "best_ask": "0.8"}, {"asset_id": "19386621984632854446011216575580930413447340842901102477660390401472966195758", "price": "0.85", "size": "150", "side": "SELL", "hash": "42502f415270815388fbb4a069051afc36d37375", "best_bid": "0.2", "best_ask": "0.85"}], "timestamp": "1769384506635", "event_type": "price_change"}}
{"_local_timestamp": "2026-01-25T23:41:46.906533+00:00", "data": {"market": "0xfb9209dfaa7d37d1467c798b93a71c7f094d0c9483ce891cc8932e9bbafbb8ab", "price_changes": [{"asset_id": "19386621984632854446011216575580930413447340842901102477660390401472966195758", "price": "0.2", "size": "155", "side": "BUY", "hash": "5e8626e1b009b911265a90da0d28436611093f1e", "best_bid": "0.2", "best_ask": "0.85"}, {"asset_id": "52746868720512831930937381090439675672168331234410876842855597733534043852645", "price": "0.8", "size": "155", "side": "SELL", "hash": "df0ddcf263bc252bd5796b267dbe856f9b2118c9", "best_bid": "0.15", "best_ask": "0.8"}], "timestamp": "1769384506839", "event_type": "price_change"}}
{"_local_timestamp": "2026-01-25T23:41:46.913101+00:00", "data": {"market": "0xfb9209dfaa7d37d1467c798b93a71c7f094d0c9483ce891cc8932e9bbafbb8ab", "price_changes": [{"asset_id": "52746868720512831930937381090439675672168331234410876842855597733534043852645", "price": "0.15", "size": "155", "side": "BUY", "hash": "1b66041657c7c8949c1e4f65d4fbbfc0a12cbade", "best_bid": "0.15", "best_ask": "0.8"}, {"asset_id": "19386621984632854446011216575580930413447340842901102477660390401472966195758", "price": "0.85", "size": "155", "side": "SELL", "hash": "29a5ebfa01f5020c958b3b43e511a257d1fdd50b", "best_bid": "0.2", "best_ask": "0.85"}], "timestamp": "1769384506848", "event_type": "price_change"}}
{"_local_timestamp": "2026-01-25T23:41:47.375377+00:00", "data": {"market": "0xfb9209dfaa7d37d1467c798b93a71c7f094d0c9483ce891cc8932e9bbafbb8ab", "price_changes": [{"asset_id": "19386621984632854446011216575580930413447340842901102477660390401472966195758", "price": "0.2", "size": "160", "side": "BUY", "hash": "8398e335c3e8c19d3d01ea319f54eb36905a193f", "best_bid": "0.2", "best_ask": "0.85"}, {"asset_id": "52746868720512831930937381090439675672168331234410876842855597733534043852645", "price": "0.8", "size": "160", "side": "SELL", "hash": "0d8fb34e0b66688b750438bab91242be34c1a633", "best_bid": "0.15", "best_ask": "0.8"}], "timestamp": "1769384507306", "event_type": "price_change"}}
{"_local_timestamp": "2026-01-25T23:41:47.382151+00:00", "data": {"market": "0xfb9209dfaa7d37d1467c798b93a71c7f094d0c9483ce891cc8932e9bbafbb8ab", "price_changes": [{"asset_id": "52746868720512831930937381090439675672168331234410876842855597733534043852645", "price": "0.15", "size": "160", "side": "BUY", "hash": "3e4b79673d2daf088ca945f766770c287e9fc439", "best_bid": "0.15", "best_ask": "0.8"}, {"asset_id": "19386621984632854446011216575580930413447340842901102477660390401472966195758", "price": "0.85", "size": "160", "side": "SELL", "hash": "d3d08d6b8b3b7e37ab9a85b005781f80cdf4b65f", "best_bid": "0.2", "best_ask": "0.85"}], "timestamp": "1769384507314", "event_type": "price_change"}}
{"_local_timestamp": "2026-01-25T23:41:51.928899+00:00", "data": {"market": "0xfb9209dfaa7d37d1467c798b93a71c7f094d0c9483ce891cc8932e9bbafbb8ab", "price_changes": [{"asset_id": "19386621984632854446011216575580930413447340842901102477660390401472966195758", "price": "0.2", "size": "10", "side": "BUY", "hash": "3aebfa2fb0087e5ee9615e0b9861dc9b4744384e", "best_bid": "0.2", "best_ask": "0.85"}, {"asset_id": "52746868720512831930937381090439675672168331234410876842855597733534043852645", "price": "0.8", "size": "10", "side": "SELL", "hash": "b2341b4885aac48d36d6fa4cbda1ccb3aedc4b74", "best_bid": "0.15", "best_ask": "0.8"}], "timestamp": "1769384511830", "event_type": "price_change"}}
{"_local_timestamp": "2026-01-25T23:41:51.934909+00:00", "data": {"market": "0xfb9209dfaa7d37d1467c798b93a71c7f094d0c9483ce891cc8932e9bbafbb8ab", "price_changes": [{"asset_id": "52746868720512831930937381090439675672168331234410876842855597733534043852645", "price": "0.15", "size": "10", "side": "BUY", "hash": "e92f8890008d71195bdf6ab5630f9fe7a589c0de", "best_bid": "0.15", "best_ask": "0.8"}, {"asset_id": "19386621984632854446011216575580930413447340842901102477660390401472966195758", "price": "0.85", "size": "10", "side": "SELL", "hash": "2737471a6b62ac9e394ff3a95cbf90bb481f9676", "best_bid": "0.2", "best_ask": "0.85"}], "timestamp": "1769384511832", "event_type": "price_change"}}
{"_local_timestamp": "2026-01-25T23:41:52.176687+00:00", "data": {"market": "0xfb9209dfaa7d37d1467c798b93a71c7f094d0c9483ce891cc8932e9bbafbb8ab", "price_changes": [{"asset_id": "52746868720512831930937381090439675672168331234410876842855597733534043852645", "price": "0.16", "size": "150", "side": "BUY", "hash": "8cbc7243323ae9ef33807234638a7c7f8f46c469", "best_bid": "0.16", "best_ask": "0.8"}, {"asset_id": "19386621984632854446011216575580930413447340842901102477660390401472966195758", "price": "0.84", "size": "150", "side": "SELL", "hash": "fac5fe9abafae720dc85ebd08182a9596ff86d3b", "best_bid": "0.2", "best_ask": "0.84"}], "timestamp": "1769384512108", "event_type": "price_change"}}
{"_local_timestamp": "2026-01-25T23:41:52.183225+00:00", "data": {"market": "0xfb9209dfaa7d37d1467c798b93a71c7f094d0c9483ce891cc8932e9bbafbb8ab", "price_changes": [{"asset_id": "19386621984632854446011216575580930413447340842901102477660390401472966195758", "price": "0.21", "size": "150", "side": "BUY", "hash": "4d533afc93e12d36a17b35c9a12e525cc1a115e7", "best_bid": "0.21", "best_ask": "0.84"}, {"asset_id": "52746868720512831930937381090439675672168331234410876842855597733534043852645", "price": "0.79", "size": "150", "side": "SELL", "hash": "2b3a5958361826417144499629def8e02cd8516a", "best_bid": "0.16", "best_ask": "0.79"}], "timestamp": "1769384512112", "event_type": "price_change"}}
{"_local_timestamp": "2026-01-25T23:41:52.196965+00:00", "data": {"market": "0xfb9209dfaa7d37d1467c798b93a71c7f094d0c9483ce891cc8932e9bbafbb8ab", "price_changes": [{"asset_id": "19386621984632854446011216575580930413447340842901102477660390401472966195758", "price": "0.15", "size": "8.5", "side": "BUY", "hash": "42d5ea6c7c1e7b174b3c997b342484719af8d892", "best_bid": "0.21", "best_ask": "0.84"}, {"asset_id": "52746868720512831930937381090439675672168331234410876842855597733534043852645", "price": "0.85", "size": "8.5", "side": "SELL", "hash": "f3f928ce36ad8ec575295a2ef50d5373da4696a2", "best_bid": "0.16", "best_ask": "0.79"}], "timestamp": "1769384512130", "event_type": "price_change"}}
{"_local_timestamp": "2026-01-25T23:41:52.199117+00:00", "data": {"market": "0xfb9209dfaa7d37d1467c798b93a71c7f094d0c9483ce891cc8932e9bbafbb8ab", "price_changes": [{"asset_id": "52746868720512831930937381090439675672168331234410876842855597733534043852645", "price": "0.16", "size": "158.5", "side": "BUY", "hash": "df705d4677709c30b1203bc98e5e6e2091e9b2c6", "best_bid": "0.16", "best_ask": "0.79"}, {"asset_id": "19386621984632854446011216575580930413447340842901102477660390401472966195758", "price": "0.84", "size": "158.5", "side": "SELL", "hash": "ee3472a65b7f5dd30be4681c47588218711b0624", "best_bid": "0.21", "best_ask": "0.84"}], "timestamp": "1769384512131", "event_type": "price_change"}}
{"_local_timestamp": "2026-01-25T23:41:52.714639+00:00", "data": {"market": "0xfb9209dfaa7d37d1467c798b93a71c7f094d0c9483ce891cc8932e9bbafbb8ab", "price_changes": [{"asset_id": "19386621984632854446011216575580930413447340842901102477660390401472966195758", "price": "0.2", "size": "5", "side": "BUY", "hash": "90a19137a54acc56d2e4f293592ed17e3b34ce14", "best_bid": "0.21", "best_ask": "0.84"}, {"asset_id": "52746868720512831930937381090439675672168331234410876842855597733534043852645", "price": "0.8", "size": "5", "side": "SELL", "hash": "a77fd18cbcfb779af02debb3e9d7995523bc59a7", "best_bid": "0.16", "best_ask": "0.79"}], "timestamp": "1769384512639", "event_type": "price_change"}}
{"_local_timestamp": "2026-01-25T23:41:52.733857+00:00", "data": {"market": "0xfb9209dfaa7d37d1467c798b93a71c7f094d0c9483ce891cc8932e9bbafbb8ab", "price_changes": [{"asset_id": "52746868720512831930937381090439675672168331234410876842855597733534043852645", "price": "0.15", "size": "5", "side": "BUY", "hash": "6556f65a4012b2641098329b381f426d7345dfe7", "best_bid": "0.16", "best_ask": "0.79"}, {"asset_id": "19386621984632854446011216575580930413447340842901102477660390401472966195758", "price": "0.85", "size": "5", "side": "SELL", "hash": "f22cde04b6fb668e4662f9eee1669658a85220d4", "best_bid": "0.21", "best_ask": "0.84"}], "timestamp": "1769384512643", "event_type": "price_change"}}
{"_local_timestamp": "2026-01-25T23:41:53.214326+00:00", "data": {"market": "0xfb9209dfaa7d37d1467c798b93a71c7f094d0c9483ce891cc8932e9bbafbb8ab", "price_changes": [{"asset_id": "52746868720512831930937381090439675672168331234410876842855597733534043852645", "price": "0.08", "size": "200", "side": "BUY", "hash": "09d7e6aa34944482a204a3dc61fc33ceaf69c9b5", "best_bid": "0.16", "best_ask": "0.79"}, {"asset_id": "19386621984632854446011216575580930413447340842901102477660390401472966195758", "price": "0.92", "size": "200", "side": "SELL", "hash": "e7e4c3e769f74b23cbb71ee44d90b7ee5e9f4847", "best_bid": "0.21", "best_ask": "0.84"}], "timestamp": "1769384512939", "event_type": "price_change"}}
{"_local_timestamp": "2026-01-25T23:41:53.216581+00:00", "data": {"market": "0xfb9209dfaa7d37d1467c798b93a71c7f094d0c9483ce891cc8932e9bbafbb8ab", "price_changes": [{"asset_id": "52746868720512831930937381090439675672168331234410876842855597733534043852645", "price": "0.02", "size": "283.2", "side": "BUY", "hash": "09d7e6aa34944482a204a3dc61fc33ceaf69c9b5", "best_bid": "0.16", "best_ask": "0.79"}, {"asset_id": "19386621984632854446011216575580930413447340842901102477660390401472966195758", "price": "0.98", "size": "283.2", "side": "SELL", "hash": "e7e4c3e769f74b23cbb71ee44d90b7ee5e9f4847", "best_bid": "0.21", "best_ask": "0.84"}], "timestamp": "1769384512939", "event_type": "price_change"}}
{"_local_timestamp": "2026-01-25T23:41:53.490001+00:00", "data": {"market": "0xfb9209dfaa7d37d1467c798b93a71c7f094d0c9483ce891cc8932e9bbafbb8ab", "price_changes": [{"asset_id": "19386621984632854446011216575580930413447340842901102477660390401472966195758", "price": "0.2", "size": "0", "side": "BUY", "hash": "c72cf9b9085cae8b6a191969db88378ad32c046e", "best_bid": "0.21", "best_ask": "0.84"}, {"asset_id": "52746868720512831930937381090439675672168331234410876842855597733534043852645", "price": "0.8", "size": "0", "side": "SELL", "hash": "08c3f93c2eb80df8d702deb8e489823007bc8bdc", "best_bid": "0.16", "best_ask": "0.79"}], "timestamp": "1769384513414", "event_type": "price_change"}}
{"_local_timestamp": "2026-01-25T23:41:53.492435+00:00", "data": {"market": "0xfb9209dfaa7d37d1467c798b93a71c7f094d0c9483ce891cc8932e9bbafbb8ab", "price_changes": [{"asset_id": "52746868720512831930937381090439675672168331234410876842855597733534043852645", "price": "0.15", "size": "0", "side": "BUY", "hash": "ed0a5158201fe230d4dd3d03fa553659b4d7c109", "best_bid": "0.16", "best_ask": "0.79"}, {"asset_id": "19386621984632854446011216575580930413447340842901102477660390401472966195758", "price": "0.85", "size": "0", "side": "SELL", "hash": "20a28749d1675165d075149d22a7f1b36f03cd48", "best_bid": "0.21", "best_ask": "0.84"}], "timestamp": "1769384513416", "event_type": "price_change"}}
{"_local_timestamp": "2026-01-25T23:41:55.465743+00:00", "data": {"market": "0xfb9209dfaa7d37d1467c798b93a71c7f094d0c9483ce891cc8932e9bbafbb8ab", "price_changes": [{"asset_id": "52746868720512831930937381090439675672168331234410876842855597733534043852645", "price": "0.16", "size": "163.5", "side": "BUY", "hash": "2c014809c7d4ff74cd0804c40ccedccb72159cdb", "best_bid": "0.16", "best_ask": "0.79"}, {"asset_id": "19386621984632854446011216575580930413447340842901102477660390401472966195758", "price": "0.84", "size": "163.5", "side": "SELL", "hash": "f589f22c2f68b86585088807ada560906bcb59cb", "best_bid": "0.21", "best_ask": "0.84"}], "timestamp": "1769384515398", "event_type": "price_change"}}
{"_local_timestamp": "2026-01-25T23:41:56.305244+00:00", "data": {"market": "0xfb9209dfaa7d37d1467c798b93a71c7f094d0c9483ce891cc8932e9bbafbb8ab", "price_changes": [{"asset_id": "52746868720512831930937381090439675672168331234410876842855597733534043852645", "price": "0.16", "size": "168.5", "side": "BUY", "hash": "f9d677d881a0e2ffcf755d6a83da98f874a77abf", "best_bid": "0.16", "best_ask": "0.79"}, {"asset_id": "19386621984632854446011216575580930413447340842901102477660390401472966195758", "price": "0.84", "size": "168.5", "side": "SELL", "hash": "ade1e885d63c2a070d4774f2427f7a87bc0a33f6", "best_bid": "0.21", "best_ask": "0.84"}], "timestamp": "1769384516241", "event_type": "price_change"}}
{"_local_timestamp": "2026-01-25T23:41:57.352795+00:00", "data": {"market": "0xfb9209dfaa7d37d1467c798b93a71c7f094d0c9483ce891cc8932e9bbafbb8ab", "price_changes": [{"asset_id": "19386621984632854446011216575580930413447340842901102477660390401472966195758", "price": "0.21", "size": "0", "side": "BUY", "hash": "0c1c374de0c822a60a206257fac8dd845eccf545", "best_bid": "0.19", "best_ask": "0.84"}, {"asset_id": "52746868720512831930937381090439675672168331234410876842855597733534043852645", "price": "0.79", "size": "0", "side": "SELL", "hash": "7af22667979a4f34afe1cb591f3443015a84afa9", "best_bid": "0.16", "best_ask": "0.81"}], "timestamp": "1769384517278", "event_type": "price_change"}}
{"_local_timestamp": "2026-01-25T23:41:57.354834+00:00", "data": {"market": "0xfb9209dfaa7d37d1467c798b93a71c7f094d0c9483ce891cc8932e9bbafbb8ab", "price_changes": [{"asset_id": "52746868720512831930937381090439675672168331234410876842855597733534043852645", "price": "0.16", "size": "18.5", "side": "BUY", "hash": "ae1f06339f63bde73c539fc808319ec55a8e8bcc", "best_bid": "0.16", "best_ask": "0.81"}, {"asset_id": "19386621984632854446011216575580930413447340842901102477660390401472966195758", "price": "0.84", "size": "18.5", "side": "SELL", "hash": "8dfbebc841d7805d489d9f30c3160f80691f129b", "best_bid": "0.19", "best_ask": "0.84"}], "timestamp": "1769384517279", "event_type": "price_change"}}
{"_local_timestamp": "2026-01-25T23:41:57.739843+00:00", "data": {"market": "0xfb9209dfaa7d37d1467c798b93a71c7f094d0c9483ce891cc8932e9bbafbb8ab", "price_changes": [{"asset_id": "19386621984632854446011216575580930413447340842901102477660390401472966195758", "price": "0.19", "size": "10", "side": "BUY", "hash": "72363e4a304c43a162157836715671fa7dce6b1e", "best_bid": "0.19", "best_ask": "0.84"}, {"asset_id": "52746868720512831930937381090439675672168331234410876842855597733534043852645", "price": "0.81", "size": "10", "side": "SELL", "hash": "3df2f4983c23268867cdc45b93b2073e845ec042", "best_bid": "0.16", "best_ask": "0.81"}], "timestamp": "1769384517671", "event_type": "price_change"}}
{"_local_timestamp": "2026-01-25T23:41:58.121473+00:00", "data": {"market": "0xfb9209dfaa7d37d1467c798b93a71c7f094d0c9483ce891cc8932e9bbafbb8ab", "price_changes": [{"asset_id": "19386621984632854446011216575580930413447340842901102477660390401472966195758", "price": "0.2", "size": "150", "side": "BUY", "hash": "4c903c977eec4a86f62389694129d3637bc64721", "best_bid": "0.2", "best_ask": "0.84"}, {"asset_id": "52746868720512831930937381090439675672168331234410876842855597733534043852645", "price": "0.8", "size": "150", "side": "SELL", "hash": "5de7aef7de50f870724892850784e5766c6c9a55", "best_bid": "0.16", "best_ask": "0.8"}], "timestamp": "1769384518049", "event_type": "price_change"}}
{"_local_timestamp": "2026-01-25T23:41:58.124389+00:00", "data": {"market": "0xfb9209dfaa7d37d1467c798b93a71c7f094d0c9483ce891cc8932e9bbafbb8ab", "price_changes": [{"asset_id": "52746868720512831930937381090439675672168331234410876842855597733534043852645", "price": "0.17", "size": "150", "side": "BUY", "hash": "fc4850bb02e51246d1c987274c625aa5b71f245c", "best_bid": "0.17", "best_ask": "0.8"}, {"asset_id": "19386621984632854446011216575580930413447340842901102477660390401472966195758", "price": "0.83", "size": "150", "side": "SELL", "hash": "fc0883268c0fb00694fa3867c4040a9ea228d074", "best_bid": "0.2", "best_ask": "0.83"}], "timestamp": "1769384518050", "event_type": "price_change"}}
{"_local_timestamp": "2026-01-25T23:41:58.413915+00:00", "data": {"market": "0xfb9209dfaa7d37d1467c798b93a71c7f094d0c9483ce891cc8932e9bbafbb8ab", "price_changes": [{"asset_id": "19386621984632854446011216575580930413447340842901102477660390401472966195758", "price": "0.19", "size": "15", "side": "BUY", "hash": "71d52792f7388b8bae01ab1d2f96603d31b3b680", "best_bid": "0.2", "best_ask": "0.83"}, {"asset_id": "52746868720512831930937381090439675672168331234410876842855597733534043852645", "price": "0.81", "size": "15", "side": "SELL", "hash": "577fd517bf0323480367984ed697d2aaccd1b701", "best_bid": "0.17", "best_ask": "0.8"}], "timestamp": "1769384518345", "event_type": "price_change"}}
{"_local_timestamp": "2026-01-25T23:41:58.828543+00:00", "data": {"market": "0xfb9209dfaa7d37d1467c798b93a71c7f094d0c9483ce891cc8932e9bbafbb8ab", "price_changes": [{"asset_id": "52746868720512831930937381090439675672168331234410876842855597733534043852645", "price": "0.16", "size": "10", "side": "BUY", "hash": "8b85d62c9cde7dd5a8f5151391ebe9b5264d09ca", "best_bid": "0.17", "best_ask": "0.8"}, {"asset_id": "19386621984632854446011216575580930413447340842901102477660390401472966195758", "price": "0.84", "size": "10", "side": "SELL", "hash": "d08b602801465e4bfafc46a90663328b41c709c4", "best_bid": "0.2", "best_ask": "0.83"}], "timestamp": "1769384518763", "event_type": "price_change"}}
{"_local_timestamp": "2026-01-25T23:41:58.830901+00:00", "data": {"market": "0xfb9209dfaa7d37d1467c798b93a71c7f094d0c9483ce891cc8932e9bbafbb8ab", "price_changes": [{"asset_id": "19386621984632854446011216575580930413447340842901102477660390401472966195758", "price": "0.15", "size": "0", "side": "BUY", "hash": "c7796362b995a18c63fa7f90a58218661f7f1ffe", "best_bid": "0.2", "best_ask": "0.83"}, {"asset_id": "52746868720512831930937381090439675672168331234410876842855597733534043852645", "price": "0.85", "size": "0", "side": "SELL", "hash": "c6c9aad4f350d866281cf762d4dc1c88885d2a19", "best_bid": "0.17", "best_ask": "0.8"}], "timestamp": "1769384518763", "event_type": "price_change"}}
{"_local_timestamp": "2026-01-25T23:41:59.049784+00:00", "data": {"market": "0xfb9209dfaa7d37d1467c798b93a71c7f094d0c9483ce891cc8932e9bbafbb8ab", "price_changes": [{"asset_id": "52746868720512831930937381090439675672168331234410876842855597733534043852645", "price": "0.16", "size": "5", "side": "BUY", "hash": "c13851227b1514eb7a15b79090fc12b5981d532c", "best_bid": "0.17", "best_ask": "0.8"}, {"asset_id": "19386621984632854446011216575580930413447340842901102477660390401472966195758", "price": "0.84", "size": "5", "side": "SELL", "hash": "f333483a493e7877ddc75334df5cfb7374f4e353", "best_bid": "0.2", "best_ask": "0.83"}], "timestamp": "1769384518977", "event_type": "price_change"}}
{"_local_timestamp": "2026-01-25T23:41:59.529045+00:00", "data": {"market": "0xfb9209dfaa7d37d1467c798b93a71c7f094d0c9483ce891cc8932e9bbafbb8ab", "price_changes": [{"asset_id": "52746868720512831930937381090439675672168331234410876842855597733534043852645", "price": "0.16", "size": "0", "side": "BUY", "hash": "51d707293335eac57fc2d6bc19c4d3bc2e964d83", "best_bid": "0.17", "best_ask": "0.8"}, {"asset_id": "19386621984632854446011216575580930413447340842901102477660390401472966195758", "price": "0.84", "size": "0", "side": "SELL", "hash": "0c9600308939946177ceca23568de98ea4709890", "best_bid": "0.2", "best_ask": "0.83"}], "timestamp": "1769384519455", "event_type": "price_change"}}
{"_local_timestamp": "2026-01-25T23:42:00.468514+00:00", "data": {"market": "0xfb9209dfaa7d37d1467c798b93a71c7f094d0c9483ce891cc8932e9bbafbb8ab", "price_changes": [{"asset_id": "19386621984632854446011216575580930413447340842901102477660390401472966195758", "price": "0.19", "size": "10", "side": "BUY", "hash": "52f966f30a7852f2aa767bd5e2693c4596647556", "best_bid": "0.2", "best_ask": "0.83"}, {"asset_id": "52746868720512831930937381090439675672168331234410876842855597733534043852645", "price": "0.81", "size": "10", "side": "SELL", "hash": "9e41177df3514a4e3577ba068b1f6747264a9a59", "best_bid": "0.17", "best_ask": "0.8"}], "timestamp": "1769384520388", "event_type": "price_change"}}
{"_local_timestamp": "2026-01-25T23:42:00.960395+00:00", "data": {"market": "0xfb9209dfaa7d37d1467c798b93a71c7f094d0c9483ce891cc8932e9bbafbb8ab", "price_changes": [{"asset_id": "19386621984632854446011216575580930413447340842901102477660390401472966195758", "price": "0.19", "size": "5", "side": "BUY", "hash": "2622384a59292d2599b144d72b93cef455a2d513", "best_bid": "0.2", "best_ask": "0.83"}, {"asset_id": "52746868720512831930937381090439675672168331234410876842855597733534043852645", "price": "0.81", "size": "5", "side": "SELL", "hash": "359e04c455cdf48e3677a548bd58c85607171fa1", "best_bid": "0.17", "best_ask": "0.8"}], "timestamp": "1769384520896", "event_type": "price_change"}}
{"_local_timestamp": "2026-01-25T23:42:01.812376+00:00", "data": {"market": "0xfb9209dfaa7d37d1467c798b93a71c7f094d0c9483ce891cc8932e9bbafbb8ab", "price_changes": [{"asset_id": "52746868720512831930937381090439675672168331234410876842855597733534043852645", "price": "0.17", "size": "155", "side": "BUY", "hash": "24af1029e437e1aea10518bf137cd2263b445f27", "best_bid": "0.17", "best_ask": "0.8"}, {"asset_id": "19386621984632854446011216575580930413447340842901102477660390401472966195758", "price": "0.83", "size": "155", "side": "SELL", "hash": "9a5f419c7b00598c3219294d94675e2675c32dee", "best_bid": "0.2", "best_ask": "0.83"}], "timestamp": "1769384521724", "event_type": "price_change"}}
{"_local_timestamp": "2026-01-25T23:42:02.376191+00:00", "data": {"market": "0xfb9209dfaa7d37d1467c798b93a71c7f094d0c9483ce891cc8932e9bbafbb8ab", "price_changes": [{"asset_id": "52746868720512831930937381090439675672168331234410876842855597733534043852645", "price": "0.17", "size": "160", "side": "BUY", "hash": "e700710ea8110ada484ac3a55e188765b5a7e1ae", "best_bid": "0.17", "best_ask": "0.8"}, {"asset_id": "19386621984632854446011216575580930413447340842901102477660390401472966195758", "price": "0.83", "size": "160", "side": "SELL", "hash": "0960d1d444439b973ec3110623ee3ca67c6cec5d", "best_bid": "0.2", "best_ask": "0.83"}], "timestamp": "1769384522306", "event_type": "price_change"}}
{"_local_timestamp": "2026-01-25T23:42:03.312757+00:00", "data": {"market": "0xfb9209dfaa7d37d1467c798b93a71c7f094d0c9483ce891cc8932e9bbafbb8ab", "price_changes": [{"asset_id": "52746868720512831930937381090439675672168331234410876842855597733534043852645", "price": "0.17", "size": "10", "side": "BUY", "hash": "937dbb7aa8731f489eda6943d6c7cdd6533715ec", "best_bid": "0.17", "best_ask": "0.8"}, {"asset_id": "19386621984632854446011216575580930413447340842901102477660390401472966195758", "price": "0.83", "size": "10", "side": "SELL", "hash": "afbeae37cc1a11118b7f704f47ee9b2aa80a3d83", "best_bid": "0.2", "best_ask": "0.83"}], "timestamp": "1769384523242", "event_type": "price_change"}}
{"_local_timestamp": "2026-01-25T23:42:03.381232+00:00", "data": {"market": "0xfb9209dfaa7d37d1467c798b93a71c7f094d0c9483ce891cc8932e9bbafbb8ab", "price_changes": [{"asset_id": "19386621984632854446011216575580930413447340842901102477660390401472966195758", "price": "0.2", "size": "155", "side": "BUY", "hash": "5aa98e5dfa5a7d764739bd9b1477544faa5ea31c", "best_bid": "0.2", "best_ask": "0.83"}, {"asset_id": "52746868720512831930937381090439675672168331234410876842855597733534043852645", "price": "0.8", "size": "155", "side": "SELL", "hash": "5dbaeb4a9c5e16d955276c79dac1d1c420e93d8e", "best_bid": "0.17", "best_ask": "0.8"}], "timestamp": "1769384523310", "event_type": "price_change"}}
{"_local_timestamp": "2026-01-25T23:42:03.645776+00:00", "data": {"market": "0xfb9209dfaa7d37d1467c798b93a71c7f094d0c9483ce891cc8932e9bbafbb8ab", "price_changes": [{"asset_id": "52746868720512831930937381090439675672168331234410876842855597733534043852645", "price": "0.18", "size": "150", "side": "BUY", "hash": "2f3b61e9bb03b66bad49a958c19a5509f0e510e9", "best_bid": "0.18", "best_ask": "0.8"}, {"asset_id": "19386621984632854446011216575580930413447340842901102477660390401472966195758", "price": "0.82", "size": "150", "side": "SELL", "hash": "280928d48dcafdbd1c8e27412e9e7fd927661c8b", "best_bid": "0.2", "best_ask": "0.82"}], "timestamp": "1769384523571", "event_type": "price_change"}}
{"_local_timestamp": "2026-01-25T23:42:03.729732+00:00", "data": {"market": "0xfb9209dfaa7d37d1467c798b93a71c7f094d0c9483ce891cc8932e9bbafbb8ab", "price_changes": [{"asset_id": "19386621984632854446011216575580930413447340842901102477660390401472966195758", "price": "0.2", "size": "160", "side": "BUY", "hash": "1eb8256857756f85fa0fcac765aff0cebab18950", "best_bid": "0.2", "best_ask": "0.82"}, {"asset_id": "52746868720512831930937381090439675672168331234410876842855597733534043852645", "price": "0.8", "size": "160", "side": "SELL", "hash": "0301043426f353e41674bd222705f496a226a87c", "best_bid": "0.18", "best_ask": "0.8"}], "timestamp": "1769384523659", "event_type": "price_change"}}
{"_local_timestamp": "2026-01-25T23:42:04.716576+00:00", "data": {"market": "0xfb9209dfaa7d37d1467c798b93a71c7f094d0c9483ce891cc8932e9bbafbb8ab", "price_changes": [{"asset_id": "52746868720512831930937381090439675672168331234410876842855597733534043852645", "price": "0.17", "size": "5", "side": "BUY", "hash": "76ca1dd30d4447eddf9c0ef458f7a6c7babef536", "best_bid": "0.18", "best_ask": "0.8"}, {"asset_id": "19386621984632854446011216575580930413447340842901102477660390401472966195758", "price": "0.83", "size": "5", "side": "SELL", "hash": "750db3d87177e9aed09f314379baf2a6d55441ef", "best_bid": "0.2", "best_ask": "0.82"}], "timestamp": "1769384524647", "event_type": "price_change"}}
{"_local_timestamp": "2026-01-25T23:42:05.052050+00:00", "data": {"market": "0xfb9209dfaa7d37d1467c798b93a71c7f094d0c9483ce891cc8932e9bbafbb8ab", "price_changes": [{"asset_id": "19386621984632854446011216575580930413447340842901102477660390401472966195758", "price": "0.15", "size": "8.5", "side": "BUY", "hash": "cf8f0cbe733a782bacb647bd56945980b4c37c0a", "best_bid": "0.2", "best_ask": "0.82"}, {"asset_id": "52746868720512831930937381090439675672168331234410876842855597733534043852645", "price": "0.85", "size": "8.5", "side": "SELL", "hash": "e3e6079494ccf6290f600584b717f9dba311a493", "best_bid": "0.18", "best_ask": "0.8"}], "timestamp": "1769384524973", "event_type": "price_change"}}
{"_local_timestamp": "2026-01-25T23:42:05.054555+00:00", "data": {"market": "0xfb9209dfaa7d37d1467c798b93a71c7f094d0c9483ce891cc8932e9bbafbb8ab", "price_changes": [{"asset_id": "52746868720512831930937381090439675672168331234410876842855597733534043852645", "price": "0.18", "size": "158.5", "side": "BUY", "hash": "abf49f162d249e60fbc37dd7cbe738e5ad84e256", "best_bid": "0.18", "best_ask": "0.8"}, {"asset_id": "19386621984632854446011216575580930413447340842901102477660390401472966195758", "price": "0.82", "size": "158.5", "side": "SELL", "hash": "f58fa28d102781be1c5e2b3686ad53c6ddae3965", "best_bid": "0.2", "best_ask": "0.82"}], "timestamp": "1769384524975", "event_type": "price_change"}}
{"_local_timestamp": "2026-01-25T23:42:05.190357+00:00", "data": {"market": "0xfb9209dfaa7d37d1467c798b93a71c7f094d0c9483ce891cc8932e9bbafbb8ab", "price_changes": [{"asset_id": "52746868720512831930937381090439675672168331234410876842855597733534043852645", "price": "0.17", "size": "0", "side": "BUY", "hash": "814b7a0c2018bd4c73997917071075fd8b1ea07e", "best_bid": "0.18", "best_ask": "0.8"}, {"asset_id": "19386621984632854446011216575580930413447340842901102477660390401472966195758", "price": "0.83", "size": "0", "side": "SELL", "hash": "9794f3c02ecca6635dec433bf0aca637e3c435f2", "best_bid": "0.2", "best_ask": "0.82"}], "timestamp": "1769384525109", "event_type": "price_change"}}
{"_local_timestamp": "2026-01-25T23:42:07.740913+00:00", "data": {"market": "0xfb9209dfaa7d37d1467c798b93a71c7f094d0c9483ce891cc8932e9bbafbb8ab", "price_changes": [{"asset_id": "52746868720512831930937381090439675672168331234410876842855597733534043852645", "price": "0.18", "size": "163.5", "side": "BUY", "hash": "4e11d3f063e1feeb967faf7217588108be230f1e", "best_bid": "0.18", "best_ask": "0.8"}, {"asset_id": "19386621984632854446011216575580930413447340842901102477660390401472966195758", "price": "0.82", "size": "163.5", "side": "SELL", "hash": "6aa25893e19dcee707963c0d44d378871021d700", "best_bid": "0.2", "best_ask": "0.82"}], "timestamp": "1769384527668", "event_type": "price_change"}}
{"_local_timestamp": "2026-01-25T23:42:08.125164+00:00", "data": {"market": "0xfb9209dfaa7d37d1467c798b93a71c7f094d0c9483ce891cc8932e9bbafbb8ab", "price_changes": [{"asset_id": "52746868720512831930937381090439675672168331234410876842855597733534043852645", "price": "0.18", "size": "168.5", "side": "BUY", "hash": "b6867a08e33ea2a1c9f11fab55c4bd8a03db7e5c", "best_bid": "0.18", "best_ask": "0.8"}, {"asset_id": "19386621984632854446011216575580930413447340842901102477660390401472966195758", "price": "0.82", "size": "168.5", "side": "SELL", "hash": "d31473678e105c02fd5785ba0b7102a4106e637e", "best_bid": "0.2", "best_ask": "0.82"}], "timestamp": "1769384528053", "event_type": "price_change"}}
{"_local_timestamp": "2026-01-25T23:42:08.466574+00:00", "data": {"market": "0xfb9209dfaa7d37d1467c798b93a71c7f094d0c9483ce891cc8932e9bbafbb8ab", "price_changes": [{"asset_id": "19386621984632854446011216575580930413447340842901102477660390401472966195758", "price": "0.15", "size": "0", "side": "BUY", "hash": "48489039cc539878aa2902c6592e000f8d326236", "best_bid": "0.2", "best_ask": "0.82"}, {"asset_id": "52746868720512831930937381090439675672168331234410876842855597733534043852645", "price": "0.85", "size": "0", "side": "SELL", "hash": "09f0ffb51065db9dde0c981bdcb1fea3a3cf2f15", "best_bid": "0.18", "best_ask": "0.8"}], "timestamp": "1769384528397", "event_type": "price_change"}}
{"_local_timestamp": "2026-01-25T23:42:08.469410+00:00", "data": {"market": "0xfb9209dfaa7d37d1467c798b93a71c7f094d0c9483ce891cc8932e9bbafbb8ab", "price_changes": [{"asset_id": "52746868720512831930937381090439675672168331234410876842855597733534043852645", "price": "0.18", "size": "160", "side": "BUY", "hash": "b37a9bddc84c41226768c0aec77cb3b9c0ff7b7e", "best_bid": "0.18", "best_ask": "0.8"}, {"asset_id": "19386621984632854446011216575580930413447340842901102477660390401472966195758", "price": "0.82", "size": "160", "side": "SELL", "hash": "b47b815aa2a38f4b194882d126911aaee14ea972", "best_bid": "0.2", "best_ask": "0.82"}], "timestamp": "1769384528397", "event_type": "price_change"}}
{"_local_timestamp": "2026-01-25T23:42:08.828735+00:00", "data": {"market": "0xfb9209dfaa7d37d1467c798b93a71c7f094d0c9483ce891cc8932e9bbafbb8ab", "price_changes": [{"asset_id": "52746868720512831930937381090439675672168331234410876842855597733534043852645", "price": "0.18", "size": "10", "side": "BUY", "hash": "0a5f3890334f5c8230fff53bdb5726634c3d77c6", "best_bid": "0.18", "best_ask": "0.8"}, {"asset_id": "19386621984632854446011216575580930413447340842901102477660390401472966195758", "price": "0.82", "size": "10", "side": "SELL", "hash": "8cf8197a3f0c503f5fcb63a6f34bad1504300918", "best_bid": "0.2", "best_ask": "0.82"}], "timestamp": "1769384528750", "event_type": "price_change"}}
{"_local_timestamp": "2026-01-25T23:42:08.830921+00:00", "data": {"market": "0xfb9209dfaa7d37d1467c798b93a71c7f094d0c9483ce891cc8932e9bbafbb8ab", "price_changes": [{"asset_id": "19386621984632854446011216575580930413447340842901102477660390401472966195758", "price": "0.2", "size": "10", "side": "BUY", "hash": "263d48970aeaad646751e6347de4cbe625ccc6d4", "best_bid": "0.2", "best_ask": "0.82"}, {"asset_id": "52746868720512831930937381090439675672168331234410876842855597733534043852645", "price": "0.8", "size": "10", "side": "SELL", "hash": "e493f77fc0104becb884986301a6b49f535a1a6c", "best_bid": "0.18", "best_ask": "0.8"}], "timestamp": "1769384528751", "event_type": "price_change"}}
{"_local_timestamp": "2026-01-25T23:42:09.109885+00:00", "data": {"market": "0xfb9209dfaa7d37d1467c798b93a71c7f094d0c9483ce891cc8932e9bbafbb8ab", "price_changes": [{"asset_id": "19386621984632854446011216575580930413447340842901102477660390401472966195758", "price": "0.21", "size": "150", "side": "BUY", "hash": "c0a4011ca5b4e368bf5229158bde4b6678d518fb", "best_bid": "0.21", "best_ask": "0.82"}, {"asset_id": "52746868720512831930937381090439675672168331234410876842855597733534043852645", "price": "0.79", "size": "150", "side": "SELL", "hash": "9f0cc36afbc575c80f3270fcb0a8bccec3de5d15", "best_bid": "0.18", "best_ask": "0.79"}], "timestamp": "1769384529034", "event_type": "price_change"}}
{"_local_timestamp": "2026-01-25T23:42:09.116551+00:00", "data": {"market": "0xfb9209dfaa7d37d1467c798b93a71c7f094d0c9483ce891cc8932e9bbafbb8ab", "price_changes": [{"asset_id": "52746868720512831930937381090439675672168331234410876842855597733534043852645", "price": "0.19", "size": "150", "side": "BUY", "hash": "52d85bb57fbe6a5ecce4df7c9260aad3a77b0939", "best_bid": "0.19", "best_ask": "0.79"}, {"asset_id": "19386621984632854446011216575580930413447340842901102477660390401472966195758", "price": "0.81", "size": "150", "side": "SELL", "hash": "affca1d64d4fbfa3de7833321794f0c724c31d75", "best_bid": "0.21", "best_ask": "0.81"}], "timestamp": "1769384529035", "event_type": "price_change"}}
