{"_local_timestamp": "2026-01-25T23:41:03.528194+00:00", "data": [{"market": "0x4cde183c258e0bff8a85e24c99899d90c77904d92bd21d690add9a46b281a0c5", "asset_id": "96835574881050863738688556617732183295861371574140547158559913239926248501406", "timestamp": "1769382484884", "hash": "47745f00949ffa79edec8a2ac124c9fb7dc33e87", "bids": [{"price": "0.01", "size": "574.79"}, {"price": "0.02", "size": "163.72"}, {"price": "0.03", "size": "75"}, {"price": "0.04", "size": "6.21"}, {"price": "0.05", "size": "30"}, {"price": "0.06", "size": "10.95"}], "asks": [{"price": "0.99", "size": "578.81"}, {"price": "0.98", "size": "158.94"}, {"price": "0.97", "size": "215.07"}, {"price": "0.96", "size": "12"}, {"price": "0.95", "size": "32.51"}], "event_type": "book", "last_trade_price": ""}, {"market": "0x4cde183c258e0bff8a85e24c99899d90c77904d92bd21d690add9a46b281a0c5", "asset_id": "64895855149655127196485074399447230023493120786544655979294500189542472245433", "timestamp": "1769382484884", "hash": "19cea2038547a36d2615d3d6ca44dfab8e004ed4", "bids": [{"price": "0.01", "size": "578.81"}, {"price": "0.02", "size": "158.94"}, {"price": "0.03", "size": "215.07"}, {"price": "0.04", "size": "12"}, {"price": "0.05", "size": "32.51"}], "asks": [{"price": "0.99", "size": "574.79"}, {"price": "0.98", "size": "163.72"}, {"price": "0.97", "size": "75"}, {"price": "0.96", "size": "6.21"}, {"price": "0.95", "size": "30"}, {"price": "0.94", "size": "10.95"}], "event_type": "book", "last_trade_price": ""}, {"market": "0x3e3665a2af2a4eb8b26cd276e2d17996e5eb05fe28218f7c4cbacdbc92a8b13d", "asset_id": "13384681785568772964524688100335192730075712830069725337216569845109206963489", "timestamp": "1769384316008", "hash": "c4433c9d610d97d0842b2c97cac10fe3fdcce2fb", "bids": [{"price": "0.01", "size": "460"}, {"price": "0.02", "size": "385"}], "asks": [{"price": "0.99", "size": "476.74"}, {"price": "0.98", "size": "158.94"}, {"price": "0.97", "size": "130.86"}, {"price": "0.96", "size": "17.41"}], "event_type": "book", "last_trade_price": ""}, {"market": "0x71f8cfd2149c5826b40a105a5a77a36a3f1a968427ef46712c438c80ba893e76", "asset_id": "72704324524456471635248510423788545162902812298107541771370889701510087648898", "timestamp": "1769384312967", "hash": "b559b49d8b96e70473a1c88f7bb5a5d79738bda4", "bids": [{"price": "0.01", "size": "478.34"}, {"price": "0.02", "size": "160.56"}, {"price": "0.03", "size": "192.42"}, {"price": "0.04", "size": "16.53"}], "asks": [{"price": "0.99", "size": "460"}, {"price": "0.98", "size": "385"}], "event_type": "book", "last_trade_price": ""}, {"market": "0x62b80ed0f3d76848a9965a4a95f30fe567519d5b2636ae08dd4999af25503489", "asset_id": "93443125417188163807873220514594086997704140965201871659877130178839496766569", "timestamp": "1769383071562", "hash": "d7380cf273dba5bbae21936f07ad71cdc1f33dd8", "bids": [{"price": "0.01", "size": "460"}, {"price": "0.02", "size": "385"}], "asks": [{"price": "0.99", "size": "483.89"}, {"price": "0.98", "size": "158.94"}, {"price": "0.97", "size": "200.96"}, {"price": "0.96", "size": "13.3"}], "event_type": "book", "last_trade_price": ""}, {"market": "0x71f8cfd2149c5826b40a105a5a77a36a3f1a968427ef46712c438c80ba893e76", "asset_id": "36520301110411763589823210147450432200531622409716426713216114084618454656927", "timestamp": "1769384312967", "hash": "e1423ff61e47b2c93137af616b3cf8d1b519484f", "bids": [{"price": "0.01", "size": "460"}, {"price": "0.02", "size": "385"}], "asks": [{"price": "0.99", "size": "478.34"}, {"price": "0.98", "size": "160.56"}, {"price": "0.97", "size": "192.42"}, {"price": "0.96", "size": "16.53"}], "event_type": "book", "last_trade_price": ""}, {"market": "0x1faa600a7fba61dd811400f14dc9d8714e85bc0d5bbe935c272be6e8c5d888b5", "asset_id": "49637768604039359139441177985446977082722178683989257787251462212123118280255", "timestamp": "1769384312706", "hash": "1f2f17870974b74959d6a2478eeec4adfc73eaac", "bids": [{"price": "0.01", "size": "460"}, {"price": "0.02", "size": "390"}], "asks": [{"price": "0.99", "size": "482.03"}, {"price": "0.98", "size": "160.56"}, {"price": "0.97", "size": "87.63"}, {"price": "0.96", "size": "14.7"}], "event_type": "book", "last_trade_price": ""}, {"market": "0x3e3665a2af2a4eb8b26cd276e2d17996e5eb05fe28218f7c4cbacdbc92a8b13d", "asset_id": "79826652579069287625095673195839721406740341946745080681228867821256960898384", "timestamp": "1769384316008", "hash": "0dd7c6115e57b444f31e7d8eb9279cc7aef0e80e", "bids": [{"price": "0.01", "size": "476.74"}, {"price": "0.02", "size": "158.94"}, {"price": "0.03", "size": "130.86"}, {"price": "0.04", "size": "17.41"}], "asks": [{"price": "0.99", "size": "460"}, {"price": "0.98", "size": "385"}], "event_type": "book", "last_trade_price": ""}, {"market": "0x1faa600a7fba61dd811400f14dc9d8714e85bc0d5bbe935c272be6e8c5d888b5", "asset_id": "36067247503434803537489289346755018110734528325812694728545004302827351713260", "timestamp": "1769384312706", "hash": "4d3e66b010b7217aab10466342bc35346f85e576", "bids": [{"price": "0.01", "size": "482.03"}, {"price": "0.02", "size": "160.56"}, {"price": "0.03", "size": "87.63"}, {"price": "0.04", "size": "14.7"}], "asks": [{"price": "0.99", "size": "460"}, {"price": "0.98", "size": "390"}], "event_type": "book", "last_trade_price": ""}, {"market": "0x62b80ed0f3d76848a9965a4a95f30fe567519d5b2636ae08dd4999af25503489", "asset_id": "85800763321928838872038689037067171326497018741851818231695010052159637995540", "timestamp": "1769383071562", "hash": "d79f44a36230f490b3c91118ecc85420795ce554", "bids": [{"price": "0.01", "size": "483.89"}, {"price": "0.02", "size": "158.94"}, {"price": "0.03", "size": "200.96"}, {"price": "0.04", "size": "13.3"}], "asks": [{"price": "0.99", "size": "460"}, {"price": "0.98", "size": "385"}], "event_type": "book", "last_trade_price": ""}]}
