{"_local_timestamp": "2026-01-25T23:33:44.753351+00:00", "data": [{"market": "0x657e6b6e1d448daff67a84236ed95da864653a883ab3d84445047ae3fb50cc97", "asset_id": "55585348259579599378557463324550774085963226449408644070901623348248916610018", "timestamp": "1769383994326", "hash": "2e1560ec3eb4c4901bdf5924c5b0d439cbe53f5a", "bids": [{"price": "0.01", "size": "122.54"}, {"price": "0.02", "size": "731.05"}, {"price": "0.03", "size": "9.89"}, {"price": "0.05", "size": "20"}, {"price": "0.06", "size": "33"}, {"price": "0.07", "size": "5.5"}, {"price": "0.1", "size": "300"}, {"price": "0.12", "size": "308.33"}, {"price": "0.13", "size": "125"}, {"price": "0.14", "size": "153.57"}, {"price": "0.15", "size": "7.14"}, {"price": "0.17", "size": "158"}, {"price": "0.27", "size": "10"}, {"price": "0.28", "size": "150"}], "asks": [{"price": "0.99", "size": "179.99"}, {"price": "0.97", "size": "6.62"}, {"price": "0.95", "size": "20"}, {"price": "0.94", "size": "547.35"}, {"price": "0.93", "size": "205.47"}, {"price": "0.92", "size": "162.5"}, {"price": "0.9", "size": "110"}, {"price": "0.89", "size": "55"}, {"price": "0.88", "size": "150"}], "event_type": "book", "last_trade_price": ""}, {"market": "0x28d937b483c911ce10f09932b5f0875caf476c5df6240d779412bfc4536de756", "asset_id": "66760927525771238386061844588918391948561910396882725950131459809711704668794", "timestamp": "1769383994334", "hash": "8a800c442df158ee2b7b4f7e5d2281e6c7716e7d", "bids": [{"price": "0.01", "size": "180"}, {"price": "0.03", "size": "6.62"}, {"price": "0.05", "size": "20"}, {"price": "0.06", "size": "547.34"}, {"price": "0.07", "size": "205.47"}, {"price": "0.08", "size": "162.5"}, {"price": "0.1", "size": "110"}, {"price": "0.11", "size": "55"}, {"price": "0.12", "size": "150"}], "asks": [{"price": "0.99", "size": "123.32"}, {"price": "0.98", "size": "731.42"}, {"price": "0.97", "size": "10.3"}, {"price": "0.95", "size": "20"}, {"price": "0.94", "size": "33"}, {"price": "0.93", "size": "7.14"}, {"price": "0.9", "size": "300"}, {"price": "0.89", "size": "318.18"}, {"price": "0.88", "size": "125"}, {"price": "0.87", "size": "159.61"}, {"price": "0.86", "size": "6.63"}, {"price": "0.83", "size": "158"}, {"price": "0.75", "size": "10"}, {"price": "0.74", "size": "150"}], "event_type": "book", "last_trade_price": ""}, {"market": "0x28d937b483c911ce10f09932b5f0875caf476c5df6240d779412bfc4536de756", "asset_id": "41333499904687926027745179722158551020486217973646918846485354303667774010672", "timestamp": "1769383994334", "hash": "ebbf03f369b111b7888ac5c1c76eb684971dde4c", "bids": [{"price": "0.01", "size": "123.32"}, {"price": "0.02", "size": "731.42"}, {"price": "0.03", "size": "10.3"}, {"price": "0.05", "size": "20"}, {"price": "0.06", "size": "33"}, {"price": "0.07", "size": "7.14"}, {"price": "0.1", "size": "300"}, {"price": "0.11", "size": "318.18"}, {"price": "0.12", "size": "125"}, {"price": "0.13", "size": "159.61"}, {"price": "0.14", "size": "6.63"}, {"price": "0.17", "size": "158"}, {"price": "0.25", "size": "10"}, {"price": "0.26", "size": "150"}], "asks": [{"price": "0.99", "size": "180"}, {"price": "0.97", "size": "6.62"}, {"price": "0.95", "size": "20"}, {"price": "0.94", "size": "547.34"}, {"price": "0.93", "size": "205.47"}, {"price": "0.92", "size": "162.5"}, {"price": "0.9", "size": "110"}, {"price": "0.89", "size": "55"}, {"price": "0.88", "size": "150"}], "event_type": "book", "last_trade_price": ""}, {"market": "0x657e6b6e1d448daff67a84236ed95da864653a883ab3d84445047ae3fb50cc97", "asset_id": "10756690256506430548856585329148874319645962159927725465550196841252995792610", "timestamp": "1769383994326", "hash": "3564d84a702d510744cb1a9e4cc300c185bfbdb9", "bids": [{"price": "0.01", "size": "179.99"}, {"price": "0.03", "size": "6.62"}, {"price": "0.05", "size": "20"}, {"price": "0.06", "size": "547.35"}, {"price": "0.07", "size": "205.47"}, {"price": "0.08", "size": "162.5"}, {"price": "0.1", "size": "110"}, {"price": "0.11", "size": "55"}, {"price": "0.12", "size": "150"}], "asks": [{"price": "0.99", "size": "122.54"}, {"price": "0.98", "size": "731.05"}, {"price": "0.97", "size": "9.89"}, {"price": "0.95", "size": "20"}, {"price": "0.94", "size": "33"}, {"price": "0.93", "size": "5.5"}, {"price": "0.9", "size": "300"}, {"price": "0.88", "size": "308.33"}, {"price": "0.87", "size": "125"}, {"price": "0.86", "size": "153.57"}, {"price": "0.85", "size": "7.14"}, {"price": "0.83", "size": "158"}, {"price": "0.73", "size": "10"}, {"price": "0.72", "size": "150"}], "event_type": "book", "last_trade_price": ""}, {"market": "0x36bd3e2d6e63c0b37165ed05e94408efc04a333f3aefe1d6b8faad7d584df726", "asset_id": "73487413467349179979381350197990521268429979513253867105598579736979572509170", "timestamp": "1769383994357", "hash": "8370db379e1fc1474445286ee317003d5cc6fac2", "bids": [{"price": "0.01", "size": "922.66"}, {"price": "0.02", "size": "731.1"}, {"price": "0.03", "size": "13.22"}, {"price": "0.05", "size": "25.86"}, {"price": "0.06", "size": "33"}, {"price": "0.07", "size": "7"}, {"price": "0.08", "size": "7.14"}, {"price": "0.11", "size": "300"}, {"price": "0.12", "size": "308.33"}, {"price": "0.13", "size": "125"}, {"price": "0.14", "size": "153.57"}, {"price": "0.18", "size": "158"}, {"price": "0.27", "size": "10"}, {"price": "0.28", "size": "150"}], "asks": [{"price": "0.99", "size": "165"}, {"price": "0.96", "size": "25"}, {"price": "0.94", "size": "542.05"}, {"price": "0.93", "size": "205.47"}, {"price": "0.92", "size": "162.5"}, {"price": "0.9", "size": "110"}, {"price": "0.89", "size": "55"}, {"price": "0.88", "size": "150"}], "event_type": "book", "last_trade_price": ""}, {"market": "0x36bd3e2d6e63c0b37165ed05e94408efc04a333f3aefe1d6b8faad7d584df726", "asset_id": "97952787913282163004907769419010189593974091217905297752556689367736571951336", "timestamp": "1769383994357", "hash": "1be3d54d2f62d4d5bf6d5d23f8df98624e17f668", "bids": [{"price": "0.01", "size": "165"}, {"price": "0.04", "size": "25"}, {"price": "0.06", "size": "542.05"}, {"price": "0.07", "size": "205.47"}, {"price": "0.08", "size": "162.5"}, {"price": "0.1", "size": "110"}, {"price": "0.11", "size": "55"}, {"price": "0.12", "size": "150"}], "asks": [{"price": "0.99", "size": "922.66"}, {"price": "0.98", "size": "731.1"}, {"price": "0.97", "size": "13.22"}, {"price": "0.95", "size": "25.86"}, {"price": "0.94", "size": "33"}, {"price": "0.93", "size": "7"}, {"price": "0.92", "size": "7.14"}, {"price": "0.89", "size": "300"}, {"price": "0.88", "size": "308.33"}, {"price": "0.87", "size": "125"}, {"price": "0.86", "size": "153.57"}, {"price": "0.82", "size": "158"}, {"price": "0.73", "size": "10"}, {"price": "0.72", "size": "150"}], "event_type": "book", "last_trade_price": ""}]}
{"_local_timestamp": "2026-01-25T23:35:28.053037+00:00", "data": {"market": "0x28d937b483c911ce10f09932b5f0875caf476c5df6240d779412bfc4536de756", "price_changes": [{"asset_id": "41333499904687926027745179722158551020486217973646918846485354303667774010672", "price": "0.14", "size": "0", "side": "BUY", "hash": "74e19b1d2fa372b94c5deb601f5aee583945059c", "best_bid": "0.26", "best_ask": "0.88"}, {"asset_id": "66760927525771238386061844588918391948561910396882725950131459809711704668794", "price": "0.86", "size": "0", "side": "SELL", "hash": "0894d4661c4b982005947714d8dfe4528688eb65", "best_bid": "0.12", "best_ask": "0.74"}], "timestamp": "1769384127983", "event_type": "price_change"}}
{"_local_timestamp": "2026-01-25T23:35:28.053860+00:00", "data": {"market": "0x657e6b6e1d448daff67a84236ed95da864653a883ab3d84445047ae3fb50cc97", "price_changes": [{"asset_id": "55585348259579599378557463324550774085963226449408644070901623348248916610018", "price": "0.15", "size": "0", "side": "BUY", "hash": "c426435de707745e16a506dc67d0803fbcf24098", "best_bid": "0.28", "best_ask": "0.88"}, {"asset_id": "10756690256506430548856585329148874319645962159927725465550196841252995792610", "price": "0.85", "size": "0", "side": "SELL", "hash": "7be26567af6993379c5103c6e27f63dc979b466f", "best_bid": "0.12", "best_ask": "0.72"}], "timestamp": "1769384127983", "event_type": "price_change"}}
{"_local_timestamp": "2026-01-25T23:35:29.507018+00:00", "data": {"market": "0x657e6b6e1d448daff67a84236ed95da864653a883ab3d84445047ae3fb50cc97", "price_changes": [{"asset_id": "55585348259579599378557463324550774085963226449408644070901623348248916610018", "price": "0.15", "size": "7.14", "side": "BUY", "hash": "b0b0c16f849b147be9cc73738b162f0192e9ab00", "best_bid": "0.28", "best_ask": "0.88"}, {"asset_id": "10756690256506430548856585329148874319645962159927725465550196841252995792610", "price": "0.85", "size": "7.14", "side": "SELL", "hash": "5b230991dbc9ae37a6fd6cfc06f5f48034dcd9bd", "best_bid": "0.12", "best_ask": "0.72"}], "timestamp": "1769384129435", "event_type": "price_change"}}
{"_local_timestamp": "2026-01-25T23:35:29.507488+00:00", "data": {"market": "0x28d937b483c911ce10f09932b5f0875caf476c5df6240d779412bfc4536de756", "price_changes": [{"asset_id": "41333499904687926027745179722158551020486217973646918846485354303667774010672", "price": "0.14", "size": "6.63", "side": "BUY", "hash": "b45cbf7163744ad2cd39dcef1c5002aa43e53bfe", "best_bid": "0.26", "best_ask": "0.88"}, {"asset_id": "66760927525771238386061844588918391948561910396882725950131459809711704668794", "price": "0.86", "size": "6.63", "side": "SELL", "hash": "be0842bd47515944fff99faad4f9b3057801506a", "best_bid": "0.12", "best_ask": "0.74"}], "timestamp": "1769384129436", "event_type": "price_change"}}
{"_local_timestamp": "2026-01-25T23:35:34.540652+00:00", "data": {"market": "0x36bd3e2d6e63c0b37165ed05e94408efc04a333f3aefe1d6b8faad7d584df726", "price_changes": [{"asset_id": "73487413467349179979381350197990521268429979513253867105598579736979572509170", "price": "0.05", "size": "20", "side": "BUY", "hash": "6d7ac8e712d8293d605a809e488feb0d6be43f7a", "best_bid": "0.28", "best_ask": "0.88"}, {"asset_id": "97952787913282163004907769419010189593974091217905297752556689367736571951336", "price": "0.95", "size": "20", "side": "SELL", "hash": "595bc91e41dcf0e6e5af44582df7637b94fad6d3", "best_bid": "0.12", "best_ask": "0.72"}], "timestamp": "1769384134464", "event_type": "price_change"}}
{"_local_timestamp": "2026-01-25T23:35:34.541198+00:00", "data": {"market": "0x36bd3e2d6e63c0b37165ed05e94408efc04a333f3aefe1d6b8faad7d584df726", "price_changes": [{"asset_id": "73487413467349179979381350197990521268429979513253867105598579736979572509170", "price": "0.08", "size": "0", "side": "BUY", "hash": "6d7ac8e712d8293d605a809e488feb0d6be43f7a", "best_bid": "0.28", "best_ask": "0.88"}, {"asset_id": "97952787913282163004907769419010189593974091217905297752556689367736571951336", "price": "0.92", "size": "0", "side": "SELL", "hash": "595bc91e41dcf0e6e5af44582df7637b94fad6d3", "best_bid": "0.12", "best_ask": "0.72"}], "timestamp": "1769384134464", "event_type": "price_change"}}
{"_local_timestamp": "2026-01-25T23:35:35.444723+00:00", "data": {"market": "0x36bd3e2d6e63c0b37165ed05e94408efc04a333f3aefe1d6b8faad7d584df726", "price_changes": [{"asset_id": "73487413467349179979381350197990521268429979513253867105598579736979572509170", "price": "0.07", "size": "19.35", "side": "BUY", "hash": "af331a4daa79481642c72c438c03f14c91a3ade6", "best_bid": "0.28", "best_ask": "0.88"}, {"asset_id": "97952787913282163004907769419010189593974091217905297752556689367736571951336", "price": "0.93", "size": "19.35", "side": "SELL", "hash": "93252d09ef69da28bc22a9f83cf93de93a0fd560", "best_bid": "0.12", "best_ask": "0.72"}], "timestamp": "1769384135359", "event_type": "price_change"}}
