{"_local_timestamp": "2026-01-25T23:33:40.276878+00:00", "data": [{"market": "0x71ff2e5ccbe59c4b2b723cb5953dda01c892258d138994747d3b5711f7bba7f1", "asset_id": "14327670507450066154033795940502763187399937408015557567084622430558079667848", "timestamp": "1769383680571", "hash": "82730025069f397f5d247c8581287f810db00799", "bids": [{"price": "0.01", "size": "1786.64"}, {"price": "0.02", "size": "700"}, {"price": "0.03", "size": "8.05"}, {"price": "0.05", "size": "530"}, {"price": "0.06", "size": "11.49"}, {"price": "0.08", "size": "300"}, {"price": "0.17", "size": "5.24"}, {"price": "0.18", "size": "300"}, {"price": "0.2", "size": "200"}, {"price": "0.22", "size": "125"}, {"price": "0.23", "size": "75"}, {"price": "0.24", "size": "37"}, {"price": "0.26", "size": "50"}, {"price": "0.27", "size": "40.74"}, {"price": "0.28", "size": "8.5"}, {"price": "0.46", "size": "150"}, {"price": "0.47", "size": "10"}], "asks": [{"price": "0.99", "size": "979.91"}, {"price": "0.98", "size": "8.03"}, {"price": "0.96", "size": "12"}, {"price": "0.95", "size": "8.93"}, {"price": "0.93", "size": "305.47"}, {"price": "0.92", "size": "325"}, {"price": "0.91", "size": "75"}, {"price": "0.9", "size": "240"}, {"price": "0.89", "size": "9.19"}, {"price": "0.88", "size": "82"}, {"price": "0.84", "size": "6.25"}, {"price": "0.83", "size": "150"}], "event_type": "book", "last_trade_price": ""}, {"market": "0x51171c6c0f0611d0ca21fd55f4ebf3f3383900e93ca9f526a883425eb3ad342e", "asset_id": "23309245892910585034201427924217668026528977020136804297576569622333869220093", "timestamp": "1769383680571", "hash": "13ccb9d21f4d6bbf33cf43080258bf9658f1dab1", "bids": [{"price": "0.01", "size": "991.12"}, {"price": "0.02", "size": "850"}, {"price": "0.03", "size": "11.12"}, {"price": "0.05", "size": "50"}, {"price": "0.06", "size": "33"}, {"price": "0.07", "size": "7.66"}, {"price": "0.15", "size": "6.06"}, {"price": "0.17", "size": "300"}, {"price": "0.19", "size": "200"}, {"price": "0.21", "size": "125"}, {"price": "0.22", "size": "75"}, {"price": "0.23", "size": "37"}, {"price": "0.29", "size": "44.82"}, {"price": "0.3", "size": "36.66"}, {"price": "0.31", "size": "79"}, {"price": "0.34", "size": "89"}], "asks": [{"price": "0.99", "size": "1686.56"}, {"price": "0.98", "size": "561.64"}, {"price": "0.96", "size": "107.7"}, {"price": "0.95", "size": "42.46"}, {"price": "0.94", "size": "5.47"}], "event_type": "book", "last_trade_price": ""}, {"market": "0x25f994ddc26e7f2b262a47d1aaa6890273488f74419ea3a136ce7140c67933e9", "asset_id": "62161824319641020445439921871974166201058651248736940388260054108095886406071", "timestamp": "1769383328021", "hash": "24bdf969f4b0886fc06906e245bf375372b38e3b", "bids": [{"price": "0.01", "size": "75.09"}, {"price": "0.02", "size": "700"}, {"price": "0.03", "size": "6.89"}, {"price": "0.05", "size": "500"}, {"price": "0.06", "size": "7.55"}, {"price": "0.13", "size": "237"}, {"price": "0.14", "size": "8.49"}, {"price": "0.34", "size": "300"}, {"price": "0.38", "size": "200"}, {"price": "0.41", "size": "125"}, {"price": "0.44", "size": "75"}, {"price": "0.6", "size": "20"}, {"price": "0.61", "size": "21.31"}, {"price": "0.62", "size": "17.74"}, {"price": "0.66", "size": "150"}, {"price": "0.67", "size": "10"}], "asks": [{"price": "0.99", "size": "15"}, {"price": "0.98", "size": "33.33"}, {"price": "0.92", "size": "300"}, {"price": "0.91", "size": "325"}, {"price": "0.9", "size": "205"}, {"price": "0.89", "size": "262"}, {"price": "0.85", "size": "20"}, {"price": "0.83", "size": "5.88"}, {"price": "0.82", "size": "150"}], "event_type": "book", "last_trade_price": ""}, {"market": "0x25f994ddc26e7f2b262a47d1aaa6890273488f74419ea3a136ce7140c67933e9", "asset_id": "90353536862507855363455788593992833536658719718259567789429087933290038422249", "timestamp": "1769383328021", "hash": "dac6fe78e6814795916a7a68e28e2af3f7d4d2f2", "bids": [{"price": "0.01", "size": "15"}, {"price": "0.02", "size": "33.33"}, {"price": "0.08", "size": "300"}, {"price": "0.09", "size": "325"}, {"price": "0.1", "size": "205"}, {"price": "0.11", "size": "262"}, {"price": "0.15", "size": "20"}, {"price": "0.17", "size": "5.88"}, {"price": "0.18", "size": "150"}], "asks": [{"price": "0.99", "size": "75.09"}, {"price": "0.98", "size": "700"}, {"price": "0.97", "size": "6.89"}, {"price": "0.95", "size": "500"}, {"price": "0.94", "size": "7.55"}, {"price": "0.87", "size": "237"}, {"price": "0.86", "size": "8.49"}, {"price": "0.66", "size": "300"}, {"price": "0.62", "size": "200"}, {"price": "0.59", "size": "125"}, {"price": "0.56", "size": "75"}, {"price": "0.4", "size": "20"}, {"price": "0.39", "size": "21.31"}, {"price": "0.38", "size": "17.74"}, {"price": "0.34", "size": "150"}, {"price": "0.33", "size": "10"}], "event_type": "book", "last_trade_price": ""}, {"market": "0x51171c6c0f0611d0ca21fd55f4ebf3f3383900e93ca9f526a883425eb3ad342e", "asset_id": "108031744882626905542416743019723192796154192428697615917017582820225405130190", "timestamp": "1769383680571", "hash": "7ee12fc898ea459bc8f045a2fbdaaa5c2fdf987b", "bids": [{"price": "0.01", "size": "1686.56"}, {"price": "0.02", "size": "561.64"}, {"price": "0.04", "size": "107.7"}, {"price": "0.05", "size": "42.46"}, {"price": "0.06", "size": "5.47"}], "asks": [{"price": "0.99", "size": "991.12"}, {"price": "0.98", "size": "850"}, {"price": "0.97", "size": "11.12"}, {"price": "0.95", "size": "50"}, {"price": "0.94", "size": "33"}, {"price": "0.93", "size": "7.66"}, {"price": "0.85", "size": "6.06"}, {"price": "0.83", "size": "300"}, {"price": "0.81", "size": "200"}, {"price": "0.79", "size": "125"}, {"price": "0.78", "size": "75"}, {"price": "0.77", "size": "37"}, {"price": "0.71", "size": "44.82"}, {"price": "0.7", "size": "36.66"}, {"price": "0.69", "size": "79"}, {"price": "0.66", "size": "89"}], "event_type": "book", "last_trade_price": ""}, {"market": "0x71ff2e5ccbe59c4b2b723cb5953dda01c892258d138994747d3b5711f7bba7f1", "asset_id": "87739596449489891787290464075673191564499408358181271340431701667869498591543", "timestamp": "1769383680571", "hash": "09efcb0379e4813aeedaa7d96d256bd48b8bf296", "bids": [{"price": "0.01", "size": "979.91"}, {"price": "0.02", "size": "8.03"}, {"price": "0.04", "size": "12"}, {"price": "0.05", "size": "8.93"}, {"price": "0.07", "size": "305.47"}, {"price": "0.08", "size": "325"}, {"price": "0.09", "size": "75"}, {"price": "0.1", "size": "240"}, {"price": "0.11", "size": "9.19"}, {"price": "0.12", "size": "82"}, {"price": "0.16", "size": "6.25"}, {"price": "0.17", "size": "150"}], "asks": [{"price": "0.99", "size": "1786.64"}, {"price": "0.98", "size": "700"}, {"price": "0.97", "size": "8.05"}, {"price": "0.95", "size": "530"}, {"price": "0.94", "size": "11.49"}, {"price": "0.92", "size": "300"}, {"price": "0.83", "size": "5.24"}, {"price": "0.82", "size": "300"}, {"price": "0.8", "size": "200"}, {"price": "0.78", "size": "125"}, {"price": "0.77", "size": "75"}, {"price": "0.76", "size": "37"}, {"price": "0.74", "size": "50"}, {"price": "0.73", "size": "40.74"}, {"price": "0.72", "size": "8.5"}, {"price": "0.54", "size": "150"}, {"price": "0.53", "size": "10"}], "event_type": "book", "last_trade_price": ""}]}
{"_local_timestamp": "2026-01-25T23:35:23.550238+00:00", "data": {"market": "0x51171c6c0f0611d0ca21fd55f4ebf3f3383900e93ca9f526a883425eb3ad342e", "price_changes": [{"asset_id": "23309245892910585034201427924217668026528977020136804297576569622333869220093", "price": "0.01", "size": "979.89", "side": "BUY", "hash": "aede8079cc207e0d30053bee94873628a2454f3d", "best_bid": "0.34", "best_ask": "0.94"}, {"asset_id": "108031744882626905542416743019723192796154192428697615917017582820225405130190", "price": "0.99", "size": "979.89", "side": "SELL", "hash": "06e36face69d4086a9592bb07e41920a894c5e11", "best_bid": "0.06", "best_ask": "0.66"}], "timestamp": "1769384123484", "event_type": "price_change"}}
{"_local_timestamp": "2026-01-25T23:35:23.551331+00:00", "data": {"market": "0x71ff2e5ccbe59c4b2b723cb5953dda01c892258d138994747d3b5711f7bba7f1", "price_changes": [{"asset_id": "14327670507450066154033795940502763187399937408015557567084622430558079667848", "price": "0.06", "size": "0", "side": "BUY", "hash": "71f3892457f463111e1990bb384913a6f22a652e", "best_bid": "0.47", "best_ask": "0.83"}, {"asset_id": "87739596449489891787290464075673191564499408358181271340431701667869498591543", "price": "0.94", "size": "0", "side": "SELL", "hash": "04261d22630bb446ead2c943a20a05dab3866a18", "best_bid": "0.17", "best_ask": "0.53"}], "timestamp": "1769384123484", "event_type": "price_change"}}
{"_local_timestamp": "2026-01-25T23:35:23.551673+00:00", "data": {"market": "0x51171c6c0f0611d0ca21fd55f4ebf3f3383900e93ca9f526a883425eb3ad342e", "price_changes": [{"asset_id": "23309245892910585034201427924217668026528977020136804297576569622333869220093", "price": "0.15", "size": "0", "side": "BUY", "hash": "aede8079cc207e0d30053bee94873628a2454f3d", "best_bid": "0.34", "best_ask": "0.94"}, {"asset_id": "108031744882626905542416743019723192796154192428697615917017582820225405130190", "price": "0.85", "size": "0", "side": "SELL", "hash": "06e36face69d4086a9592bb07e41920a894c5e11", "best_bid": "0.06", "best_ask": "0.66"}], "timestamp": "1769384123484", "event_type": "price_change"}}
{"_local_timestamp": "2026-01-25T23:35:23.551952+00:00", "data": {"market": "0x71ff2e5ccbe59c4b2b723cb5953dda01c892258d138994747d3b5711f7bba7f1", "price_changes": [{"asset_id": "14327670507450066154033795940502763187399937408015557567084622430558079667848", "price": "0.17", "size": "0", "side": "BUY", "hash": "71f3892457f463111e1990bb384913a6f22a652e", "best_bid": "0.47", "best_ask": "0.83"}, {"asset_id": "87739596449489891787290464075673191564499408358181271340431701667869498591543", "price": "0.83", "size": "0", "side": "SELL", "hash": "04261d22630bb446ead2c943a20a05dab3866a18", "best_bid": "0.17", "best_ask": "0.53"}], "timestamp": "1769384123484", "event_type": "price_change"}}
{"_local_timestamp": "2026-01-25T23:35:25.751761+00:00", "data": {"market": "0x71ff2e5ccbe59c4b2b723cb5953dda01c892258d138994747d3b5711f7bba7f1", "price_changes": [{"asset_id": "14327670507450066154033795940502763187399937408015557567084622430558079667848", "price": "0.03", "size": "14.74", "side": "BUY", "hash": "52fec11fa298c99e653cf5fd94aa0ecaae8b9235", "best_bid": "0.47", "best_ask": "0.83"}, {"asset_id": "87739596449489891787290464075673191564499408358181271340431701667869498591543", "price": "0.97", "size": "14.74", "side": "SELL", "hash": "80cd7ed9c317015212e5e04c651bdd12767468fe", "best_bid": "0.17", "best_ask": "0.53"}], "timestamp": "1769384125679", "event_type": "price_change"}}
{"_local_timestamp": "2026-01-25T23:35:25.752265+00:00", "data": {"market": "0x51171c6c0f0611d0ca21fd55f4ebf3f3383900e93ca9f526a883425eb3ad342e", "price_changes": [{"asset_id": "23309245892910585034201427924217668026528977020136804297576569622333869220093", "price": "0.07", "size": "20.99", "side": "BUY", "hash": "a745018cbf4a873b5feee63d3100a7619bbb1324", "best_bid": "0.34", "best_ask": "0.94"}, {"asset_id": "108031744882626905542416743019723192796154192428697615917017582820225405130190", "price": "0.93", "size": "20.99", "side": "SELL", "hash": "f861b7c85e5aa4b937c241f72b935134f241c092", "best_bid": "0.06", "best_ask": "0.66"}], "timestamp": "1769384125679", "event_type": "price_change"}}
{"_local_timestamp": "2026-01-25T23:35:25.752606+00:00", "data": {"market": "0x71ff2e5ccbe59c4b2b723cb5953dda01c892258d138994747d3b5711f7bba7f1", "price_changes": [{"asset_id": "14327670507450066154033795940502763187399937408015557567084622430558079667848", "price": "0.09", "size": "15.34", "side": "BUY", "hash": "0632a047940a441df520bddfb4152b83325e4889", "best_bid": "0.47", "best_ask": "0.83"}, {"asset_id": "87739596449489891787290464075673191564499408358181271340431701667869498591543", "price": "0.91", "size": "15.34", "side": "SELL", "hash": "f40aaf37d778eb4bcfaf931131daf6567f684aac", "best_bid": "0.17", "best_ask": "0.53"}], "timestamp": "1769384125681", "event_type": "price_change"}}
{"_local_timestamp": "2026-01-25T23:35:25.754082+00:00", "data": {"market": "0x51171c6c0f0611d0ca21fd55f4ebf3f3383900e93ca9f526a883425eb3ad342e", "price_changes": [{"asset_id": "23309245892910585034201427924217668026528977020136804297576569622333869220093", "price": "0.01", "size": "988.7", "side": "BUY", "hash": "bab138e945d4da7dd758d873d37e1073071a5a55", "best_bid": "0.34", "best_ask": "0.94"}, {"asset_id": "108031744882626905542416743019723192796154192428697615917017582820225405130190", "price": "0.99", "size": "988.7", "side": "SELL", "hash": "aa7bbdfca502bb6e59b3a87ce04a4cf89e3fc0c6", "best_bid": "0.06", "best_ask": "0.66"}], "timestamp": "1769384125682", "event_type": "price_change"}}
