{"_local_timestamp": "2026-01-25T23:33:44.756401+00:00", "data": [{"market": "0xc23491e669c53326b7c1e5b89a2f840c7de2a46ed3e82d2800d97302b81538fb", "asset_id": "1591623342798714539854529028504405387642085816710949203609034511539452871496", "timestamp": "1769383994326", "hash": "d923b9a982d600613f947dd53251321784ec34c3", "bids": [{"price": "0.01", "size": "123.33"}, {"price": "0.02", "size": "711.6"}, {"price": "0.03", "size": "16"}, {"price": "0.04", "size": "7.79"}, {"price": "0.05", "size": "20"}, {"price": "0.06", "size": "33"}, {"price": "0.07", "size": "7.14"}, {"price": "0.09", "size": "300"}, {"price": "0.1", "size": "330"}, {"price": "0.11", "size": "225"}, {"price": "0.12", "size": "75"}, {"price": "0.13", "size": "6.33"}, {"price": "0.15", "size": "201"}, {"price": "0.25", "size": "10"}, {"price": "0.26", "size": "150"}], "asks": [{"price": "0.99", "size": "125.69"}, {"price": "0.98", "size": "25"}, {"price": "0.97", "size": "6.14"}, {"price": "0.94", "size": "42.05"}, {"price": "0.93", "size": "310.83"}, {"price": "0.92", "size": "487.5"}, {"price": "0.91", "size": "75"}, {"price": "0.9", "size": "110"}, {"price": "0.89", "size": "55"}, {"price": "0.82", "size": "10"}, {"price": "0.81", "size": "150"}], "event_type": "book", "last_trade_price": ""}, {"market": "0xc23491e669c53326b7c1e5b89a2f840c7de2a46ed3e82d2800d97302b81538fb", "asset_id": "112602011424851000103155656947679684438751382645862874734174162906146763262104", "timestamp": "1769383994326", "hash": "ffc6405754a2f56c7e27138df13314543a1a8562", "bids": [{"price": "0.01", "size": "125.69"}, {"price": "0.02", "size": "25"}, {"price": "0.03", "size": "6.14"}, {"price": "0.06", "size": "42.05"}, {"price": "0.07", "size": "310.83"}, {"price": "0.08", "size": "487.5"}, {"price": "0.09", "size": "75"}, {"price": "0.1", "size": "110"}, {"price": "0.11", "size": "55"}, {"price": "0.18", "size": "10"}, {"price": "0.19", "size": "150"}], "asks": [{"price": "0.99", "size": "123.33"}, {"price": "0.98", "size": "711.6"}, {"price": "0.97", "size": "16"}, {"price": "0.96", "size": "7.79"}, {"price": "0.95", "size": "20"}, {"price": "0.94", "size": "33"}, {"price": "0.93", "size": "7.14"}, {"price": "0.91", "size": "300"}, {"price": "0.9", "size": "330"}, {"price": "0.89", "size": "225"}, {"price": "0.88", "size": "75"}, {"price": "0.87", "size": "6.33"}, {"price": "0.85", "size": "201"}, {"price": "0.75", "size": "10"}, {"price": "0.74", "size": "150"}], "event_type": "book", "last_trade_price": ""}, {"market": "0x4b4bc4a3d08f4bfbd039cd51e9e90c5d6d99ff8e8294c9c123cec127d72b45df", "asset_id": "13014513819564186659036727888915395306970063120569611859316633530800092862906", "timestamp": "1769383994357", "hash": "5ed4af6ef2dd94d19e28cd45cc63e0a0fbdf0eeb", "bids": [{"price": "0.01", "size": "1027"}, {"price": "0.02", "size": "710.46"}, {"price": "0.03", "size": "16"}, {"price": "0.04", "size": "8.35"}, {"price": "0.05", "size": "20"}, {"price": "0.06", "size": "33"}, {"price": "0.07", "size": "6.11"}, {"price": "0.1", "size": "300"}, {"price": "0.12", "size": "308.33"}, {"price": "0.13", "size": "125"}, {"price": "0.14", "size": "253.57"}, {"price": "0.15", "size": "49.06"}, {"price": "0.16", "size": "8.5"}, {"price": "0.29", "size": "10"}, {"price": "0.3", "size": "150"}], "asks": [{"price": "0.99", "size": "1820"}, {"price": "0.98", "size": "725"}, {"price": "0.95", "size": "500"}, {"price": "0.94", "size": "44.6"}, {"price": "0.87", "size": "300"}, {"price": "0.85", "size": "200"}, {"price": "0.84", "size": "125"}, {"price": "0.83", "size": "76.47"}, {"price": "0.82", "size": "113"}, {"price": "0.81", "size": "57.89"}, {"price": "0.8", "size": "8.5"}, {"price": "0.62", "size": "10"}, {"price": "0.61", "size": "150"}], "event_type": "book", "last_trade_price": ""}, {"market": "0x4b4bc4a3d08f4bfbd039cd51e9e90c5d6d99ff8e8294c9c123cec127d72b45df", "asset_id": "78251160312981557515057155871280446885803851470938434971060724245845718670662", "timestamp": "1769383994357", "hash": "49393d02cf1bca9c0a05ea6d861bb2df4764a784", "bids": [{"price": "0.01", "size": "1820"}, {"price": "0.02", "size": "725"}, {"price": "0.05", "size": "500"}, {"price": "0.06", "size": "44.6"}, {"price": "0.13", "size": "300"}, {"price": "0.15", "size": "200"}, {"price": "0.16", "size": "125"}, {"price": "0.17", "size": "76.47"}, {"price": "0.18", "size": "113"}, {"price": "0.19", "size": "57.89"}, {"price": "0.2", "size": "8.5"}, {"price": "0.38", "size": "10"}, {"price": "0.39", "size": "150"}], "asks": [{"price": "0.99", "size": "1027"}, {"price": "0.98", "size": "710.46"}, {"price": "0.97", "size": "16"}, {"price": "0.96", "size": "8.35"}, {"price": "0.95", "size": "20"}, {"price": "0.94", "size": "33"}, {"price": "0.93", "size": "6.11"}, {"price": "0.9", "size": "300"}, {"price": "0.88", "size": "308.33"}, {"price": "0.87", "size": "125"}, {"price": "0.86", "size": "253.57"}, {"price": "0.85", "size": "49.06"}, {"price": "0.84", "size": "8.5"}, {"price": "0.71", "size": "10"}, {"price": "0.7", "size": "150"}], "event_type": "book", "last_trade_price": ""}, {"market": "0x0f50bb6c3fba411f4d6c153abed8a750434b8f88f5e7e59a6c2fa7c68965c98d", "asset_id": "108640408865912714304980143618024557382069945018865372673974193384587151691217", "timestamp": "1769384020323", "hash": "a7ebea971088e930d95d3a056c6ad238c96c75ca", "bids": [{"price": "0.01", "size": "1026.94"}, {"price": "0.02", "size": "725.01"}, {"price": "0.05", "size": "30"}, {"price": "0.06", "size": "33"}, {"price": "0.07", "size": "8.02"}, {"price": "0.1", "size": "300"}, {"price": "0.11", "size": "318.18"}, {"price": "0.12", "size": "125"}, {"price": "0.13", "size": "259.61"}, {"price": "0.14", "size": "42"}, {"price": "0.15", "size": "13.95"}, {"price": "0.29", "size": "10"}, {"price": "0.3", "size": "150"}], "asks": [{"price": "0.99", "size": "1032.03"}, {"price": "0.98", "size": "25"}, {"price": "0.97", "size": "318.21"}, {"price": "0.96", "size": "325"}, {"price": "0.95", "size": "75"}, {"price": "0.94", "size": "44.6"}, {"price": "0.93", "size": "269.75"}, {"price": "0.91", "size": "56"}, {"price": "0.87", "size": "10"}, {"price": "0.85", "size": "8.5"}, {"price": "0.84", "size": "150"}], "event_type": "book", "last_trade_price": ""}, {"market": "0x0f50bb6c3fba411f4d6c153abed8a750434b8f88f5e7e59a6c2fa7c68965c98d", "asset_id": "36680377078077148593910111584810781850541881273788879831231274564384521562016", "timestamp": "1769384020323", "hash": "3fe994b9782facc671f10284bf2950af46b8aa7a", "bids": [{"price": "0.01", "size": "1032.03"}, {"price": "0.02", "size": "25"}, {"price": "0.03", "size": "318.21"}, {"price": "0.04", "size": "325"}, {"price": "0.05", "size": "75"}, {"price": "0.06", "size": "44.6"}, {"price": "0.07", "size": "269.75"}, {"price": "0.09", "size": "56"}, {"price": "0.13", "size": "10"}, {"price": "0.15", "size": "8.5"}, {"price": "0.16", "size": "150"}], "asks": [{"price": "0.99", "size": "1026.94"}, {"price": "0.98", "size": "725.01"}, {"price": "0.95", "size": "30"}, {"price": "0.94", "size": "33"}, {"price": "0.93", "size": "8.02"}, {"price": "0.9", "size": "300"}, {"price": "0.89", "size": "318.18"}, {"price": "0.88", "size": "125"}, {"price": "0.87", "size": "259.61"}, {"price": "0.86", "size": "42"}, {"price": "0.85", "size": "13.95"}, {"price": "0.71", "size": "10"}, {"price": "0.7", "size": "150"}], "event_type": "book", "last_trade_price": ""}]}
{"_local_timestamp": "2026-01-25T23:33:46.315562+00:00", "data": {"market": "0x0f50bb6c3fba411f4d6c153abed8a750434b8f88f5e7e59a6c2fa7c68965c98d", "price_changes": [{"asset_id": "36680377078077148593910111584810781850541881273788879831231274564384521562016", "price": "0.15", "size": "0", "side": "BUY", "hash": "1d54b53079baa58c5f1c13b31e9b7bbd41e8d293", "best_bid": "0.16", "best_ask": "0.7"}, {"asset_id": "108640408865912714304980143618024557382069945018865372673974193384587151691217", "price": "0.85", "size": "0", "side": "SELL", "hash": "33374f3ae4bb54a8ff435bfa6ad00bbc4c128562", "best_bid": "0.3", "best_ask": "0.84"}], "timestamp": "1769384026246", "event_type": "price_change"}}
{"_local_timestamp": "2026-01-25T23:33:46.316558+00:00", "data": {"market": "0x0f50bb6c3fba411f4d6c153abed8a750434b8f88f5e7e59a6c2fa7c68965c98d", "price_changes": [{"asset_id": "108640408865912714304980143618024557382069945018865372673974193384587151691217", "price": "0.15", "size": "5.45", "side": "BUY", "hash": "cc09273263601f5266fae9f505a056aabceac230", "best_bid": "0.3", "best_ask": "0.84"}, {"asset_id": "36680377078077148593910111584810781850541881273788879831231274564384521562016", "price": "0.85", "size": "5.45", "side": "SELL", "hash": "bd2513b057a11246b0eb8afc72e103bdd8247c38", "best_bid": "0.16", "best_ask": "0.7"}], "timestamp": "1769384026246", "event_type": "price_change"}}
{"_local_timestamp": "2026-01-25T23:33:51.063721+00:00", "data": {"market": "0x0f50bb6c3fba411f4d6c153abed8a750434b8f88f5e7e59a6c2fa7c68965c98d", "price_changes": [{"asset_id": "36680377078077148593910111584810781850541881273788879831231274564384521562016", "price": "0.16", "size": "0", "side": "BUY", "hash": "06754b98d05e210422f284089ea65876cc601ead", "best_bid": "0.13", "best_ask": "0.7"}, {"asset_id": "108640408865912714304980143618024557382069945018865372673974193384587151691217", "price": "0.84", "size": "0", "side": "SELL", "hash": "ea62b54cb25235f6c436625ad6cc8e7ac804adc1", "best_bid": "0.3", "best_ask": "0.87"}], "timestamp": "1769384030988", "event_type": "price_change"}}
{"_local_timestamp": "2026-01-25T23:33:51.440444+00:00", "data": {"market": "0x0f50bb6c3fba411f4d6c153abed8a750434b8f88f5e7e59a6c2fa7c68965c98d", "price_changes": [{"asset_id": "36680377078077148593910111584810781850541881273788879831231274564384521562016", "price": "0.14", "size": "150", "side": "BUY", "hash": "b91e8bdd57884afdfcde6cc99cf6c8c3f25db3b0", "best_bid": "0.14", "best_ask": "0.7"}, {"asset_id": "108640408865912714304980143618024557382069945018865372673974193384587151691217", "price": "0.86", "size": "150", "side": "SELL", "hash": "c489a89d0153a91bc41f46da047772269d89d529", "best_bid": "0.3", "best_ask": "0.86"}], "timestamp": "1769384031366", "event_type": "price_change"}}
{"_local_timestamp": "2026-01-25T23:33:58.061182+00:00", "data": {"market": "0x0f50bb6c3fba411f4d6c153abed8a750434b8f88f5e7e59a6c2fa7c68965c98d", "price_changes": [{"asset_id": "36680377078077148593910111584810781850541881273788879831231274564384521562016", "price": "0.15", "size": "8.5", "side": "BUY", "hash": "38b984d854d3e7ddb54b92e1abc80799225db626", "best_bid": "0.15", "best_ask": "0.7"}, {"asset_id": "108640408865912714304980143618024557382069945018865372673974193384587151691217", "price": "0.85", "size": "8.5", "side": "SELL", "hash": "ffd7ada0ef1c7bb0fce2ce5ae7af9c36b0af3ef5", "best_bid": "0.3", "best_ask": "0.85"}], "timestamp": "1769384037977", "event_type": "price_change"}}
{"_local_timestamp": "2026-01-25T23:33:58.062604+00:00", "data": {"market": "0x0f50bb6c3fba411f4d6c153abed8a750434b8f88f5e7e59a6c2fa7c68965c98d", "price_changes": [{"asset_id": "108640408865912714304980143618024557382069945018865372673974193384587151691217", "price": "0.15", "size": "13.95", "side": "BUY", "hash": "1febee29e79597931cebd759bdb582285256a81f", "best_bid": "0.3", "best_ask": "0.85"}, {"asset_id": "36680377078077148593910111584810781850541881273788879831231274564384521562016", "price": "0.85", "size": "13.95", "side": "SELL", "hash": "ff53d7c668c2cb8c5371b5682a80c97d201aa4a0", "best_bid": "0.15", "best_ask": "0.7"}], "timestamp": "1769384037978", "event_type": "price_change"}}
{"_local_timestamp": "2026-01-25T23:34:02.045428+00:00", "data": {"market": "0x0f50bb6c3fba411f4d6c153abed8a750434b8f88f5e7e59a6c2fa7c68965c98d", "price_changes": [{"asset_id": "36680377078077148593910111584810781850541881273788879831231274564384521562016", "price": "0.14", "size": "0", "side": "BUY", "hash": "8150061a9caf8ade301b21596046feea00f15842", "best_bid": "0.15", "best_ask": "0.7"}, {"asset_id": "108640408865912714304980143618024557382069945018865372673974193384587151691217", "price": "0.86", "size": "0", "side": "SELL", "hash": "cc6461855e9f19aff030091d51dc6b6d96bf731a", "best_bid": "0.3", "best_ask": "0.85"}], "timestamp": "1769384041967", "event_type": "price_change"}}
{"_local_timestamp": "2026-01-25T23:34:02.384850+00:00", "data": {"market": "0x0f50bb6c3fba411f4d6c153abed8a750434b8f88f5e7e59a6c2fa7c68965c98d", "price_changes": [{"asset_id": "36680377078077148593910111584810781850541881273788879831231274564384521562016", "price": "0.16", "size": "150", "side": "BUY", "hash": "50c760c9175a298c66e98da5348b252aa5e75c18", "best_bid": "0.16", "best_ask": "0.7"}, {"asset_id": "108640408865912714304980143618024557382069945018865372673974193384587151691217", "price": "0.84", "size": "150", "side": "SELL", "hash": "3a75556c56c960f701023c263ef7e263d6c78929", "best_bid": "0.3", "best_ask": "0.84"}], "timestamp": "1769384042311", "event_type": "price_change"}}
{"_local_timestamp": "2026-01-25T23:34:07.812156+00:00", "data": {"market": "0x0f50bb6c3fba411f4d6c153abed8a750434b8f88f5e7e59a6c2fa7c68965c98d", "price_changes": [{"asset_id": "36680377078077148593910111584810781850541881273788879831231274564384521562016", "price": "0.15", "size": "0", "side": "BUY", "hash": "f134a2a7d7a6818245796c262cf1d055e08028d6", "best_bid": "0.16", "best_ask": "0.7"}, {"asset_id": "108640408865912714304980143618024557382069945018865372673974193384587151691217", "price": "0.85", "size": "0", "side": "SELL", "hash": "084d673bf9f28296d34e6dc1904572aaf617055d", "best_bid": "0.3", "best_ask": "0.84"}], "timestamp": "1769384047735", "event_type": "price_change"}}
{"_local_timestamp": "2026-01-25T23:34:07.812836+00:00", "data": {"market": "0x0f50bb6c3fba411f4d6c153abed8a750434b8f88f5e7e59a6c2fa7c68965c98d", "price_changes": [{"asset_id": "108640408865912714304980143618024557382069945018865372673974193384587151691217", "price": "0.15", "size": "5.45", "side": "BUY", "hash": "071a6be41770d6ea42a83d9ae73ffddc464b80d7", "best_bid": "0.3", "best_ask": "0.84"}, {"asset_id": "36680377078077148593910111584810781850541881273788879831231274564384521562016", "price": "0.85", "size": "5.45", "side": "SELL", "hash": "408778cd8f98db7f17a86b8de4d66dc38f71367a", "best_bid": "0.16", "best_ask": "0.7"}], "timestamp": "1769384047736", "event_type": "price_change"}}
{"_local_timestamp": "2026-01-25T23:34:13.178892+00:00", "data": {"market": "0x0f50bb6c3fba411f4d6c153abed8a750434b8f88f5e7e59a6c2fa7c68965c98d", "price_changes": [{"asset_id": "36680377078077148593910111584810781850541881273788879831231274564384521562016", "price": "0.16", "size": "0", "side": "BUY", "hash": "8130076aead451fac05c4dbe0b3510a615b17a03", "best_bid": "0.13", "best_ask": "0.7"}, {"asset_id": "108640408865912714304980143618024557382069945018865372673974193384587151691217", "price": "0.84", "size": "0", "side": "SELL", "hash": "ff993a3466d4065186eeb4eb2aa82cec911bc657", "best_bid": "0.3", "best_ask": "0.87"}], "timestamp": "1769384053055", "event_type": "price_change"}}
{"_local_timestamp": "2026-01-25T23:34:13.546161+00:00", "data": {"market": "0x0f50bb6c3fba411f4d6c153abed8a750434b8f88f5e7e59a6c2fa7c68965c98d", "price_changes": [{"asset_id": "36680377078077148593910111584810781850541881273788879831231274564384521562016", "price": "0.14", "size": "150", "side": "BUY", "hash": "8a019d2f9b06ae9ac95fdaad20395cefac3cfc6c", "best_bid": "0.14", "best_ask": "0.7"}, {"asset_id": "108640408865912714304980143618024557382069945018865372673974193384587151691217", "price": "0.86", "size": "150", "side": "SELL", "hash": "79002195468622b0cc6ea7b5017a102b892788c9", "best_bid": "0.3", "best_ask": "0.86"}], "timestamp": "1769384053360", "event_type": "price_change"}}
{"_local_timestamp": "2026-01-25T23:34:18.627551+00:00", "data": {"market": "0x0f50bb6c3fba411f4d6c153abed8a750434b8f88f5e7e59a6c2fa7c68965c98d", "price_changes": [{"asset_id": "36680377078077148593910111584810781850541881273788879831231274564384521562016", "price": "0.15", "size": "8.5", "side": "BUY", "hash": "4c09bafd82004cb40e565c1a2b22930b554e07ca", "best_bid": "0.15", "best_ask": "0.7"}, {"asset_id": "108640408865912714304980143618024557382069945018865372673974193384587151691217", "price": "0.85", "size": "8.5", "side": "SELL", "hash": "e33a24c9db352d3f5269e75a86acd88914977982", "best_bid": "0.3", "best_ask": "0.85"}], "timestamp": "1769384058554", "event_type": "price_change"}}
{"_local_timestamp": "2026-01-25T23:34:18.628074+00:00", "data": {"market": "0x0f50bb6c3fba411f4d6c153abed8a750434b8f88f5e7e59a6c2fa7c68965c98d", "price_changes": [{"asset_id": "108640408865912714304980143618024557382069945018865372673974193384587151691217", "price": "0.15", "size": "13.95", "side": "BUY", "hash": "0a2767f5a97c2e1545b77269e4abec0ca4c29126", "best_bid": "0.3", "best_ask": "0.85"}, {"asset_id": "36680377078077148593910111584810781850541881273788879831231274564384521562016", "price": "0.85", "size": "13.95", "side": "SELL", "hash": "12571c46754c68af16ee2d2e97318bbb5466f4e9", "best_bid": "0.15", "best_ask": "0.7"}], "timestamp": "1769384058555", "event_type": "price_change"}}
{"_local_timestamp": "2026-01-25T23:34:23.953169+00:00", "data": {"market": "0x0f50bb6c3fba411f4d6c153abed8a750434b8f88f5e7e59a6c2fa7c68965c98d", "price_changes": [{"asset_id": "36680377078077148593910111584810781850541881273788879831231274564384521562016", "price": "0.14", "size": "0", "side": "BUY", "hash": "f5868380615eb3b4ca486ba888579dcebd9e649f", "best_bid": "0.15", "best_ask": "0.7"}, {"asset_id": "108640408865912714304980143618024557382069945018865372673974193384587151691217", "price": "0.86", "size": "0", "side": "SELL", "hash": "522397f6367cb82d35364c107e13e2af2ed6a9aa", "best_bid": "0.3", "best_ask": "0.85"}], "timestamp": "1769384063868", "event_type": "price_change"}}
{"_local_timestamp": "2026-01-25T23:34:24.389006+00:00", "data": {"market": "0x0f50bb6c3fba411f4d6c153abed8a750434b8f88f5e7e59a6c2fa7c68965c98d", "price_changes": [{"asset_id": "36680377078077148593910111584810781850541881273788879831231274564384521562016", "price": "0.16", "size": "150", "side": "BUY", "hash": "818729b39c2ca9bca52a61ee39a8330ceeeade07", "best_bid": "0.16", "best_ask": "0.7"}, {"asset_id": "108640408865912714304980143618024557382069945018865372673974193384587151691217", "price": "0.84", "size": "150", "side": "SELL", "hash": "80d05c6bbec34e45647f792cd2de95610fa8b230", "best_bid": "0.3", "best_ask": "0.84"}], "timestamp": "1769384064318", "event_type": "price_change"}}
{"_local_timestamp": "2026-01-25T23:34:28.995866+00:00", "data": {"market": "0x0f50bb6c3fba411f4d6c153abed8a750434b8f88f5e7e59a6c2fa7c68965c98d", "price_changes": [{"asset_id": "36680377078077148593910111584810781850541881273788879831231274564384521562016", "price": "0.15", "size": "0", "side": "BUY", "hash": "c8413a8f7df7b20aed014690abeba8960ccacfd8", "best_bid": "0.16", "best_ask": "0.7"}, {"asset_id": "108640408865912714304980143618024557382069945018865372673974193384587151691217", "price": "0.85", "size": "0", "side": "SELL", "hash": "075d5f5ca952e4decd5b86b85a004926c63c2c08", "best_bid": "0.3", "best_ask": "0.84"}], "timestamp": "1769384068634", "event_type": "price_change"}}
{"_local_timestamp": "2026-01-25T23:34:28.996476+00:00", "data": {"market": "0x0f50bb6c3fba411f4d6c153abed8a750434b8f88f5e7e59a6c2fa7c68965c98d", "price_changes": [{"asset_id": "108640408865912714304980143618024557382069945018865372673974193384587151691217", "price": "0.15", "size": "5.45", "side": "BUY", "hash": "b1e238c46bf23c90660726ad24d9cbd29943538d", "best_bid": "0.3", "best_ask": "0.84"}, {"asset_id": "36680377078077148593910111584810781850541881273788879831231274564384521562016", "price": "0.85", "size": "5.45", "side": "SELL", "hash": "93c49176af8cfe314c4ed9cbb47baa004cf39f88", "best_bid": "0.16", "best_ask": "0.7"}], "timestamp": "1769384068635", "event_type": "price_change"}}
{"_local_timestamp": "2026-01-25T23:34:29.600880+00:00", "data": {"market": "0x0f50bb6c3fba411f4d6c153abed8a750434b8f88f5e7e59a6c2fa7c68965c98d", "price_changes": [{"asset_id": "36680377078077148593910111584810781850541881273788879831231274564384521562016", "price": "0.16", "size": "0", "side": "BUY", "hash": "007b1006bdd219c97af20108f54c062d3afa5b96", "best_bid": "0.13", "best_ask": "0.7"}, {"asset_id": "108640408865912714304980143618024557382069945018865372673974193384587151691217", "price": "0.84", "size": "0", "side": "SELL", "hash": "b66aa31df26fca863c8cd478f7d606c5e4613694", "best_bid": "0.3", "best_ask": "0.87"}], "timestamp": "1769384069524", "event_type": "price_change"}}
{"_local_timestamp": "2026-01-25T23:34:30.285307+00:00", "data": {"market": "0x0f50bb6c3fba411f4d6c153abed8a750434b8f88f5e7e59a6c2fa7c68965c98d", "price_changes": [{"asset_id": "36680377078077148593910111584810781850541881273788879831231274564384521562016", "price": "0.14", "size": "150", "side": "BUY", "hash": "0c2e2826d3ccc0027458e3167713f9a5efc463d3", "best_bid": "0.14", "best_ask": "0.7"}, {"asset_id": "108640408865912714304980143618024557382069945018865372673974193384587151691217", "price": "0.86", "size": "150", "side": "SELL", "hash": "244b615c5e5c571d74d41464e4cc7fac567b9ff4", "best_bid": "0.3", "best_ask": "0.86"}], "timestamp": "1769384070114", "event_type": "price_change"}}
{"_local_timestamp": "2026-01-25T23:34:35.257482+00:00", "data": {"market": "0x0f50bb6c3fba411f4d6c153abed8a750434b8f88f5e7e59a6c2fa7c68965c98d", "price_changes": [{"asset_id": "36680377078077148593910111584810781850541881273788879831231274564384521562016", "price": "0.15", "size": "8.5", "side": "BUY", "hash": "4606bb029de8a62e02b95faccd957bc973e44ea4", "best_bid": "0.15", "best_ask": "0.7"}, {"asset_id": "108640408865912714304980143618024557382069945018865372673974193384587151691217", "price": "0.85", "size": "8.5", "side": "SELL", "hash": "5a38fd092efb1df95ba4fdd8c4a24b046878dfd3", "best_bid": "0.3", "best_ask": "0.85"}], "timestamp": "1769384075189", "event_type": "price_change"}}
{"_local_timestamp": "2026-01-25T23:34:35.257976+00:00", "data": {"market": "0x0f50bb6c3fba411f4d6c153abed8a750434b8f88f5e7e59a6c2fa7c68965c98d", "price_changes": [{"asset_id": "108640408865912714304980143618024557382069945018865372673974193384587151691217", "price": "0.15", "size": "13.95", "side": "BUY", "hash": "4722900a2fbbc6c035ca247f364df76a6dc7590c", "best_bid": "0.3", "best_ask": "0.85"}, {"asset_id": "36680377078077148593910111584810781850541881273788879831231274564384521562016", "price": "0.85", "size": "13.95", "side": "SELL", "hash": "50f7adc80395414b849823b1dd37dc23c34a9b7d", "best_bid": "0.15", "best_ask": "0.7"}], "timestamp": "1769384075190", "event_type": "price_change"}}
{"_local_timestamp": "2026-01-25T23:34:36.841741+00:00", "data": {"market": "0xc23491e669c53326b7c1e5b89a2f840c7de2a46ed3e82d2800d97302b81538fb", "price_changes": [{"asset_id": "1591623342798714539854529028504405387642085816710949203609034511539452871496", "price": "0.26", "size": "308", "side": "BUY", "hash": "8f7e8339f33d42d5d0bc6e6d39737c0132b9338e", "best_bid": "0.26", "best_ask": "0.81"}, {"asset_id": "112602011424851000103155656947679684438751382645862874734174162906146763262104", "price": "0.74", "size": "308", "side": "SELL", "hash": "f0d6ea842abc24e2732d972a08cb965d32b34fb7", "best_bid": "0.19", "best_ask": "0.74"}], "timestamp": "1769384076777", "event_type": "price_change"}}
{"_local_timestamp": "2026-01-25T23:34:36.849532+00:00", "data": {"market": "0x4b4bc4a3d08f4bfbd039cd51e9e90c5d6d99ff8e8294c9c123cec127d72b45df", "price_changes": [{"asset_id": "13014513819564186659036727888915395306970063120569611859316633530800092862906", "price": "0.31", "size": "19", "side": "BUY", "hash": "258b5ecffbed4c8611c5da0026b244b398bf36d6", "best_bid": "0.31", "best_ask": "0.61"}, {"asset_id": "78251160312981557515057155871280446885803851470938434971060724245845718670662", "price": "0.69", "size": "19", "side": "SELL", "hash": "4f9b4a053c496906a608bdd960747c8d8c5f0d05", "best_bid": "0.39", "best_ask": "0.69"}], "timestamp": "1769384076777", "event_type": "price_change"}}
{"_local_timestamp": "2026-01-25T23:34:36.849956+00:00", "data": {"market": "0xc23491e669c53326b7c1e5b89a2f840c7de2a46ed3e82d2800d97302b81538fb", "price_changes": [{"asset_id": "1591623342798714539854529028504405387642085816710949203609034511539452871496", "price": "0.27", "size": "316.66", "side": "BUY", "hash": "419f74fd1c03f951a84f45cb2b2ba0367d67c109", "best_bid": "0.27", "best_ask": "0.81"}, {"asset_id": "112602011424851000103155656947679684438751382645862874734174162906146763262104", "price": "0.73", "size": "316.66", "side": "SELL", "hash": "0b272066bdb6e7090c82aad1994063c3fc5aacea", "best_bid": "0.19", "best_ask": "0.73"}], "timestamp": "1769384076778", "event_type": "price_change"}}
{"_local_timestamp": "2026-01-25T23:34:36.850382+00:00", "data": {"market": "0x0f50bb6c3fba411f4d6c153abed8a750434b8f88f5e7e59a6c2fa7c68965c98d", "price_changes": [{"asset_id": "108640408865912714304980143618024557382069945018865372673974193384587151691217", "price": "0.31", "size": "316.66", "side": "BUY", "hash": "4a9dae9920c0c0c951c9655c92e35d98b237f444", "best_bid": "0.31", "best_ask": "0.85"}, {"asset_id": "36680377078077148593910111584810781850541881273788879831231274564384521562016", "price": "0.69", "size": "316.66", "side": "SELL", "hash": "fcd319fcd2fa5334565c0d4066c0183cfae55cf2", "best_bid": "0.15", "best_ask": "0.69"}], "timestamp": "1769384076777", "event_type": "price_change"}}
{"_local_timestamp": "2026-01-25T23:34:36.851057+00:00", "data": {"market": "0x0f50bb6c3fba411f4d6c153abed8a750434b8f88f5e7e59a6c2fa7c68965c98d", "price_changes": [{"asset_id": "108640408865912714304980143618024557382069945018865372673974193384587151691217", "price": "0.3", "size": "308", "side": "BUY", "hash": "75a23112da540c7493da220c9130b82453cbf037", "best_bid": "0.31", "best_ask": "0.85"}, {"asset_id": "36680377078077148593910111584810781850541881273788879831231274564384521562016", "price": "0.7", "size": "308", "side": "SELL", "hash": "5d53d7592daaca8c45f42c6fd3dc48b1de125303", "best_bid": "0.15", "best_ask": "0.69"}], "timestamp": "1769384076778", "event_type": "price_change"}}
{"_local_timestamp": "2026-01-25T23:34:40.996769+00:00", "data": {"market": "0xc23491e669c53326b7c1e5b89a2f840c7de2a46ed3e82d2800d97302b81538fb", "price_changes": [{"asset_id": "1591623342798714539854529028504405387642085816710949203609034511539452871496", "price": "0.26", "size": "158", "side": "BUY", "hash": "253e09c6349d1346eab966bb5a6421fdacd8c5a1", "best_bid": "0.27", "best_ask": "0.81"}, {"asset_id": "112602011424851000103155656947679684438751382645862874734174162906146763262104", "price": "0.74", "size": "158", "side": "SELL", "hash": "49fa9e75f444fba34161133e445366be7dbc40fd", "best_bid": "0.19", "best_ask": "0.73"}], "timestamp": "1769384080922", "event_type": "price_change"}}
{"_local_timestamp": "2026-01-25T23:34:40.997375+00:00", "data": {"market": "0x4b4bc4a3d08f4bfbd039cd51e9e90c5d6d99ff8e8294c9c123cec127d72b45df", "price_changes": [{"asset_id": "13014513819564186659036727888915395306970063120569611859316633530800092862906", "price": "0.3", "size": "0", "side": "BUY", "hash": "faf478e19c2cf3fa42e9580986715616773c3748", "best_bid": "0.31", "best_ask": "0.61"}, {"asset_id": "78251160312981557515057155871280446885803851470938434971060724245845718670662", "price": "0.7", "size": "0", "side": "SELL", "hash": "72ab563a5b79a835ea82102d92a74d3a8fc6939c", "best_bid": "0.39", "best_ask": "0.69"}], "timestamp": "1769384080922", "event_type": "price_change"}}
{"_local_timestamp": "2026-01-25T23:34:40.997790+00:00", "data": {"market": "0x0f50bb6c3fba411f4d6c153abed8a750434b8f88f5e7e59a6c2fa7c68965c98d", "price_changes": [{"asset_id": "108640408865912714304980143618024557382069945018865372673974193384587151691217", "price": "0.3", "size": "158", "side": "BUY", "hash": "3786cce2882ee24bec44256f32a44ca8a4b0d756", "best_bid": "0.31", "best_ask": "0.85"}, {"asset_id": "36680377078077148593910111584810781850541881273788879831231274564384521562016", "price": "0.7", "size": "158", "side": "SELL", "hash": "d8827baac5dd85fd7535c21b4804c5b7c424aaa9", "best_bid": "0.15", "best_ask": "0.69"}], "timestamp": "1769384080922", "event_type": "price_change"}}
{"_local_timestamp": "2026-01-25T23:34:40.998126+00:00", "data": {"market": "0x0f50bb6c3fba411f4d6c153abed8a750434b8f88f5e7e59a6c2fa7c68965c98d", "price_changes": [{"asset_id": "36680377078077148593910111584810781850541881273788879831231274564384521562016", "price": "0.14", "size": "0", "side": "BUY", "hash": "d65e339c90b8c384fb0efe51995f1210729e7f06", "best_bid": "0.15", "best_ask": "0.69"}, {"asset_id": "108640408865912714304980143618024557382069945018865372673974193384587151691217", "price": "0.86", "size": "0", "side": "SELL", "hash": "daf839153fecac3a80b6bc1dfa1610d98a2871c4", "best_bid": "0.31", "best_ask": "0.85"}], "timestamp": "1769384080923", "event_type": "price_change"}}
{"_local_timestamp": "2026-01-25T23:34:41.419636+00:00", "data": {"market": "0x4b4bc4a3d08f4bfbd039cd51e9e90c5d6d99ff8e8294c9c123cec127d72b45df", "price_changes": [{"asset_id": "13014513819564186659036727888915395306970063120569611859316633530800092862906", "price": "0.32", "size": "150", "side": "BUY", "hash": "551f692975939b238a05b46dbe0dfcf985906c71", "best_bid": "0.32", "best_ask": "0.61"}, {"asset_id": "78251160312981557515057155871280446885803851470938434971060724245845718670662", "price": "0.68", "size": "150", "side": "SELL", "hash": "7003f73ddaf1be0fdb78907bda5d8f48f7c218ab", "best_bid": "0.39", "best_ask": "0.68"}], "timestamp": "1769384081347", "event_type": "price_change"}}
{"_local_timestamp": "2026-01-25T23:34:41.420951+00:00", "data": {"market": "0x0f50bb6c3fba411f4d6c153abed8a750434b8f88f5e7e59a6c2fa7c68965c98d", "price_changes": [{"asset_id": "36680377078077148593910111584810781850541881273788879831231274564384521562016", "price": "0.16", "size": "150", "side": "BUY", "hash": "684dfb5a1b337c54614c44c1a05d901a9c7b6e8d", "best_bid": "0.16", "best_ask": "0.69"}, {"asset_id": "108640408865912714304980143618024557382069945018865372673974193384587151691217", "price": "0.84", "size": "150", "side": "SELL", "hash": "e5432a4349d379ec9113809b742e5f4849f156a2", "best_bid": "0.31", "best_ask": "0.84"}], "timestamp": "1769384081347", "event_type": "price_change"}}
{"_local_timestamp": "2026-01-25T23:34:41.421358+00:00", "data": {"market": "0xc23491e669c53326b7c1e5b89a2f840c7de2a46ed3e82d2800d97302b81538fb", "price_changes": [{"asset_id": "1591623342798714539854529028504405387642085816710949203609034511539452871496", "price": "0.28", "size": "150", "side": "BUY", "hash": "f3810862b5d07a3c7b8f097c4c9f627d416640c6", "best_bid": "0.28", "best_ask": "0.81"}, {"asset_id": "112602011424851000103155656947679684438751382645862874734174162906146763262104", "price": "0.72", "size": "150", "side": "SELL", "hash": "206d098873c4bd9f4b6870f8d66052f96e45d9ae", "best_bid": "0.19", "best_ask": "0.72"}], "timestamp": "1769384081347", "event_type": "price_change"}}
{"_local_timestamp": "2026-01-25T23:34:41.421775+00:00", "data": {"market": "0x0f50bb6c3fba411f4d6c153abed8a750434b8f88f5e7e59a6c2fa7c68965c98d", "price_changes": [{"asset_id": "108640408865912714304980143618024557382069945018865372673974193384587151691217", "price": "0.32", "size": "150", "side": "BUY", "hash": "16f83d1fc115562f7611fd566f0542e6b0c37dda", "best_bid": "0.32", "best_ask": "0.84"}, {"asset_id": "36680377078077148593910111584810781850541881273788879831231274564384521562016", "price": "0.68", "size": "150", "side": "SELL", "hash": "20d2e8862822a272df4f783afa55c4559fbdea9c", "best_bid": "0.16", "best_ask": "0.68"}], "timestamp": "1769384081348", "event_type": "price_change"}}
{"_local_timestamp": "2026-01-25T23:34:48.830786+00:00", "data": {"market": "0x0f50bb6c3fba411f4d6c153abed8a750434b8f88f5e7e59a6c2fa7c68965c98d", "price_changes": [{"asset_id": "36680377078077148593910111584810781850541881273788879831231274564384521562016", "price": "0.15", "size": "0", "side": "BUY", "hash": "3f7224f7e17952ceea9899a8fd0e2b7dffbc390c", "best_bid": "0.16", "best_ask": "0.68"}, {"asset_id": "108640408865912714304980143618024557382069945018865372673974193384587151691217", "price": "0.85", "size": "0", "side": "SELL", "hash": "572c76925d7d135cc19800d73d0177d599e3e1d4", "best_bid": "0.32", "best_ask": "0.84"}], "timestamp": "1769384088762", "event_type": "price_change"}}
{"_local_timestamp": "2026-01-25T23:34:48.832972+00:00", "data": {"market": "0x0f50bb6c3fba411f4d6c153abed8a750434b8f88f5e7e59a6c2fa7c68965c98d", "price_changes": [{"asset_id": "108640408865912714304980143618024557382069945018865372673974193384587151691217", "price": "0.15", "size": "5.45", "side": "BUY", "hash": "67d8043df22152fd6143a1a591e69f2e4ead0a34", "best_bid": "0.32", "best_ask": "0.84"}, {"asset_id": "36680377078077148593910111584810781850541881273788879831231274564384521562016", "price": "0.85", "size": "5.45", "side": "SELL", "hash": "261b62dbb88bfc841a6794931229a0e5d5d2200c", "best_bid": "0.16", "best_ask": "0.68"}], "timestamp": "1769384088762", "event_type": "price_change"}}
{"_local_timestamp": "2026-01-25T23:34:51.984376+00:00", "data": {"market": "0x0f50bb6c3fba411f4d6c153abed8a750434b8f88f5e7e59a6c2fa7c68965c98d", "price_changes": [{"asset_id": "36680377078077148593910111584810781850541881273788879831231274564384521562016", "price": "0.16", "size": "0", "side": "BUY", "hash": "8e2162d2c5b6e1c2d2a5c7226308993b8c9b2320", "best_bid": "0.13", "best_ask": "0.68"}, {"asset_id": "108640408865912714304980143618024557382069945018865372673974193384587151691217", "price": "0.84", "size": "0", "side": "SELL", "hash": "de923efd76b7785c168263b662f050231d96acd5", "best_bid": "0.32", "best_ask": "0.87"}], "timestamp": "1769384091911", "event_type": "price_change"}}
{"_local_timestamp": "2026-01-25T23:34:52.231536+00:00", "data": {"market": "0x0f50bb6c3fba411f4d6c153abed8a750434b8f88f5e7e59a6c2fa7c68965c98d", "price_changes": [{"asset_id": "36680377078077148593910111584810781850541881273788879831231274564384521562016", "price": "0.14", "size": "150", "side": "BUY", "hash": "6f23369d4443b36e72235b8a266f05b381d8f082", "best_bid": "0.14", "best_ask": "0.68"}, {"asset_id": "108640408865912714304980143618024557382069945018865372673974193384587151691217", "price": "0.86", "size": "150", "side": "SELL", "hash": "224bdb4579b42bdda083c5b3a6bcb58f2b251891", "best_bid": "0.32", "best_ask": "0.86"}], "timestamp": "1769384092146", "event_type": "price_change"}}
{"_local_timestamp": "2026-01-25T23:34:55.861612+00:00", "data": {"market": "0x0f50bb6c3fba411f4d6c153abed8a750434b8f88f5e7e59a6c2fa7c68965c98d", "price_changes": [{"asset_id": "108640408865912714304980143618024557382069945018865372673974193384587151691217", "price": "0.31", "size": "0", "side": "BUY", "hash": "208957d24e09432baaf1f8a4de9e970484b98456", "best_bid": "0.32", "best_ask": "0.86"}, {"asset_id": "36680377078077148593910111584810781850541881273788879831231274564384521562016", "price": "0.69", "size": "0", "side": "SELL", "hash": "447e75ae7a43c03d85b6931f8aec16f83ae27519", "best_bid": "0.14", "best_ask": "0.68"}], "timestamp": "1769384095767", "event_type": "price_change"}}
{"_local_timestamp": "2026-01-25T23:34:55.862094+00:00", "data": {"market": "0xc23491e669c53326b7c1e5b89a2f840c7de2a46ed3e82d2800d97302b81538fb", "price_changes": [{"asset_id": "1591623342798714539854529028504405387642085816710949203609034511539452871496", "price": "0.27", "size": "0", "side": "BUY", "hash": "d6878d5228966da5aa9360131fbc17f0363ed9b0", "best_bid": "0.28", "best_ask": "0.81"}, {"asset_id": "112602011424851000103155656947679684438751382645862874734174162906146763262104", "price": "0.73", "size": "0", "side": "SELL", "hash": "c75afbc20e7bfc6fede4a0597db453707bb64e8b", "best_bid": "0.19", "best_ask": "0.72"}], "timestamp": "1769384095766", "event_type": "price_change"}}
{"_local_timestamp": "2026-01-25T23:34:55.862477+00:00", "data": {"market": "0x4b4bc4a3d08f4bfbd039cd51e9e90c5d6d99ff8e8294c9c123cec127d72b45df", "price_changes": [{"asset_id": "13014513819564186659036727888915395306970063120569611859316633530800092862906", "price": "0.31", "size": "0", "side": "BUY", "hash": "13ca2ff35b29433a11d89dc0d783b131252d0b73", "best_bid": "0.32", "best_ask": "0.61"}, {"asset_id": "78251160312981557515057155871280446885803851470938434971060724245845718670662", "price": "0.69", "size": "0", "side": "SELL", "hash": "4cc735f879d64f738f7de9c6c423603c2013c1ca", "best_bid": "0.39", "best_ask": "0.68"}], "timestamp": "1769384095768", "event_type": "price_change"}}
{"_local_timestamp": "2026-01-25T23:34:57.396898+00:00", "data": {"market": "0x0f50bb6c3fba411f4d6c153abed8a750434b8f88f5e7e59a6c2fa7c68965c98d", "price_changes": [{"asset_id": "108640408865912714304980143618024557382069945018865372673974193384587151691217", "price": "0.32", "size": "0", "side": "BUY", "hash": "1f31299e62db098f9c45ca57f50941d5ebcfdda3", "best_bid": "0.3", "best_ask": "0.86"}, {"asset_id": "36680377078077148593910111584810781850541881273788879831231274564384521562016", "price": "0.68", "size": "0", "side": "SELL", "hash": "e0adbadff4abd3396d955db192f6caf6f19e2e29", "best_bid": "0.14", "best_ask": "0.7"}], "timestamp": "1769384097328", "event_type": "price_change"}}
{"_local_timestamp": "2026-01-25T23:34:57.400608+00:00", "data": {"market": "0xc23491e669c53326b7c1e5b89a2f840c7de2a46ed3e82d2800d97302b81538fb", "price_changes": [{"asset_id": "1591623342798714539854529028504405387642085816710949203609034511539452871496", "price": "0.28", "size": "0", "side": "BUY", "hash": "5ca5161a5f14483b24c538fbaff7807e94fa95dd", "best_bid": "0.26", "best_ask": "0.81"}, {"asset_id": "112602011424851000103155656947679684438751382645862874734174162906146763262104", "price": "0.72", "size": "0", "side": "SELL", "hash": "524f53c8cbb420ae6afad7fa04c0e9ce27651d6e", "best_bid": "0.19", "best_ask": "0.74"}], "timestamp": "1769384097328", "event_type": "price_change"}}
{"_local_timestamp": "2026-01-25T23:34:57.401026+00:00", "data": {"market": "0x4b4bc4a3d08f4bfbd039cd51e9e90c5d6d99ff8e8294c9c123cec127d72b45df", "price_changes": [{"asset_id": "13014513819564186659036727888915395306970063120569611859316633530800092862906", "price": "0.32", "size": "0", "side": "BUY", "hash": "96373800f869f0b4c3e50fa710f9c63369a7d7a1", "best_bid": "0.29", "best_ask": "0.61"}, {"asset_id": "78251160312981557515057155871280446885803851470938434971060724245845718670662", "price": "0.68", "size": "0", "side": "SELL", "hash": "3fd96be8bef06a2a2959eb9a04500baa39e32fa1", "best_bid": "0.39", "best_ask": "0.71"}], "timestamp": "1769384097328", "event_type": "price_change"}}
{"_local_timestamp": "2026-01-25T23:34:57.789719+00:00", "data": {"market": "0x0f50bb6c3fba411f4d6c153abed8a750434b8f88f5e7e59a6c2fa7c68965c98d", "price_changes": [{"asset_id": "108640408865912714304980143618024557382069945018865372673974193384587151691217", "price": "0.31", "size": "150", "side": "BUY", "hash": "613c07367d21a35cafff8f7c4bdcdcf77939864e", "best_bid": "0.31", "best_ask": "0.86"}, {"asset_id": "36680377078077148593910111584810781850541881273788879831231274564384521562016", "price": "0.69", "size": "150", "side": "SELL", "hash": "e41ba4cb6f2aedf17c3a3263e01e109e65930f8f", "best_bid": "0.14", "best_ask": "0.69"}], "timestamp": "1769384097714", "event_type": "price_change"}}
{"_local_timestamp": "2026-01-25T23:34:57.813063+00:00", "data": {"market": "0x4b4bc4a3d08f4bfbd039cd51e9e90c5d6d99ff8e8294c9c123cec127d72b45df", "price_changes": [{"asset_id": "13014513819564186659036727888915395306970063120569611859316633530800092862906", "price": "0.3", "size": "150", "side": "BUY", "hash": "819cc6ffbdb95b0ef6a70da044669c2edcebe81e", "best_bid": "0.3", "best_ask": "0.61"}, {"asset_id": "78251160312981557515057155871280446885803851470938434971060724245845718670662", "price": "0.7", "size": "150", "side": "SELL", "hash": "9c85bb6ad2d0a641241edc7a9c27984364fb01a4", "best_bid": "0.39", "best_ask": "0.7"}], "timestamp": "1769384097729", "event_type": "price_change"}}
{"_local_timestamp": "2026-01-25T23:34:57.813664+00:00", "data": {"market": "0xc23491e669c53326b7c1e5b89a2f840c7de2a46ed3e82d2800d97302b81538fb", "price_changes": [{"asset_id": "1591623342798714539854529028504405387642085816710949203609034511539452871496", "price": "0.27", "size": "150", "side": "BUY", "hash": "49cd2681e13c6200aaf978828537ae0eb10e5faa", "best_bid": "0.27", "best_ask": "0.81"}, {"asset_id": "112602011424851000103155656947679684438751382645862874734174162906146763262104", "price": "0.73", "size": "150", "side": "SELL", "hash": "497fd7c94ff282e325721d83524f31bb0daf4aa2", "best_bid": "0.19", "best_ask": "0.73"}], "timestamp": "1769384097729", "event_type": "price_change"}}
{"_local_timestamp": "2026-01-25T23:34:58.597278+00:00", "data": {"market": "0x0f50bb6c3fba411f4d6c153abed8a750434b8f88f5e7e59a6c2fa7c68965c98d", "price_changes": [{"asset_id": "36680377078077148593910111584810781850541881273788879831231274564384521562016", "price": "0.15", "size": "8.5", "side": "BUY", "hash": "854c3b964c6cc8df85e3977f35516df755966dad", "best_bid": "0.15", "best_ask": "0.69"}, {"asset_id": "108640408865912714304980143618024557382069945018865372673974193384587151691217", "price": "0.85", "size": "8.5", "side": "SELL", "hash": "7cf22f369bc15e26f0b53639a1924e6452036520", "best_bid": "0.31", "best_ask": "0.85"}], "timestamp": "1769384098530", "event_type": "price_change"}}
{"_local_timestamp": "2026-01-25T23:34:58.597791+00:00", "data": {"market": "0x0f50bb6c3fba411f4d6c153abed8a750434b8f88f5e7e59a6c2fa7c68965c98d", "price_changes": [{"asset_id": "108640408865912714304980143618024557382069945018865372673974193384587151691217", "price": "0.15", "size": "13.95", "side": "BUY", "hash": "c1428df25f056d07ee3a8fc4eaf3cb7d19490ed9", "best_bid": "0.31", "best_ask": "0.85"}, {"asset_id": "36680377078077148593910111584810781850541881273788879831231274564384521562016", "price": "0.85", "size": "13.95", "side": "SELL", "hash": "5584968ce9590bfdf2600545b585893ea55164bb", "best_bid": "0.15", "best_ask": "0.69"}], "timestamp": "1769384098530", "event_type": "price_change"}}
{"_local_timestamp": "2026-01-25T23:35:03.033839+00:00", "data": {"market": "0x0f50bb6c3fba411f4d6c153abed8a750434b8f88f5e7e59a6c2fa7c68965c98d", "price_changes": [{"asset_id": "36680377078077148593910111584810781850541881273788879831231274564384521562016", "price": "0.14", "size": "0", "side": "BUY", "hash": "fa46ab38279de98d77535f807268995b9f260eee", "best_bid": "0.15", "best_ask": "0.69"}, {"asset_id": "108640408865912714304980143618024557382069945018865372673974193384587151691217", "price": "0.86", "size": "0", "side": "SELL", "hash": "00c0be885a6d5c78ab9ef6033623f58f0189847a", "best_bid": "0.31", "best_ask": "0.85"}], "timestamp": "1769384102878", "event_type": "price_change"}}
{"_local_timestamp": "2026-01-25T23:35:03.699852+00:00", "data": {"market": "0x0f50bb6c3fba411f4d6c153abed8a750434b8f88f5e7e59a6c2fa7c68965c98d", "price_changes": [{"asset_id": "36680377078077148593910111584810781850541881273788879831231274564384521562016", "price": "0.16", "size": "150", "side": "BUY", "hash": "4a709d979ea1a91e894064fee292c01b6a04cfab", "best_bid": "0.16", "best_ask": "0.69"}, {"asset_id": "108640408865912714304980143618024557382069945018865372673974193384587151691217", "price": "0.84", "size": "150", "side": "SELL", "hash": "de06284b55371b18ff109a0694872d44c9a23cf4", "best_bid": "0.31", "best_ask": "0.84"}], "timestamp": "1769384103562", "event_type": "price_change"}}
{"_local_timestamp": "2026-01-25T23:35:07.264546+00:00", "data": {"market": "0x0f50bb6c3fba411f4d6c153abed8a750434b8f88f5e7e59a6c2fa7c68965c98d", "price_changes": [{"asset_id": "36680377078077148593910111584810781850541881273788879831231274564384521562016", "price": "0.15", "size": "0", "side": "BUY", "hash": "ea21e88a31455bebc99e186c9a9ca2cc5fb16994", "best_bid": "0.16", "best_ask": "0.69"}, {"asset_id": "108640408865912714304980143618024557382069945018865372673974193384587151691217", "price": "0.85", "size": "0", "side": "SELL", "hash": "0d9f9a3d67f785e009ef93977949edfdd03eaa83", "best_bid": "0.31", "best_ask": "0.84"}], "timestamp": "1769384107039", "event_type": "price_change"}}
{"_local_timestamp": "2026-01-25T23:35:07.265303+00:00", "data": {"market": "0x0f50bb6c3fba411f4d6c153abed8a750434b8f88f5e7e59a6c2fa7c68965c98d", "price_changes": [{"asset_id": "108640408865912714304980143618024557382069945018865372673974193384587151691217", "price": "0.15", "size": "5.45", "side": "BUY", "hash": "d5bbf172ae52ae5c1788828936408876355d1f1b", "best_bid": "0.31", "best_ask": "0.84"}, {"asset_id": "36680377078077148593910111584810781850541881273788879831231274564384521562016", "price": "0.85", "size": "5.45", "side": "SELL", "hash": "c5598fc8afa438ad35dc3f2089430ec2605650b8", "best_bid": "0.16", "best_ask": "0.69"}], "timestamp": "1769384107039", "event_type": "price_change"}}
