{"_local_timestamp": "2026-01-25T23:33:44.751842+00:00", "data": [{"market": "0x70bb2ab335041982158b5fb7b5c7b7c4521cc4527923aa349700088978a2ec42", "asset_id": "85893221605469543513733568621290952168691819483530503735746037535132134978277", "timestamp": "1769383994333", "hash": "b33a8efeb0e8c9a51931d09b648f3e7ad67d7e12", "bids": [{"price": "0.01", "size": "927.57"}, {"price": "0.02", "size": "700"}, {"price": "0.03", "size": "12.86"}, {"price": "0.05", "size": "530"}, {"price": "0.06", "size": "33"}, {"price": "0.08", "size": "6.06"}, {"price": "0.13", "size": "100"}, {"price": "0.15", "size": "473.33"}, {"price": "0.16", "size": "236"}, {"price": "0.17", "size": "5.61"}, {"price": "0.18", "size": "125"}, {"price": "0.19", "size": "75"}, {"price": "0.41", "size": "10"}, {"price": "0.5", "size": "10"}, {"price": "0.51", "size": "140"}], "asks": [{"price": "0.99", "size": "534.32"}, {"price": "0.98", "size": "25"}, {"price": "0.97", "size": "315.77"}, {"price": "0.96", "size": "400"}, {"price": "0.94", "size": "42.05"}, {"price": "0.93", "size": "38.47"}, {"price": "0.92", "size": "160"}], "event_type": "book", "last_trade_price": "0.420"}, {"market": "0xfb9209dfaa7d37d1467c798b93a71c7f094d0c9483ce891cc8932e9bbafbb8ab", "asset_id": "19386621984632854446011216575580930413447340842901102477660390401472966195758", "timestamp": "1769384021696", "hash": "8ba5e076e24c7efd80e1f2a3c177e3abc77012cb", "bids": [{"price": "0.01", "size": "1029.81"}, {"price": "0.02", "size": "25"}, {"price": "0.03", "size": "5.62"}, {"price": "0.06", "size": "33"}, {"price": "0.07", "size": "11.17"}, {"price": "0.08", "size": "300"}, {"price": "0.09", "size": "200"}, {"price": "0.1", "size": "125"}, {"price": "0.11", "size": "193.18"}, {"price": "0.13", "size": "84.61"}, {"price": "0.14", "size": "42"}, {"price": "0.19", "size": "5"}, {"price": "0.21", "size": "150"}], "asks": [{"price": "0.99", "size": "1030.25"}, {"price": "0.98", "size": "283.2"}, {"price": "0.97", "size": "10.35"}, {"price": "0.95", "size": "37.46"}, {"price": "0.94", "size": "333"}, {"price": "0.93", "size": "385.71"}, {"price": "0.92", "size": "212.49"}, {"price": "0.86", "size": "79"}, {"price": "0.81", "size": "150"}], "event_type": "book", "last_trade_price": ""}, {"market": "0x083965633a28f77bef3fb4841308edf42a3b270f057efce283dfac723ed0220d", "asset_id": "27766534490960516868436656671241680217023787344656933379394778043102476758840", "timestamp": "1769383994334", "hash": "d6656b400c7be93e2290121993f2d8206234d390", "bids": [{"price": "0.01", "size": "921.92"}, {"price": "0.02", "size": "705.75"}, {"price": "0.03", "size": "14.02"}, {"price": "0.05", "size": "30"}, {"price": "0.06", "size": "33"}, {"price": "0.07", "size": "6.64"}, {"price": "0.11", "size": "300"}, {"price": "0.12", "size": "308.33"}, {"price": "0.13", "size": "125"}, {"price": "0.14", "size": "253.57"}, {"price": "0.15", "size": "5.86"}, {"price": "0.17", "size": "79"}, {"price": "0.29", "size": "10"}, {"price": "0.3", "size": "150"}], "asks": [{"price": "0.99", "size": "127.03"}, {"price": "0.98", "size": "25"}, {"price": "0.97", "size": "18.21"}, {"price": "0.94", "size": "342.05"}, {"price": "0.93", "size": "205.47"}, {"price": "0.92", "size": "362.5"}, {"price": "0.91", "size": "61.11"}, {"price": "0.9", "size": "71"}, {"price": "0.84", "size": "10"}, {"price": "0.83", "size": "150"}], "event_type": "book", "last_trade_price": ""}, {"market": "0xfb9209dfaa7d37d1467c798b93a71c7f094d0c9483ce891cc8932e9bbafbb8ab", "asset_id": "52746868720512831930937381090439675672168331234410876842855597733534043852645", "timestamp": "1769384021696", "hash": "073a3e531e1a330e9062bae16f051f628cda6f01", "bids": [{"price": "0.01", "size": "1030.25"}, {"price": "0.02", "size": "283.2"}, {"price": "0.03", "size": "10.35"}, {"price": "0.05", "size": "37.46"}, {"price": "0.06", "size": "333"}, {"price": "0.07", "size": "385.71"}, {"price": "0.08", "size": "212.49"}, {"price": "0.14", "size": "79"}, {"price": "0.19", "size": "150"}], "asks": [{"price": "0.99", "size": "1029.81"}, {"price": "0.98", "size": "25"}, {"price": "0.97", "size": "5.62"}, {"price": "0.94", "size": "33"}, {"price": "0.93", "size": "11.17"}, {"price": "0.92", "size": "300"}, {"price": "0.91", "size": "200"}, {"price": "0.9", "size": "125"}, {"price": "0.89", "size": "193.18"}, {"price": "0.87", "size": "84.61"}, {"price": "0.86", "size": "42"}, {"price": "0.81", "size": "5"}, {"price": "0.79", "size": "150"}], "event_type": "book", "last_trade_price": ""}, {"market": "0x70bb2ab335041982158b5fb7b5c7b7c4521cc4527923aa349700088978a2ec42", "asset_id": "82542585043265272417330223754671585759173160199479826534815480485591482493957", "timestamp": "1769383994333", "hash": "504df667c70c080098f668b33b42f4875a2bf924", "bids": [{"price": "0.01", "size": "534.32"}, {"price": "0.02", "size": "25"}, {"price": "0.03", "size": "315.77"}, {"price": "0.04", "size": "400"}, {"price": "0.06", "size": "42.05"}, {"price": "0.07", "size": "38.47"}, {"price": "0.08", "size": "160"}], "asks": [{"price": "0.99", "size": "927.57"}, {"price": "0.98", "size": "700"}, {"price": "0.97", "size": "12.86"}, {"price": "0.95", "size": "530"}, {"price": "0.94", "size": "33"}, {"price": "0.92", "size": "6.06"}, {"price": "0.87", "size": "100"}, {"price": "0.85", "size": "473.33"}, {"price": "0.84", "size": "236"}, {"price": "0.83", "size": "5.61"}, {"price": "0.82", "size": "125"}, {"price": "0.81", "size": "75"}, {"price": "0.59", "size": "10"}, {"price": "0.5", "size": "10"}, {"price": "0.49", "size": "140"}], "event_type": "book", "last_trade_price": "0.420"}, {"market": "0x083965633a28f77bef3fb4841308edf42a3b270f057efce283dfac723ed0220d", "asset_id": "66648580297644950150479655313684696936000920046753260170476775676476293548269", "timestamp": "1769383994334", "hash": "c5d07cc48f23b35bb8c75eee3f3ef12f25642991", "bids": [{"price": "0.01", "size": "127.03"}, {"price": "0.02", "size": "25"}, {"price": "0.03", "size": "18.21"}, {"price": "0.06", "size": "342.05"}, {"price": "0.07", "size": "205.47"}, {"price": "0.08", "size": "362.5"}, {"price": "0.09", "size": "61.11"}, {"price": "0.1", "size": "71"}, {"price": "0.16", "size": "10"}, {"price": "0.17", "size": "150"}], "asks": [{"price": "0.99", "size": "921.92"}, {"price": "0.98", "size": "705.75"}, {"price": "0.97", "size": "14.02"}, {"price": "0.95", "size": "30"}, {"price": "0.94", "size": "33"}, {"price": "0.93", "size": "6.64"}, {"price": "0.89", "size": "300"}, {"price": "0.88", "size": "308.33"}, {"price": "0.87", "size": "125"}, {"price": "0.86", "size": "253.57"}, {"price": "0.85", "size": "5.86"}, {"price": "0.83", "size": "79"}, {"price": "0.71", "size": "10"}, {"price": "0.7", "size": "150"}], "event_type": "book", "last_trade_price": ""}]}
{"_local_timestamp": "2026-01-25T23:33:45.537767+00:00", "data": {"market": "0xfb9209dfaa7d37d1467c798b93a71c7f094d0c9483ce891cc8932e9bbafbb8ab", "price_changes": [{"asset_id": "19386621984632854446011216575580930413447340842901102477660390401472966195758", "price": "0.21", "size": "0", "side": "BUY", "hash": "c58581802199020554289618b84d0ca71038c917", "best_bid": "0.19", "best_ask": "0.81"}, {"asset_id": "52746868720512831930937381090439675672168331234410876842855597733534043852645", "price": "0.79", "size": "0", "side": "SELL", "hash": "e4719f2af8431153f482e14d496afc8d23d20774", "best_bid": "0.19", "best_ask": "0.81"}], "timestamp": "1769384025474", "event_type": "price_change"}}
{"_local_timestamp": "2026-01-25T23:33:45.544674+00:00", "data": {"market": "0xfb9209dfaa7d37d1467c798b93a71c7f094d0c9483ce891cc8932e9bbafbb8ab", "price_changes": [{"asset_id": "52746868720512831930937381090439675672168331234410876842855597733534043852645", "price": "0.19", "size": "0", "side": "BUY", "hash": "df8e13544c1901cc3b35085fe5c330e19bb966d7", "best_bid": "0.14", "best_ask": "0.81"}, {"asset_id": "19386621984632854446011216575580930413447340842901102477660390401472966195758", "price": "0.81", "size": "0", "side": "SELL", "hash": "60bc826b99f6d39ad7fe4813be00b07cf07442bc", "best_bid": "0.19", "best_ask": "0.86"}], "timestamp": "1769384025475", "event_type": "price_change"}}
{"_local_timestamp": "2026-01-25T23:33:45.926211+00:00", "data": {"market": "0xfb9209dfaa7d37d1467c798b93a71c7f094d0c9483ce891cc8932e9bbafbb8ab", "price_changes": [{"asset_id": "19386621984632854446011216575580930413447340842901102477660390401472966195758", "price": "0.2", "size": "150", "side": "BUY", "hash": "fdab10411d3bd396713d2c1706942f134eee2e64", "best_bid": "0.2", "best_ask": "0.86"}, {"asset_id": "52746868720512831930937381090439675672168331234410876842855597733534043852645", "price": "0.8", "size": "150", "side": "SELL", "hash": "824cc239e5e1bba5677b3bb370f789226ecaa337", "best_bid": "0.14", "best_ask": "0.8"}], "timestamp": "1769384025832", "event_type": "price_change"}}
{"_local_timestamp": "2026-01-25T23:33:45.930159+00:00", "data": {"market": "0xfb9209dfaa7d37d1467c798b93a71c7f094d0c9483ce891cc8932e9bbafbb8ab", "price_changes": [{"asset_id": "52746868720512831930937381090439675672168331234410876842855597733534043852645", "price": "0.15", "size": "150", "side": "BUY", "hash": "bfacfbb0a3ad64326d7e6ba73fcf2d2d13f5bfba", "best_bid": "0.15", "best_ask": "0.8"}, {"asset_id": "19386621984632854446011216575580930413447340842901102477660390401472966195758", "price": "0.85", "size": "150", "side": "SELL", "hash": "a71ab454fc8bc6711eed8ce46500efa1f9f29d7f", "best_bid": "0.2", "best_ask": "0.85"}], "timestamp": "1769384025834", "event_type": "price_change"}}
{"_local_timestamp": "2026-01-25T23:33:45.939768+00:00", "data": {"market": "0xfb9209dfaa7d37d1467c798b93a71c7f094d0c9483ce891cc8932e9bbafbb8ab", "price_changes": [{"asset_id": "52746868720512831930937381090439675672168331234410876842855597733534043852645", "price": "0.14", "size": "84", "side": "BUY", "hash": "e3c04cc273b15641770ad6973c34b4b51373bb32", "best_bid": "0.15", "best_ask": "0.8"}, {"asset_id": "19386621984632854446011216575580930413447340842901102477660390401472966195758", "price": "0.86", "size": "84", "side": "SELL", "hash": "f744c8c4a3c7be8eeb6cbb428c65a8b3f0ed3b01", "best_bid": "0.2", "best_ask": "0.85"}], "timestamp": "1769384025847", "event_type": "price_change"}}
{"_local_timestamp": "2026-01-25T23:33:45.947157+00:00", "data": {"market": "0xfb9209dfaa7d37d1467c798b93a71c7f094d0c9483ce891cc8932e9bbafbb8ab", "price_changes": [{"asset_id": "19386621984632854446011216575580930413447340842901102477660390401472966195758", "price": "0.19", "size": "10", "side": "BUY", "hash": "97ae96db2befe9c1969b710a48c4357bc756f37c", "best_bid": "0.2", "best_ask": "0.85"}, {"asset_id": "52746868720512831930937381090439675672168331234410876842855597733534043852645", "price": "0.81", "size": "10", "side": "SELL", "hash": "1151c8cdbe5106b2b45f1a4e7d412bb54b917c80", "best_bid": "0.15", "best_ask": "0.8"}], "timestamp": "1769384025851", "event_type": "price_change"}}
{"_local_timestamp": "2026-01-25T23:33:46.034747+00:00", "data": {"market": "0xfb9209dfaa7d37d1467c798b93a71c7f094d0c9483ce891cc8932e9bbafbb8ab", "price_changes": [{"asset_id": "19386621984632854446011216575580930413447340842901102477660390401472966195758", "price": "0.19", "size": "15", "side": "BUY", "hash": "70a8a843217af44f3fff3d7dc50305d45be93ab2", "best_bid": "0.2", "best_ask": "0.85"}, {"asset_id": "52746868720512831930937381090439675672168331234410876842855597733534043852645", "price": "0.81", "size": "15", "side": "SELL", "hash": "23cc90b2e8efc4711fb041151bbd73ab3b592ddd", "best_bid": "0.15", "best_ask": "0.8"}], "timestamp": "1769384025971", "event_type": "price_change"}}
{"_local_timestamp": "2026-01-25T23:33:46.103515+00:00", "data": {"market": "0xfb9209dfaa7d37d1467c798b93a71c7f094d0c9483ce891cc8932e9bbafbb8ab", "price_changes": [{"asset_id": "52746868720512831930937381090439675672168331234410876842855597733534043852645", "price": "0.14", "size": "89", "side": "BUY", "hash": "f2fdaca1a129c1eb00555183d7da0dd1ae3bf2ed", "best_bid": "0.15", "best_ask": "0.8"}, {"asset_id": "19386621984632854446011216575580930413447340842901102477660390401472966195758", "price": "0.86", "size": "89", "side": "SELL", "hash": "e6b363e7d26c3068761d6aacb407af4935f37ea1", "best_bid": "0.2", "best_ask": "0.85"}], "timestamp": "1769384026007", "event_type": "price_change"}}
{"_local_timestamp": "2026-01-25T23:33:48.845503+00:00", "data": {"market": "0xfb9209dfaa7d37d1467c798b93a71c7f094d0c9483ce891cc8932e9bbafbb8ab", "price_changes": [{"asset_id": "52746868720512831930937381090439675672168331234410876842855597733534043852645", "price": "0.14", "size": "84", "side": "BUY", "hash": "2feac32bb13f67313fa590145dff255e09c546ac", "best_bid": "0.15", "best_ask": "0.8"}, {"asset_id": "19386621984632854446011216575580930413447340842901102477660390401472966195758", "price": "0.86", "size": "84", "side": "SELL", "hash": "586abc607646b36ce8c621352971389c800fa85a", "best_bid": "0.2", "best_ask": "0.85"}], "timestamp": "1769384028776", "event_type": "price_change"}}
{"_local_timestamp": "2026-01-25T23:33:48.845990+00:00", "data": {"market": "0xfb9209dfaa7d37d1467c798b93a71c7f094d0c9483ce891cc8932e9bbafbb8ab", "price_changes": [{"asset_id": "19386621984632854446011216575580930413447340842901102477660390401472966195758", "price": "0.19", "size": "10", "side": "BUY", "hash": "bb7b65d46ba062054c4cc55065d9b8d4ca24a3af", "best_bid": "0.2", "best_ask": "0.85"}, {"asset_id": "52746868720512831930937381090439675672168331234410876842855597733534043852645", "price": "0.81", "size": "10", "side": "SELL", "hash": "95644fc38d6c7d11d64e4d282cb68a81582960f9", "best_bid": "0.15", "best_ask": "0.8"}], "timestamp": "1769384028776", "event_type": "price_change"}}
{"_local_timestamp": "2026-01-25T23:33:48.954942+00:00", "data": {"market": "0xfb9209dfaa7d37d1467c798b93a71c7f094d0c9483ce891cc8932e9bbafbb8ab", "price_changes": [{"asset_id": "52746868720512831930937381090439675672168331234410876842855597733534043852645", "price": "0.14", "size": "79", "side": "BUY", "hash": "a5857b6573fc26e167e44c937df42c4761da4e95", "best_bid": "0.15", "best_ask": "0.8"}, {"asset_id": "19386621984632854446011216575580930413447340842901102477660390401472966195758", "price": "0.86", "size": "79", "side": "SELL", "hash": "8a8e0ba932b7ed923cb7d360c2c7f3df5a9a1277", "best_bid": "0.2", "best_ask": "0.85"}], "timestamp": "1769384028889", "event_type": "price_change"}}
{"_local_timestamp": "2026-01-25T23:33:48.955402+00:00", "data": {"market": "0xfb9209dfaa7d37d1467c798b93a71c7f094d0c9483ce891cc8932e9bbafbb8ab", "price_changes": [{"asset_id": "19386621984632854446011216575580930413447340842901102477660390401472966195758", "price": "0.19", "size": "5", "side": "BUY", "hash": "938baced2487f76121abeb24014721b883a39920", "best_bid": "0.2", "best_ask": "0.85"}, {"asset_id": "52746868720512831930937381090439675672168331234410876842855597733534043852645", "price": "0.81", "size": "5", "side": "SELL", "hash": "7a223c9fa0d613a39cd049e921ef0eb9900ced4f", "best_bid": "0.15", "best_ask": "0.8"}], "timestamp": "1769384028891", "event_type": "price_change"}}
{"_local_timestamp": "2026-01-25T23:33:51.525168+00:00", "data": {"market": "0xfb9209dfaa7d37d1467c798b93a71c7f094d0c9483ce891cc8932e9bbafbb8ab", "price_changes": [{"asset_id": "52746868720512831930937381090439675672168331234410876842855597733534043852645", "price": "0.15", "size": "155", "side": "BUY", "hash": "d6fe8b61e73c4b021b7209eb286592d3f5080bca", "best_bid": "0.15", "best_ask": "0.8"}, {"asset_id": "19386621984632854446011216575580930413447340842901102477660390401472966195758", "price": "0.85", "size": "155", "side": "SELL", "hash": "38936e6c320620acbdc1feb83594bbcd6f73f1e5", "best_bid": "0.2", "best_ask": "0.85"}], "timestamp": "1769384031456", "event_type": "price_change"}}
{"_local_timestamp": "2026-01-25T23:33:51.533539+00:00", "data": {"market": "0xfb9209dfaa7d37d1467c798b93a71c7f094d0c9483ce891cc8932e9bbafbb8ab", "price_changes": [{"asset_id": "19386621984632854446011216575580930413447340842901102477660390401472966195758", "price": "0.2", "size": "155", "side": "BUY", "hash": "acf616068d143e4534f6d77dd54aef8c98acc593", "best_bid": "0.2", "best_ask": "0.85"}, {"asset_id": "52746868720512831930937381090439675672168331234410876842855597733534043852645", "price": "0.8", "size": "155", "side": "SELL", "hash": "c6f031bfb72b05555de0fe85b8414354530144de", "best_bid": "0.15", "best_ask": "0.8"}], "timestamp": "1769384031468", "event_type": "price_change"}}
{"_local_timestamp": "2026-01-25T23:33:51.821687+00:00", "data": {"market": "0xfb9209dfaa7d37d1467c798b93a71c7f094d0c9483ce891cc8932e9bbafbb8ab", "price_changes": [{"asset_id": "19386621984632854446011216575580930413447340842901102477660390401472966195758", "price": "0.2", "size": "160", "side": "BUY", "hash": "7cc051e5145d1a8126e5e6ae18a7d6d4d1b06627", "best_bid": "0.2", "best_ask": "0.85"}, {"asset_id": "52746868720512831930937381090439675672168331234410876842855597733534043852645", "price": "0.8", "size": "160", "side": "SELL", "hash": "97e4b1adfa339fe0dc39aa76e3d511473a0967be", "best_bid": "0.15", "best_ask": "0.8"}], "timestamp": "1769384031757", "event_type": "price_change"}}
{"_local_timestamp": "2026-01-25T23:33:51.859869+00:00", "data": {"market": "0xfb9209dfaa7d37d1467c798b93a71c7f094d0c9483ce891cc8932e9bbafbb8ab", "price_changes": [{"asset_id": "52746868720512831930937381090439675672168331234410876842855597733534043852645", "price": "0.15", "size": "160", "side": "BUY", "hash": "1189adda0e218ca07aa6f878ff68afa94d5313c4", "best_bid": "0.15", "best_ask": "0.8"}, {"asset_id": "19386621984632854446011216575580930413447340842901102477660390401472966195758", "price": "0.85", "size": "160", "side": "SELL", "hash": "0a9cd838c28b05e427444639a4fce4701dcb573d", "best_bid": "0.2", "best_ask": "0.85"}], "timestamp": "1769384031788", "event_type": "price_change"}}
{"_local_timestamp": "2026-01-25T23:33:52.532251+00:00", "data": {"market": "0xfb9209dfaa7d37d1467c798b93a71c7f094d0c9483ce891cc8932e9bbafbb8ab", "price_changes": [{"asset_id": "19386621984632854446011216575580930413447340842901102477660390401472966195758", "price": "0.15", "size": "8.5", "side": "BUY", "hash": "67df1668e316b982daebf95d9acfbf8f0f8a0571", "best_bid": "0.2", "best_ask": "0.85"}, {"asset_id": "52746868720512831930937381090439675672168331234410876842855597733534043852645", "price": "0.85", "size": "8.5", "side": "SELL", "hash": "e58db516d32a91a6706750d73b64c87cf9a87d7f", "best_bid": "0.15", "best_ask": "0.8"}], "timestamp": "1769384032456", "event_type": "price_change"}}
{"_local_timestamp": "2026-01-25T23:33:52.532737+00:00", "data": {"market": "0xfb9209dfaa7d37d1467c798b93a71c7f094d0c9483ce891cc8932e9bbafbb8ab", "price_changes": [{"asset_id": "52746868720512831930937381090439675672168331234410876842855597733534043852645", "price": "0.16", "size": "8.5", "side": "BUY", "hash": "0541cbcd14a5f5e0702db6a84bb8b11441b90438", "best_bid": "0.16", "best_ask": "0.8"}, {"asset_id": "19386621984632854446011216575580930413447340842901102477660390401472966195758", "price": "0.84", "size": "8.5", "side": "SELL", "hash": "6710a46ee44f02789ebd0547c1accfdb51599cd3", "best_bid": "0.2", "best_ask": "0.84"}], "timestamp": "1769384032457", "event_type": "price_change"}}
{"_local_timestamp": "2026-01-25T23:33:54.244200+00:00", "data": {"market": "0xfb9209dfaa7d37d1467c798b93a71c7f094d0c9483ce891cc8932e9bbafbb8ab", "price_changes": [{"asset_id": "52746868720512831930937381090439675672168331234410876842855597733534043852645", "price": "0.15", "size": "155", "side": "BUY", "hash": "6a1b003fde615bac5490d38494777ff9bf63e7ee", "best_bid": "0.16", "best_ask": "0.8"}, {"asset_id": "19386621984632854446011216575580930413447340842901102477660390401472966195758", "price": "0.85", "size": "155", "side": "SELL", "hash": "bda0cbb325710c2b866ab323e4798a9b3af0c453", "best_bid": "0.2", "best_ask": "0.84"}], "timestamp": "1769384033942", "event_type": "price_change"}}
{"_local_timestamp": "2026-01-25T23:33:54.545464+00:00", "data": {"market": "0xfb9209dfaa7d37d1467c798b93a71c7f094d0c9483ce891cc8932e9bbafbb8ab", "price_changes": [{"asset_id": "52746868720512831930937381090439675672168331234410876842855597733534043852645", "price": "0.15", "size": "150", "side": "BUY", "hash": "636128252e8538a997e3f25f3423ab0a79987327", "best_bid": "0.16", "best_ask": "0.8"}, {"asset_id": "19386621984632854446011216575580930413447340842901102477660390401472966195758", "price": "0.85", "size": "150", "side": "SELL", "hash": "1c79de195837f0617188c9112afb17a5452b6c64", "best_bid": "0.2", "best_ask": "0.84"}], "timestamp": "1769384034484", "event_type": "price_change"}}
{"_local_timestamp": "2026-01-25T23:33:56.610391+00:00", "data": {"market": "0xfb9209dfaa7d37d1467c798b93a71c7f094d0c9483ce891cc8932e9bbafbb8ab", "price_changes": [{"asset_id": "19386621984632854446011216575580930413447340842901102477660390401472966195758", "price": "0.2", "size": "10", "side": "BUY", "hash": "6bf1eaf0cc339a17cf731d3c39f89c00140af9ea", "best_bid": "0.2", "best_ask": "0.84"}, {"asset_id": "52746868720512831930937381090439675672168331234410876842855597733534043852645", "price": "0.8", "size": "10", "side": "SELL", "hash": "3dd61b9308c35e895b52c66646156eb15a912ded", "best_bid": "0.16", "best_ask": "0.8"}], "timestamp": "1769384036535", "event_type": "price_change"}}
{"_local_timestamp": "2026-01-25T23:33:56.610832+00:00", "data": {"market": "0xfb9209dfaa7d37d1467c798b93a71c7f094d0c9483ce891cc8932e9bbafbb8ab", "price_changes": [{"asset_id": "52746868720512831930937381090439675672168331234410876842855597733534043852645", "price": "0.15", "size": "0", "side": "BUY", "hash": "de8edd62b60776676ed3596ed8c1ac8e429ac945", "best_bid": "0.16", "best_ask": "0.8"}, {"asset_id": "19386621984632854446011216575580930413447340842901102477660390401472966195758", "price": "0.85", "size": "0", "side": "SELL", "hash": "7a4d42a322c3dd094143e36ee99c2cc5507f7b85", "best_bid": "0.2", "best_ask": "0.84"}], "timestamp": "1769384036535", "event_type": "price_change"}}
{"_local_timestamp": "2026-01-25T23:33:56.802272+00:00", "data": {"market": "0xfb9209dfaa7d37d1467c798b93a71c7f094d0c9483ce891cc8932e9bbafbb8ab", "price_changes": [{"asset_id": "52746868720512831930937381090439675672168331234410876842855597733534043852645", "price": "0.16", "size": "13.5", "side": "BUY", "hash": "f88a384b069f3639cec30186ae65ca9d5a8ce888", "best_bid": "0.16", "best_ask": "0.8"}, {"asset_id": "19386621984632854446011216575580930413447340842901102477660390401472966195758", "price": "0.84", "size": "13.5", "side": "SELL", "hash": "ebdefcced267faf8902bb130cc0a69603c1b6b1b", "best_bid": "0.2", "best_ask": "0.84"}], "timestamp": "1769384036737", "event_type": "price_change"}}
{"_local_timestamp": "2026-01-25T23:33:56.869465+00:00", "data": {"market": "0xfb9209dfaa7d37d1467c798b93a71c7f094d0c9483ce891cc8932e9bbafbb8ab", "price_changes": [{"asset_id": "19386621984632854446011216575580930413447340842901102477660390401472966195758", "price": "0.21", "size": "150", "side": "BUY", "hash": "de5bafdc057aec769c67e75834fbc9be7fe149e4", "best_bid": "0.21", "best_ask": "0.84"}, {"asset_id": "52746868720512831930937381090439675672168331234410876842855597733534043852645", "price": "0.79", "size": "150", "side": "SELL", "hash": "dfd7a7366fc454d5d0e1f88ca50e83069c3e6d9c", "best_bid": "0.16", "best_ask": "0.79"}], "timestamp": "1769384036801", "event_type": "price_change"}}
{"_local_timestamp": "2026-01-25T23:33:56.873490+00:00", "data": {"market": "0xfb9209dfaa7d37d1467c798b93a71c7f094d0c9483ce891cc8932e9bbafbb8ab", "price_changes": [{"asset_id": "52746868720512831930937381090439675672168331234410876842855597733534043852645", "price": "0.17", "size": "150", "side": "BUY", "hash": "df48e9cb48b80c19aa0ded4b1fd75b43ef5bd6bc", "best_bid": "0.17", "best_ask": "0.79"}, {"asset_id": "19386621984632854446011216575580930413447340842901102477660390401472966195758", "price": "0.83", "size": "150", "side": "SELL", "hash": "8c53874722f45cf2bed535a2111cc72d466e2faa", "best_bid": "0.21", "best_ask": "0.83"}], "timestamp": "1769384036806", "event_type": "price_change"}}
{"_local_timestamp": "2026-01-25T23:33:57.365640+00:00", "data": {"market": "0xfb9209dfaa7d37d1467c798b93a71c7f094d0c9483ce891cc8932e9bbafbb8ab", "price_changes": [{"asset_id": "19386621984632854446011216575580930413447340842901102477660390401472966195758", "price": "0.2", "size": "5", "side": "BUY", "hash": "b22851b81560e1d50c3b8fe622efb54ad11b141e", "best_bid": "0.21", "best_ask": "0.83"}, {"asset_id": "52746868720512831930937381090439675672168331234410876842855597733534043852645", "price": "0.8", "size": "5", "side": "SELL", "hash": "e21c06ae2c75ad4ec68e0ef2a4fb939206156296", "best_bid": "0.17", "best_ask": "0.79"}], "timestamp": "1769384037296", "event_type": "price_change"}}
{"_local_timestamp": "2026-01-25T23:33:57.385950+00:00", "data": {"market": "0xfb9209dfaa7d37d1467c798b93a71c7f094d0c9483ce891cc8932e9bbafbb8ab", "price_changes": [{"asset_id": "52746868720512831930937381090439675672168331234410876842855597733534043852645", "price": "0.17", "size": "155", "side": "BUY", "hash": "95e5446e9fc03c288c00ecb88400e30c768f1910", "best_bid": "0.17", "best_ask": "0.79"}, {"asset_id": "19386621984632854446011216575580930413447340842901102477660390401472966195758", "price": "0.83", "size": "155", "side": "SELL", "hash": "b0f47ff896a0f79c02fb32eca99824aec4c5fdde", "best_bid": "0.21", "best_ask": "0.83"}], "timestamp": "1769384037320", "event_type": "price_change"}}
{"_local_timestamp": "2026-01-25T23:33:58.145075+00:00", "data": {"market": "0xfb9209dfaa7d37d1467c798b93a71c7f094d0c9483ce891cc8932e9bbafbb8ab", "price_changes": [{"asset_id": "19386621984632854446011216575580930413447340842901102477660390401472966195758", "price": "0.2", "size": "0", "side": "BUY", "hash": "7c939529ff430931be82961173518cdcb39bf87e", "best_bid": "0.21", "best_ask": "0.83"}, {"asset_id": "52746868720512831930937381090439675672168331234410876842855597733534043852645", "price": "0.8", "size": "0", "side": "SELL", "hash": "aae65a86e3f21a399ea7d7313a2ac23859fe318a", "best_bid": "0.17", "best_ask": "0.79"}], "timestamp": "1769384038075", "event_type": "price_change"}}
{"_local_timestamp": "2026-01-25T23:33:59.477682+00:00", "data": {"market": "0xfb9209dfaa7d37d1467c798b93a71c7f094d0c9483ce891cc8932e9bbafbb8ab", "price_changes": [{"asset_id": "52746868720512831930937381090439675672168331234410876842855597733534043852645", "price": "0.16", "size": "8.5", "side": "BUY", "hash": "3d248584a6fd154e516f6ea89531f5fdac769342", "best_bid": "0.17", "best_ask": "0.79"}, {"asset_id": "19386621984632854446011216575580930413447340842901102477660390401472966195758", "price": "0.84", "size": "8.5", "side": "SELL", "hash": "60ee501e47937dfa43db2aad47b409e8320ad7ec", "best_bid": "0.21", "best_ask": "0.83"}], "timestamp": "1769384039412", "event_type": "price_change"}}
{"_local_timestamp": "2026-01-25T23:34:00.858057+00:00", "data": {"market": "0xfb9209dfaa7d37d1467c798b93a71c7f094d0c9483ce891cc8932e9bbafbb8ab", "price_changes": [{"asset_id": "19386621984632854446011216575580930413447340842901102477660390401472966195758", "price": "0.15", "size": "0", "side": "BUY", "hash": "78bf18390a33478ddd96c46f293dfdf19294113a", "best_bid": "0.21", "best_ask": "0.83"}, {"asset_id": "52746868720512831930937381090439675672168331234410876842855597733534043852645", "price": "0.85", "size": "0", "side": "SELL", "hash": "b2dfd46e7254eb4b898b2c50a044102bc79c6890", "best_bid": "0.17", "best_ask": "0.79"}], "timestamp": "1769384040791", "event_type": "price_change"}}
{"_local_timestamp": "2026-01-25T23:34:00.862670+00:00", "data": {"market": "0xfb9209dfaa7d37d1467c798b93a71c7f094d0c9483ce891cc8932e9bbafbb8ab", "price_changes": [{"asset_id": "52746868720512831930937381090439675672168331234410876842855597733534043852645", "price": "0.16", "size": "0", "side": "BUY", "hash": "afa6bbd5f41af664aeba064c5611d60b21255bd1", "best_bid": "0.17", "best_ask": "0.79"}, {"asset_id": "19386621984632854446011216575580930413447340842901102477660390401472966195758", "price": "0.84", "size": "0", "side": "SELL", "hash": "974eb51acfd8efc7a269eaa48ce53eaecc6d6af0", "best_bid": "0.21", "best_ask": "0.83"}], "timestamp": "1769384040792", "event_type": "price_change"}}
{"_local_timestamp": "2026-01-25T23:34:02.041416+00:00", "data": {"market": "0xfb9209dfaa7d37d1467c798b93a71c7f094d0c9483ce891cc8932e9bbafbb8ab", "price_changes": [{"asset_id": "52746868720512831930937381090439675672168331234410876842855597733534043852645", "price": "0.17", "size": "5", "side": "BUY", "hash": "a50c2c643c54f9622d049c97a8c0da4cfcd86d96", "best_bid": "0.17", "best_ask": "0.79"}, {"asset_id": "19386621984632854446011216575580930413447340842901102477660390401472966195758", "price": "0.83", "size": "5", "side": "SELL", "hash": "27012b35e1b840fedb885ea3854b1433901f6a07", "best_bid": "0.21", "best_ask": "0.83"}], "timestamp": "1769384041967", "event_type": "price_change"}}
{"_local_timestamp": "2026-01-25T23:34:02.042613+00:00", "data": {"market": "0xfb9209dfaa7d37d1467c798b93a71c7f094d0c9483ce891cc8932e9bbafbb8ab", "price_changes": [{"asset_id": "19386621984632854446011216575580930413447340842901102477660390401472966195758", "price": "0.21", "size": "0", "side": "BUY", "hash": "1cd8f5a41885f3b1c614a329c212adaff7573bb2", "best_bid": "0.19", "best_ask": "0.83"}, {"asset_id": "52746868720512831930937381090439675672168331234410876842855597733534043852645", "price": "0.79", "size": "0", "side": "SELL", "hash": "5d5cf92ec9a838f495195f2e5b4ca917da32fdc8", "best_bid": "0.17", "best_ask": "0.81"}], "timestamp": "1769384041967", "event_type": "price_change"}}
{"_local_timestamp": "2026-01-25T23:34:02.259822+00:00", "data": {"market": "0xfb9209dfaa7d37d1467c798b93a71c7f094d0c9483ce891cc8932e9bbafbb8ab", "price_changes": [{"asset_id": "19386621984632854446011216575580930413447340842901102477660390401472966195758", "price": "0.19", "size": "10", "side": "BUY", "hash": "1717bea29ad6c874031b748392cd91a65fbd21b6", "best_bid": "0.19", "best_ask": "0.83"}, {"asset_id": "52746868720512831930937381090439675672168331234410876842855597733534043852645", "price": "0.81", "size": "10", "side": "SELL", "hash": "84df19058e4acb2dedf5ee747f2bf8ea23f5b04d", "best_bid": "0.17", "best_ask": "0.81"}], "timestamp": "1769384042184", "event_type": "price_change"}}
{"_local_timestamp": "2026-01-25T23:34:02.271036+00:00", "data": {"market": "0xfb9209dfaa7d37d1467c798b93a71c7f094d0c9483ce891cc8932e9bbafbb8ab", "price_changes": [{"asset_id": "52746868720512831930937381090439675672168331234410876842855597733534043852645", "price": "0.17", "size": "10", "side": "BUY", "hash": "3825c23d90aea66c3686ea35268b931b92c14ba2", "best_bid": "0.17", "best_ask": "0.81"}, {"asset_id": "19386621984632854446011216575580930413447340842901102477660390401472966195758", "price": "0.83", "size": "10", "side": "SELL", "hash": "5600386f1ce0f17c19cfff958379652bd90f4255", "best_bid": "0.19", "best_ask": "0.83"}], "timestamp": "1769384042204", "event_type": "price_change"}}
{"_local_timestamp": "2026-01-25T23:34:02.390263+00:00", "data": {"market": "0xfb9209dfaa7d37d1467c798b93a71c7f094d0c9483ce891cc8932e9bbafbb8ab", "price_changes": [{"asset_id": "19386621984632854446011216575580930413447340842901102477660390401472966195758", "price": "0.2", "size": "150", "side": "BUY", "hash": "a2fc5d2f5d495e9e6aea8a8a946cf36e6196a7fd", "best_bid": "0.2", "best_ask": "0.83"}, {"asset_id": "52746868720512831930937381090439675672168331234410876842855597733534043852645", "price": "0.8", "size": "150", "side": "SELL", "hash": "a133243ca8d13fe328b5a010e4fe5c5ba9ff090c", "best_bid": "0.17", "best_ask": "0.8"}], "timestamp": "1769384042311", "event_type": "price_change"}}
{"_local_timestamp": "2026-01-25T23:34:02.391209+00:00", "data": {"market": "0xfb9209dfaa7d37d1467c798b93a71c7f094d0c9483ce891cc8932e9bbafbb8ab", "price_changes": [{"asset_id": "52746868720512831930937381090439675672168331234410876842855597733534043852645", "price": "0.18", "size": "150", "side": "BUY", "hash": "88f493071f3c46e1162ad7efc9e20d28faf2cc5c", "best_bid": "0.18", "best_ask": "0.8"}, {"asset_id": "19386621984632854446011216575580930413447340842901102477660390401472966195758", "price": "0.82", "size": "150", "side": "SELL", "hash": "1d01dfdace64e86af76127ff0db0802408fa21ad", "best_bid": "0.2", "best_ask": "0.82"}], "timestamp": "1769384042312", "event_type": "price_change"}}
{"_local_timestamp": "2026-01-25T23:34:02.875841+00:00", "data": {"market": "0xfb9209dfaa7d37d1467c798b93a71c7f094d0c9483ce891cc8932e9bbafbb8ab", "price_changes": [{"asset_id": "52746868720512831930937381090439675672168331234410876842855597733534043852645", "price": "0.17", "size": "5", "side": "BUY", "hash": "c57085a0ae858092a313129ce4a104b0bb191f3a", "best_bid": "0.18", "best_ask": "0.8"}, {"asset_id": "19386621984632854446011216575580930413447340842901102477660390401472966195758", "price": "0.83", "size": "5", "side": "SELL", "hash": "df9a35782e756bc386afdfd283eacfd2ac9792ed", "best_bid": "0.2", "best_ask": "0.82"}], "timestamp": "1769384042803", "event_type": "price_change"}}
{"_local_timestamp": "2026-01-25T23:34:02.923132+00:00", "data": {"market": "0xfb9209dfaa7d37d1467c798b93a71c7f094d0c9483ce891cc8932e9bbafbb8ab", "price_changes": [{"asset_id": "19386621984632854446011216575580930413447340842901102477660390401472966195758", "price": "0.2", "size": "155", "side": "BUY", "hash": "84f02430e09a1914460c995a5802d5a63b64c49e", "best_bid": "0.2", "best_ask": "0.82"}, {"asset_id": "52746868720512831930937381090439675672168331234410876842855597733534043852645", "price": "0.8", "size": "155", "side": "SELL", "hash": "529146e275c86a80a7ee68701497eceb3cfbd978", "best_bid": "0.18", "best_ask": "0.8"}], "timestamp": "1769384042858", "event_type": "price_change"}}
{"_local_timestamp": "2026-01-25T23:34:05.391761+00:00", "data": {"market": "0xfb9209dfaa7d37d1467c798b93a71c7f094d0c9483ce891cc8932e9bbafbb8ab", "price_changes": [{"asset_id": "19386621984632854446011216575580930413447340842901102477660390401472966195758", "price": "0.19", "size": "5", "side": "BUY", "hash": "946e3f7cadb5ebeea12eae40a6538c55e9a2ac93", "best_bid": "0.2", "best_ask": "0.82"}, {"asset_id": "52746868720512831930937381090439675672168331234410876842855597733534043852645", "price": "0.81", "size": "5", "side": "SELL", "hash": "3ca5952d46af6b21a1dbcae3fdbf34db22503c69", "best_bid": "0.18", "best_ask": "0.8"}], "timestamp": "1769384045325", "event_type": "price_change"}}
{"_local_timestamp": "2026-01-25T23:34:05.407753+00:00", "data": {"market": "0xfb9209dfaa7d37d1467c798b93a71c7f094d0c9483ce891cc8932e9bbafbb8ab", "price_changes": [{"asset_id": "52746868720512831930937381090439675672168331234410876842855597733534043852645", "price": "0.17", "size": "0", "side": "BUY", "hash": "4d0ea01848f88debdbeb05ddf749437f99421de0", "best_bid": "0.18", "best_ask": "0.8"}, {"asset_id": "19386621984632854446011216575580930413447340842901102477660390401472966195758", "price": "0.83", "size": "0", "side": "SELL", "hash": "b95e3d826886d227864f935890daefbe3d4cabef", "best_bid": "0.2", "best_ask": "0.82"}], "timestamp": "1769384045329", "event_type": "price_change"}}
{"_local_timestamp": "2026-01-25T23:34:05.963776+00:00", "data": {"market": "0xfb9209dfaa7d37d1467c798b93a71c7f094d0c9483ce891cc8932e9bbafbb8ab", "price_changes": [{"asset_id": "52746868720512831930937381090439675672168331234410876842855597733534043852645", "price": "0.18", "size": "155", "side": "BUY", "hash": "fef0e5bbc06413c9908aae63c8d1c8a3e9345348", "best_bid": "0.18", "best_ask": "0.8"}, {"asset_id": "19386621984632854446011216575580930413447340842901102477660390401472966195758", "price": "0.82", "size": "155", "side": "SELL", "hash": "6d289ee41d781bc01a48a39764797b4c094f37b8", "best_bid": "0.2", "best_ask": "0.82"}], "timestamp": "1769384045895", "event_type": "price_change"}}
{"_local_timestamp": "2026-01-25T23:34:07.552116+00:00", "data": {"market": "0xfb9209dfaa7d37d1467c798b93a71c7f094d0c9483ce891cc8932e9bbafbb8ab", "price_changes": [{"asset_id": "52746868720512831930937381090439675672168331234410876842855597733534043852645", "price": "0.18", "size": "5", "side": "BUY", "hash": "cefd30423a8baa2e9f814403a96550a38f7d1503", "best_bid": "0.18", "best_ask": "0.8"}, {"asset_id": "19386621984632854446011216575580930413447340842901102477660390401472966195758", "price": "0.82", "size": "5", "side": "SELL", "hash": "f5d9966d722a41ba2953dc06c792823a402fa4ec", "best_bid": "0.2", "best_ask": "0.82"}], "timestamp": "1769384047468", "event_type": "price_change"}}
{"_local_timestamp": "2026-01-25T23:34:07.559756+00:00", "data": {"market": "0xfb9209dfaa7d37d1467c798b93a71c7f094d0c9483ce891cc8932e9bbafbb8ab", "price_changes": [{"asset_id": "19386621984632854446011216575580930413447340842901102477660390401472966195758", "price": "0.2", "size": "5", "side": "BUY", "hash": "41dce4a11a196e31205188b1e69accc2b4df9dda", "best_bid": "0.2", "best_ask": "0.82"}, {"asset_id": "52746868720512831930937381090439675672168331234410876842855597733534043852645", "price": "0.8", "size": "5", "side": "SELL", "hash": "f4e74fcc1ad6b6460f315427d9678d8340c3d025", "best_bid": "0.18", "best_ask": "0.8"}], "timestamp": "1769384047469", "event_type": "price_change"}}
{"_local_timestamp": "2026-01-25T23:34:08.008335+00:00", "data": {"market": "0xfb9209dfaa7d37d1467c798b93a71c7f094d0c9483ce891cc8932e9bbafbb8ab", "price_changes": [{"asset_id": "19386621984632854446011216575580930413447340842901102477660390401472966195758", "price": "0.21", "size": "150", "side": "BUY", "hash": "42d68b891670b39089109432af31e2761c4d933a", "best_bid": "0.21", "best_ask": "0.82"}, {"asset_id": "52746868720512831930937381090439675672168331234410876842855597733534043852645", "price": "0.79", "size": "150", "side": "SELL", "hash": "1f11559e874a40ee222179ad80d2f7e9bdac1518", "best_bid": "0.18", "best_ask": "0.79"}], "timestamp": "1769384047896", "event_type": "price_change"}}
{"_local_timestamp": "2026-01-25T23:34:08.008903+00:00", "data": {"market": "0xfb9209dfaa7d37d1467c798b93a71c7f094d0c9483ce891cc8932e9bbafbb8ab", "price_changes": [{"asset_id": "52746868720512831930937381090439675672168331234410876842855597733534043852645", "price": "0.19", "size": "150", "side": "BUY", "hash": "1cece3afc288d0489a3bd2ad120ca9f0d66ff516", "best_bid": "0.19", "best_ask": "0.79"}, {"asset_id": "19386621984632854446011216575580930413447340842901102477660390401472966195758", "price": "0.81", "size": "150", "side": "SELL", "hash": "7f2c8f76adc0021581132fc62da9fc3f14b2130b", "best_bid": "0.21", "best_ask": "0.81"}], "timestamp": "1769384047897", "event_type": "price_change"}}
{"_local_timestamp": "2026-01-25T23:34:08.146793+00:00", "data": {"market": "0xfb9209dfaa7d37d1467c798b93a71c7f094d0c9483ce891cc8932e9bbafbb8ab", "price_changes": [{"asset_id": "19386621984632854446011216575580930413447340842901102477660390401472966195758", "price": "0.2", "size": "10", "side": "BUY", "hash": "4c35005e7f23a118370f8b0ef2ea99db5f63fe8a", "best_bid": "0.21", "best_ask": "0.81"}, {"asset_id": "52746868720512831930937381090439675672168331234410876842855597733534043852645", "price": "0.8", "size": "10", "side": "SELL", "hash": "601c622636ae2284487e1cc3e30c8ec75e978a4a", "best_bid": "0.19", "best_ask": "0.79"}], "timestamp": "1769384048076", "event_type": "price_change"}}
{"_local_timestamp": "2026-01-25T23:34:08.173219+00:00", "data": {"market": "0xfb9209dfaa7d37d1467c798b93a71c7f094d0c9483ce891cc8932e9bbafbb8ab", "price_changes": [{"asset_id": "52746868720512831930937381090439675672168331234410876842855597733534043852645", "price": "0.18", "size": "10", "side": "BUY", "hash": "5770e47d785184cb76e75111f09cf1ede9047e49", "best_bid": "0.19", "best_ask": "0.79"}, {"asset_id": "19386621984632854446011216575580930413447340842901102477660390401472966195758", "price": "0.82", "size": "10", "side": "SELL", "hash": "c99b30aa67d52a7e85e92c2b39ba1f097d269da2", "best_bid": "0.21", "best_ask": "0.81"}], "timestamp": "1769384048107", "event_type": "price_change"}}
{"_local_timestamp": "2026-01-25T23:34:08.578988+00:00", "data": {"market": "0xfb9209dfaa7d37d1467c798b93a71c7f094d0c9483ce891cc8932e9bbafbb8ab", "price_changes": [{"asset_id": "52746868720512831930937381090439675672168331234410876842855597733534043852645", "price": "0.18", "size": "5", "side": "BUY", "hash": "19d11052bd8c8a6eb790decdcd0ea2659b3886a1", "best_bid": "0.19", "best_ask": "0.79"}, {"asset_id": "19386621984632854446011216575580930413447340842901102477660390401472966195758", "price": "0.82", "size": "5", "side": "SELL", "hash": "8fc6c35b6ec3bced1cce8fd8fcbf2066231cf9e6", "best_bid": "0.21", "best_ask": "0.81"}], "timestamp": "1769384048513", "event_type": "price_change"}}
{"_local_timestamp": "2026-01-25T23:34:08.580982+00:00", "data": {"market": "0xfb9209dfaa7d37d1467c798b93a71c7f094d0c9483ce891cc8932e9bbafbb8ab", "price_changes": [{"asset_id": "19386621984632854446011216575580930413447340842901102477660390401472966195758", "price": "0.2", "size": "5", "side": "BUY", "hash": "edf7a52808622715e333cdd638083da1bd1f7981", "best_bid": "0.21", "best_ask": "0.81"}, {"asset_id": "52746868720512831930937381090439675672168331234410876842855597733534043852645", "price": "0.8", "size": "5", "side": "SELL", "hash": "e2e31322afa675216eb999e1e653369df58c52b0", "best_bid": "0.19", "best_ask": "0.79"}], "timestamp": "1769384048517", "event_type": "price_change"}}
{"_local_timestamp": "2026-01-25T23:34:10.830765+00:00", "data": {"market": "0xfb9209dfaa7d37d1467c798b93a71c7f094d0c9483ce891cc8932e9bbafbb8ab", "price_changes": [{"asset_id": "52746868720512831930937381090439675672168331234410876842855597733534043852645", "price": "0.18", "size": "0", "side": "BUY", "hash": "68f4252e9671cb99a60a69c1f1bc8f031cffbdea", "best_bid": "0.19", "best_ask": "0.79"}, {"asset_id": "19386621984632854446011216575580930413447340842901102477660390401472966195758", "price": "0.82", "size": "0", "side": "SELL", "hash": "c056fbc233fe177cbd908bbb6fb785a92d76c28d", "best_bid": "0.21", "best_ask": "0.81"}], "timestamp": "1769384050763", "event_type": "price_change"}}
{"_local_timestamp": "2026-01-25T23:34:10.838234+00:00", "data": {"market": "0xfb9209dfaa7d37d1467c798b93a71c7f094d0c9483ce891cc8932e9bbafbb8ab", "price_changes": [{"asset_id": "19386621984632854446011216575580930413447340842901102477660390401472966195758", "price": "0.2", "size": "0", "side": "BUY", "hash": "a3d46265ccb082d759554ac23462c0c79f5b74f6", "best_bid": "0.21", "best_ask": "0.81"}, {"asset_id": "52746868720512831930937381090439675672168331234410876842855597733534043852645", "price": "0.8", "size": "0", "side": "SELL", "hash": "7c6b610863cc57783b937c14fd0c109c57a4e474", "best_bid": "0.19", "best_ask": "0.79"}], "timestamp": "1769384050773", "event_type": "price_change"}}
{"_local_timestamp": "2026-01-25T23:34:10.886051+00:00", "data": {"market": "0xfb9209dfaa7d37d1467c798b93a71c7f094d0c9483ce891cc8932e9bbafbb8ab", "price_changes": [{"asset_id": "19386621984632854446011216575580930413447340842901102477660390401472966195758", "price": "0.22", "size": "8.5", "side": "BUY", "hash": "6f7265a0011d4986f47ed4ae31a2939fc5b9740e", "best_bid": "0.22", "best_ask": "0.81"}, {"asset_id": "52746868720512831930937381090439675672168331234410876842855597733534043852645", "price": "0.78", "size": "8.5", "side": "SELL", "hash": "69e63b188259e42296ce29de33ada285516f1874", "best_bid": "0.19", "best_ask": "0.78"}], "timestamp": "1769384050820", "event_type": "price_change"}}
{"_local_timestamp": "2026-01-25T23:34:10.886595+00:00", "data": {"market": "0xfb9209dfaa7d37d1467c798b93a71c7f094d0c9483ce891cc8932e9bbafbb8ab", "price_changes": [{"asset_id": "52746868720512831930937381090439675672168331234410876842855597733534043852645", "price": "0.2", "size": "8.5", "side": "BUY", "hash": "094109a8c1cd21eb37a840a8b1aff42a7e64d3be", "best_bid": "0.2", "best_ask": "0.78"}, {"asset_id": "19386621984632854446011216575580930413447340842901102477660390401472966195758", "price": "0.8", "size": "8.5", "side": "SELL", "hash": "d64c4ee776afc6787aea31de355e9f9c66161a30", "best_bid": "0.22", "best_ask": "0.8"}], "timestamp": "1769384050821", "event_type": "price_change"}}
{"_local_timestamp": "2026-01-25T23:34:13.176107+00:00", "data": {"market": "0xfb9209dfaa7d37d1467c798b93a71c7f094d0c9483ce891cc8932e9bbafbb8ab", "price_changes": [{"asset_id": "19386621984632854446011216575580930413447340842901102477660390401472966195758", "price": "0.21", "size": "0", "side": "BUY", "hash": "e32cdfb88fd570f6a4c8e644b85289334cdb07a1", "best_bid": "0.22", "best_ask": "0.8"}, {"asset_id": "52746868720512831930937381090439675672168331234410876842855597733534043852645", "price": "0.79", "size": "0", "side": "SELL", "hash": "b8ed4635a64e21c36ad3ab520ac38b237176810e", "best_bid": "0.2", "best_ask": "0.78"}], "timestamp": "1769384053055", "event_type": "price_change"}}
{"_local_timestamp": "2026-01-25T23:34:13.198279+00:00", "data": {"market": "0xfb9209dfaa7d37d1467c798b93a71c7f094d0c9483ce891cc8932e9bbafbb8ab", "price_changes": [{"asset_id": "52746868720512831930937381090439675672168331234410876842855597733534043852645", "price": "0.19", "size": "0", "side": "BUY", "hash": "416737ed116164a00fc6cc57717925547f4e0f16", "best_bid": "0.2", "best_ask": "0.78"}, {"asset_id": "19386621984632854446011216575580930413447340842901102477660390401472966195758", "price": "0.81", "size": "0", "side": "SELL", "hash": "ed09de15fe6a5aa025787200c13b166234988891", "best_bid": "0.22", "best_ask": "0.8"}], "timestamp": "1769384053055", "event_type": "price_change"}}
{"_local_timestamp": "2026-01-25T23:34:13.509923+00:00", "data": {"market": "0xfb9209dfaa7d37d1467c798b93a71c7f094d0c9483ce891cc8932e9bbafbb8ab", "price_changes": [{"asset_id": "52746868720512831930937381090439675672168331234410876842855597733534043852645", "price": "0.2", "size": "0", "side": "BUY", "hash": "6efa629c39e7c173fdc54cf741ccf0c7794d9ecd", "best_bid": "0.14", "best_ask": "0.78"}, {"asset_id": "19386621984632854446011216575580930413447340842901102477660390401472966195758", "price": "0.8", "size": "0", "side": "SELL", "hash": "9320f1b5fa5dfec81796e1c0cce3532ffa4c49d7", "best_bid": "0.22", "best_ask": "0.86"}], "timestamp": "1769384053308", "event_type": "price_change"}}
{"_local_timestamp": "2026-01-25T23:34:13.511038+00:00", "data": {"market": "0xfb9209dfaa7d37d1467c798b93a71c7f094d0c9483ce891cc8932e9bbafbb8ab", "price_changes": [{"asset_id": "19386621984632854446011216575580930413447340842901102477660390401472966195758", "price": "0.22", "size": "0", "side": "BUY", "hash": "24883ae2888f7e164ec7f616ce09b725fb0b2eda", "best_bid": "0.19", "best_ask": "0.86"}, {"asset_id": "52746868720512831930937381090439675672168331234410876842855597733534043852645", "price": "0.78", "size": "0", "side": "SELL", "hash": "c0e747d6b78b2d4d3bfe8f921fce9e83ae7693ca", "best_bid": "0.14", "best_ask": "0.81"}], "timestamp": "1769384053308", "event_type": "price_change"}}
{"_local_timestamp": "2026-01-25T23:34:13.545368+00:00", "data": {"market": "0xfb9209dfaa7d37d1467c798b93a71c7f094d0c9483ce891cc8932e9bbafbb8ab", "price_changes": [{"asset_id": "19386621984632854446011216575580930413447340842901102477660390401472966195758", "price": "0.23", "size": "150", "side": "BUY", "hash": "6a3037d2af02e419dd7f5aede680338d46b41cb9", "best_bid": "0.23", "best_ask": "0.86"}, {"asset_id": "52746868720512831930937381090439675672168331234410876842855597733534043852645", "price": "0.77", "size": "150", "side": "SELL", "hash": "1b2126c6158b9f91de05a6aceb0f6f574c544668", "best_bid": "0.14", "best_ask": "0.77"}], "timestamp": "1769384053361", "event_type": "price_change"}}
{"_local_timestamp": "2026-01-25T23:34:13.549490+00:00", "data": {"market": "0xfb9209dfaa7d37d1467c798b93a71c7f094d0c9483ce891cc8932e9bbafbb8ab", "price_changes": [{"asset_id": "52746868720512831930937381090439675672168331234410876842855597733534043852645", "price": "0.21", "size": "150", "side": "BUY", "hash": "35a25743bc1ea542598cff670bdca6d1bfc47453", "best_bid": "0.21", "best_ask": "0.77"}, {"asset_id": "19386621984632854446011216575580930413447340842901102477660390401472966195758", "price": "0.79", "size": "150", "side": "SELL", "hash": "9ba7488c05d2605dadbb1cbdfed27c015f5e400d", "best_bid": "0.23", "best_ask": "0.79"}], "timestamp": "1769384053362", "event_type": "price_change"}}
{"_local_timestamp": "2026-01-25T23:34:18.582198+00:00", "data": {"market": "0xfb9209dfaa7d37d1467c798b93a71c7f094d0c9483ce891cc8932e9bbafbb8ab", "price_changes": [{"asset_id": "52746868720512831930937381090439675672168331234410876842855597733534043852645", "price": "0.21", "size": "0", "side": "BUY", "hash": "b5af6d66993e37c50581e69dc273e227441d1504", "best_bid": "0.14", "best_ask": "0.77"}, {"asset_id": "19386621984632854446011216575580930413447340842901102477660390401472966195758", "price": "0.79", "size": "0", "side": "SELL", "hash": "b0050da9f84f01bc653809d130682bba52be7829", "best_bid": "0.23", "best_ask": "0.86"}], "timestamp": "1769384058510", "event_type": "price_change"}}
{"_local_timestamp": "2026-01-25T23:34:18.582995+00:00", "data": {"market": "0xfb9209dfaa7d37d1467c798b93a71c7f094d0c9483ce891cc8932e9bbafbb8ab", "price_changes": [{"asset_id": "19386621984632854446011216575580930413447340842901102477660390401472966195758", "price": "0.23", "size": "0", "side": "BUY", "hash": "5d420e3a6d0365ce81e3537115c762ad10c0a88b", "best_bid": "0.19", "best_ask": "0.86"}, {"asset_id": "52746868720512831930937381090439675672168331234410876842855597733534043852645", "price": "0.77", "size": "0", "side": "SELL", "hash": "c01f9914d7120f12f1d3fa1b7cb48158de262224", "best_bid": "0.14", "best_ask": "0.81"}], "timestamp": "1769384058510", "event_type": "price_change"}}
{"_local_timestamp": "2026-01-25T23:34:18.800672+00:00", "data": {"market": "0xfb9209dfaa7d37d1467c798b93a71c7f094d0c9483ce891cc8932e9bbafbb8ab", "price_changes": [{"asset_id": "19386621984632854446011216575580930413447340842901102477660390401472966195758", "price": "0.2", "size": "150", "side": "BUY", "hash": "ceb4e1960b26e21052158c8783eb382a02a42c07", "best_bid": "0.2", "best_ask": "0.86"}, {"asset_id": "52746868720512831930937381090439675672168331234410876842855597733534043852645", "price": "0.8", "size": "150", "side": "SELL", "hash": "6d3b7ee2f8689d58118a613573e4fe696afe86cf", "best_bid": "0.14", "best_ask": "0.8"}], "timestamp": "1769384058732", "event_type": "price_change"}}
{"_local_timestamp": "2026-01-25T23:34:18.801178+00:00", "data": {"market": "0xfb9209dfaa7d37d1467c798b93a71c7f094d0c9483ce891cc8932e9bbafbb8ab", "price_changes": [{"asset_id": "52746868720512831930937381090439675672168331234410876842855597733534043852645", "price": "0.15", "size": "150", "side": "BUY", "hash": "e8d27f5eaea3fba0149ebf5469023ac18c9d94e5", "best_bid": "0.15", "best_ask": "0.8"}, {"asset_id": "19386621984632854446011216575580930413447340842901102477660390401472966195758", "price": "0.85", "size": "150", "side": "SELL", "hash": "398c049b27ac4a1c9eb51f88fcd738eb232801b7", "best_bid": "0.2", "best_ask": "0.85"}], "timestamp": "1769384058733", "event_type": "price_change"}}
{"_local_timestamp": "2026-01-25T23:34:18.985627+00:00", "data": {"market": "0xfb9209dfaa7d37d1467c798b93a71c7f094d0c9483ce891cc8932e9bbafbb8ab", "price_changes": [{"asset_id": "19386621984632854446011216575580930413447340842901102477660390401472966195758", "price": "0.2", "size": "155", "side": "BUY", "hash": "63fdaa4e71b94285b5275b69e2b5731d7e708c1f", "best_bid": "0.2", "best_ask": "0.85"}, {"asset_id": "52746868720512831930937381090439675672168331234410876842855597733534043852645", "price": "0.8", "size": "155", "side": "SELL", "hash": "152efbbf61675c56e60b7d38226215ce4b685209", "best_bid": "0.15", "best_ask": "0.8"}], "timestamp": "1769384058904", "event_type": "price_change"}}
{"_local_timestamp": "2026-01-25T23:34:18.989492+00:00", "data": {"market": "0xfb9209dfaa7d37d1467c798b93a71c7f094d0c9483ce891cc8932e9bbafbb8ab", "price_changes": [{"asset_id": "52746868720512831930937381090439675672168331234410876842855597733534043852645", "price": "0.15", "size": "155", "side": "BUY", "hash": "a3d3e989f89a25c05a4438d6506df06f46c7fad5", "best_bid": "0.15", "best_ask": "0.8"}, {"asset_id": "19386621984632854446011216575580930413447340842901102477660390401472966195758", "price": "0.85", "size": "155", "side": "SELL", "hash": "3e1dae9f32a3588355e230b11d21100f8527a1ce", "best_bid": "0.2", "best_ask": "0.85"}], "timestamp": "1769384058906", "event_type": "price_change"}}
{"_local_timestamp": "2026-01-25T23:34:19.600262+00:00", "data": {"market": "0xfb9209dfaa7d37d1467c798b93a71c7f094d0c9483ce891cc8932e9bbafbb8ab", "price_changes": [{"asset_id": "19386621984632854446011216575580930413447340842901102477660390401472966195758", "price": "0.2", "size": "160", "side": "BUY", "hash": "2660bd9033b23350152a1c739f79ee9a17b46151", "best_bid": "0.2", "best_ask": "0.85"}, {"asset_id": "52746868720512831930937381090439675672168331234410876842855597733534043852645", "price": "0.8", "size": "160", "side": "SELL", "hash": "5068fc68a371a8c07677cbee860606f898547445", "best_bid": "0.15", "best_ask": "0.8"}], "timestamp": "1769384059531", "event_type": "price_change"}}
{"_local_timestamp": "2026-01-25T23:34:19.602642+00:00", "data": {"market": "0xfb9209dfaa7d37d1467c798b93a71c7f094d0c9483ce891cc8932e9bbafbb8ab", "price_changes": [{"asset_id": "52746868720512831930937381090439675672168331234410876842855597733534043852645", "price": "0.15", "size": "160", "side": "BUY", "hash": "568f5de4e76a729f1983b20179af1e0e2262bb57", "best_bid": "0.15", "best_ask": "0.8"}, {"asset_id": "19386621984632854446011216575580930413447340842901102477660390401472966195758", "price": "0.85", "size": "160", "side": "SELL", "hash": "c4ac4b4f7551444872509528abf3d119b2b508bc", "best_bid": "0.2", "best_ask": "0.85"}], "timestamp": "1769384059533", "event_type": "price_change"}}
{"_local_timestamp": "2026-01-25T23:34:23.946052+00:00", "data": {"market": "0xfb9209dfaa7d37d1467c798b93a71c7f094d0c9483ce891cc8932e9bbafbb8ab", "price_changes": [{"asset_id": "19386621984632854446011216575580930413447340842901102477660390401472966195758", "price": "0.2", "size": "10", "side": "BUY", "hash": "bfac7ece6e028f999338b480656cb8e96c38077e", "best_bid": "0.2", "best_ask": "0.85"}, {"asset_id": "52746868720512831930937381090439675672168331234410876842855597733534043852645", "price": "0.8", "size": "10", "side": "SELL", "hash": "e911cfb3512c2b573e5ec401e5c5b91d4bb15b89", "best_bid": "0.15", "best_ask": "0.8"}], "timestamp": "1769384063868", "event_type": "price_change"}}
{"_local_timestamp": "2026-01-25T23:34:23.950917+00:00", "data": {"market": "0xfb9209dfaa7d37d1467c798b93a71c7f094d0c9483ce891cc8932e9bbafbb8ab", "price_changes": [{"asset_id": "52746868720512831930937381090439675672168331234410876842855597733534043852645", "price": "0.15", "size": "10", "side": "BUY", "hash": "fd3f2d8c1984ab46493b53de1c740915498a4027", "best_bid": "0.15", "best_ask": "0.8"}, {"asset_id": "19386621984632854446011216575580930413447340842901102477660390401472966195758", "price": "0.85", "size": "10", "side": "SELL", "hash": "7e8bec1ba2dc0c5d6e7abfb0a91cb8dba1cebbdd", "best_bid": "0.2", "best_ask": "0.85"}], "timestamp": "1769384063868", "event_type": "price_change"}}
{"_local_timestamp": "2026-01-25T23:34:24.433253+00:00", "data": {"market": "0xfb9209dfaa7d37d1467c798b93a71c7f094d0c9483ce891cc8932e9bbafbb8ab", "price_changes": [{"asset_id": "19386621984632854446011216575580930413447340842901102477660390401472966195758", "price": "0.21", "size": "150", "side": "BUY", "hash": "0834cf77219ee9202892d53bbe1bcadd58224a2b", "best_bid": "0.21", "best_ask": "0.85"}, {"asset_id": "52746868720512831930937381090439675672168331234410876842855597733534043852645", "price": "0.79", "size": "150", "side": "SELL", "hash": "9260c77181f5ae0a2d24275fe0b75c4317bf5def", "best_bid": "0.15", "best_ask": "0.79"}], "timestamp": "1769384064363", "event_type": "price_change"}}
{"_local_timestamp": "2026-01-25T23:34:24.433843+00:00", "data": {"market": "0xfb9209dfaa7d37d1467c798b93a71c7f094d0c9483ce891cc8932e9bbafbb8ab", "price_changes": [{"asset_id": "52746868720512831930937381090439675672168331234410876842855597733534043852645", "price": "0.16", "size": "150", "side": "BUY", "hash": "a926a372a34be1b6b4b13e3f5d733ad00e0baf67", "best_bid": "0.16", "best_ask": "0.79"}, {"asset_id": "19386621984632854446011216575580930413447340842901102477660390401472966195758", "price": "0.84", "size": "150", "side": "SELL", "hash": "44707fe2cd3ae19379b9f42df370ec36c7a53570", "best_bid": "0.21", "best_ask": "0.84"}], "timestamp": "1769384064364", "event_type": "price_change"}}
{"_local_timestamp": "2026-01-25T23:34:24.594203+00:00", "data": {"market": "0xfb9209dfaa7d37d1467c798b93a71c7f094d0c9483ce891cc8932e9bbafbb8ab", "price_changes": [{"asset_id": "19386621984632854446011216575580930413447340842901102477660390401472966195758", "price": "0.2", "size": "5", "side": "BUY", "hash": "e58a6b6a101b26b4a4b34e7c01a2eb499f1d26f5", "best_bid": "0.21", "best_ask": "0.84"}, {"asset_id": "52746868720512831930937381090439675672168331234410876842855597733534043852645", "price": "0.8", "size": "5", "side": "SELL", "hash": "e0594244b3310d18f0bb4cb8ac7cffcc588f9fe2", "best_bid": "0.16", "best_ask": "0.79"}], "timestamp": "1769384064526", "event_type": "price_change"}}
{"_local_timestamp": "2026-01-25T23:34:24.601597+00:00", "data": {"market": "0xfb9209dfaa7d37d1467c798b93a71c7f094d0c9483ce891cc8932e9bbafbb8ab", "price_changes": [{"asset_id": "52746868720512831930937381090439675672168331234410876842855597733534043852645", "price": "0.15", "size": "5", "side": "BUY", "hash": "9e73b3b18da33b1579b27c3b18a898cec5ea80b6", "best_bid": "0.16", "best_ask": "0.79"}, {"asset_id": "19386621984632854446011216575580930413447340842901102477660390401472966195758", "price": "0.85", "size": "5", "side": "SELL", "hash": "fb82abf4afd9fe6db55b0e341e23453e59a77646", "best_bid": "0.21", "best_ask": "0.84"}], "timestamp": "1769384064538", "event_type": "price_change"}}
{"_local_timestamp": "2026-01-25T23:34:25.109535+00:00", "data": {"market": "0xfb9209dfaa7d37d1467c798b93a71c7f094d0c9483ce891cc8932e9bbafbb8ab", "price_changes": [{"asset_id": "19386621984632854446011216575580930413447340842901102477660390401472966195758", "price": "0.2", "size": "0", "side": "BUY", "hash": "ded7258047fff54d3fbd1a486529a4fae9b3a4ed", "best_bid": "0.21", "best_ask": "0.84"}, {"asset_id": "52746868720512831930937381090439675672168331234410876842855597733534043852645", "price": "0.8", "size": "0", "side": "SELL", "hash": "2416020111b6323a0d687df5c5468f3948941046", "best_bid": "0.16", "best_ask": "0.79"}], "timestamp": "1769384065041", "event_type": "price_change"}}
{"_local_timestamp": "2026-01-25T23:34:25.117149+00:00", "data": {"market": "0xfb9209dfaa7d37d1467c798b93a71c7f094d0c9483ce891cc8932e9bbafbb8ab", "price_changes": [{"asset_id": "52746868720512831930937381090439675672168331234410876842855597733534043852645", "price": "0.15", "size": "0", "side": "BUY", "hash": "7f494262b8f2516ff4289bf09a0ae858d51669ea", "best_bid": "0.16", "best_ask": "0.79"}, {"asset_id": "19386621984632854446011216575580930413447340842901102477660390401472966195758", "price": "0.85", "size": "0", "side": "SELL", "hash": "4f812a4a1a115d5ba825ae5715626dc22b699b0e", "best_bid": "0.21", "best_ask": "0.84"}], "timestamp": "1769384065045", "event_type": "price_change"}}
{"_local_timestamp": "2026-01-25T23:34:26.206330+00:00", "data": {"market": "0xfb9209dfaa7d37d1467c798b93a71c7f094d0c9483ce891cc8932e9bbafbb8ab", "price_changes": [{"asset_id": "19386621984632854446011216575580930413447340842901102477660390401472966195758", "price": "0.15", "size": "8.5", "side": "BUY", "hash": "267f2111c5a4826fcff154edd53136d3a8e94497", "best_bid": "0.21", "best_ask": "0.84"}, {"asset_id": "52746868720512831930937381090439675672168331234410876842855597733534043852645", "price": "0.85", "size": "8.5", "side": "SELL", "hash": "e52ea438320b835c3df538bfa5cc54c95927470b", "best_bid": "0.16", "best_ask": "0.79"}], "timestamp": "1769384066133", "event_type": "price_change"}}
{"_local_timestamp": "2026-01-25T23:34:26.210991+00:00", "data": {"market": "0xfb9209dfaa7d37d1467c798b93a71c7f094d0c9483ce891cc8932e9bbafbb8ab", "price_changes": [{"asset_id": "52746868720512831930937381090439675672168331234410876842855597733534043852645", "price": "0.16", "size": "158.5", "side": "BUY", "hash": "ea2f0e52f5bab89f435a734828198757bc1c5003", "best_bid": "0.16", "best_ask": "0.79"}, {"asset_id": "19386621984632854446011216575580930413447340842901102477660390401472966195758", "price": "0.84", "size": "158.5", "side": "SELL", "hash": "a0790e20688cae68824834d6d1fc8721b5f4b5d6", "best_bid": "0.21", "best_ask": "0.84"}], "timestamp": "1769384066134", "event_type": "price_change"}}
{"_local_timestamp": "2026-01-25T23:34:27.309323+00:00", "data": {"market": "0xfb9209dfaa7d37d1467c798b93a71c7f094d0c9483ce891cc8932e9bbafbb8ab", "price_changes": [{"asset_id": "52746868720512831930937381090439675672168331234410876842855597733534043852645", "price": "0.16", "size": "163.5", "side": "BUY", "hash": "71aac57a3cc28ecc95a7ca025bfc3caa5fa34e71", "best_bid": "0.16", "best_ask": "0.79"}, {"asset_id": "19386621984632854446011216575580930413447340842901102477660390401472966195758", "price": "0.84", "size": "163.5", "side": "SELL", "hash": "5d127b1a5e78a08f13260be59e22d9096df124b5", "best_bid": "0.21", "best_ask": "0.84"}], "timestamp": "1769384067241", "event_type": "price_change"}}
{"_local_timestamp": "2026-01-25T23:34:27.899798+00:00", "data": {"market": "0xfb9209dfaa7d37d1467c798b93a71c7f094d0c9483ce891cc8932e9bbafbb8ab", "price_changes": [{"asset_id": "52746868720512831930937381090439675672168331234410876842855597733534043852645", "price": "0.16", "size": "168.5", "side": "BUY", "hash": "049a1afa0b00212121b8f9c4c9a3ff18a8b2a3e9", "best_bid": "0.16", "best_ask": "0.79"}, {"asset_id": "19386621984632854446011216575580930413447340842901102477660390401472966195758", "price": "0.84", "size": "168.5", "side": "SELL", "hash": "811cbf4ea3259a2ebe8800fbb1fad45ca02ff7ce", "best_bid": "0.21", "best_ask": "0.84"}], "timestamp": "1769384067678", "event_type": "price_change"}}
{"_local_timestamp": "2026-01-25T23:34:28.986284+00:00", "data": {"market": "0xfb9209dfaa7d37d1467c798b93a71c7f094d0c9483ce891cc8932e9bbafbb8ab", "price_changes": [{"asset_id": "52746868720512831930937381090439675672168331234410876842855597733534043852645", "price": "0.16", "size": "160", "side": "BUY", "hash": "3e688e935a3d7b72406a95b7c268ff85322e0be7", "best_bid": "0.16", "best_ask": "0.79"}, {"asset_id": "19386621984632854446011216575580930413447340842901102477660390401472966195758", "price": "0.84", "size": "160", "side": "SELL", "hash": "bd15734c86e6c400e27e579e473c0a066cdddc3e", "best_bid": "0.21", "best_ask": "0.84"}], "timestamp": "1769384068634", "event_type": "price_change"}}
{"_local_timestamp": "2026-01-25T23:34:28.989782+00:00", "data": {"market": "0xfb9209dfaa7d37d1467c798b93a71c7f094d0c9483ce891cc8932e9bbafbb8ab", "price_changes": [{"asset_id": "19386621984632854446011216575580930413447340842901102477660390401472966195758", "price": "0.15", "size": "0", "side": "BUY", "hash": "e7c248d0f96a0c652403763302c5e5c75bc4246c", "best_bid": "0.21", "best_ask": "0.84"}, {"asset_id": "52746868720512831930937381090439675672168331234410876842855597733534043852645", "price": "0.85", "size": "0", "side": "SELL", "hash": "0bf45a13ad0cd8de7784768f8fbee7366f121a84", "best_bid": "0.16", "best_ask": "0.79"}], "timestamp": "1769384068635", "event_type": "price_change"}}
{"_local_timestamp": "2026-01-25T23:34:29.597601+00:00", "data": {"market": "0xfb9209dfaa7d37d1467c798b93a71c7f094d0c9483ce891cc8932e9bbafbb8ab", "price_changes": [{"asset_id": "52746868720512831930937381090439675672168331234410876842855597733534043852645", "price": "0.16", "size": "10", "side": "BUY", "hash": "7dd98d2e538857e6ef1f933f68c944bc4df71ce2", "best_bid": "0.16", "best_ask": "0.79"}, {"asset_id": "19386621984632854446011216575580930413447340842901102477660390401472966195758", "price": "0.84", "size": "10", "side": "SELL", "hash": "d14ac8c6e2a87c0ff3577183d118ec141f9cfca1", "best_bid": "0.21", "best_ask": "0.84"}], "timestamp": "1769384069524", "event_type": "price_change"}}
{"_local_timestamp": "2026-01-25T23:34:29.600435+00:00", "data": {"market": "0xfb9209dfaa7d37d1467c798b93a71c7f094d0c9483ce891cc8932e9bbafbb8ab", "price_changes": [{"asset_id": "19386621984632854446011216575580930413447340842901102477660390401472966195758", "price": "0.21", "size": "0", "side": "BUY", "hash": "3bd60891c0aafd60008954ba3ba95e7fbd7d2b4c", "best_bid": "0.19", "best_ask": "0.84"}, {"asset_id": "52746868720512831930937381090439675672168331234410876842855597733534043852645", "price": "0.79", "size": "0", "side": "SELL", "hash": "c5e93fc192218ef500b95bfbd49893c13e886faa", "best_bid": "0.16", "best_ask": "0.81"}], "timestamp": "1769384069524", "event_type": "price_change"}}
{"_local_timestamp": "2026-01-25T23:34:30.059816+00:00", "data": {"market": "0xfb9209dfaa7d37d1467c798b93a71c7f094d0c9483ce891cc8932e9bbafbb8ab", "price_changes": [{"asset_id": "19386621984632854446011216575580930413447340842901102477660390401472966195758", "price": "0.19", "size": "10", "side": "BUY", "hash": "e00a0a085229bbf7072536b8e0085b0c26ef549d", "best_bid": "0.19", "best_ask": "0.84"}, {"asset_id": "52746868720512831930937381090439675672168331234410876842855597733534043852645", "price": "0.81", "size": "10", "side": "SELL", "hash": "bcbb56b0c4fe3e1e829f95e602a558d8055d99ea", "best_bid": "0.16", "best_ask": "0.81"}], "timestamp": "1769384069880", "event_type": "price_change"}}
{"_local_timestamp": "2026-01-25T23:34:30.284489+00:00", "data": {"market": "0xfb9209dfaa7d37d1467c798b93a71c7f094d0c9483ce891cc8932e9bbafbb8ab", "price_changes": [{"asset_id": "19386621984632854446011216575580930413447340842901102477660390401472966195758", "price": "0.2", "size": "150", "side": "BUY", "hash": "e49e045220d5d07ff3dd224766e93ffe9e60adf1", "best_bid": "0.2", "best_ask": "0.84"}, {"asset_id": "52746868720512831930937381090439675672168331234410876842855597733534043852645", "price": "0.8", "size": "150", "side": "SELL", "hash": "1b6cecc5a5ddb2068e18bf634ea5c3946ca29e8d", "best_bid": "0.16", "best_ask": "0.8"}], "timestamp": "1769384070114", "event_type": "price_change"}}
{"_local_timestamp": "2026-01-25T23:34:30.315327+00:00", "data": {"market": "0xfb9209dfaa7d37d1467c798b93a71c7f094d0c9483ce891cc8932e9bbafbb8ab", "price_changes": [{"asset_id": "52746868720512831930937381090439675672168331234410876842855597733534043852645", "price": "0.17", "size": "150", "side": "BUY", "hash": "ac598932c6b2fe54a1114a3d7dce13259760a19d", "best_bid": "0.17", "best_ask": "0.8"}, {"asset_id": "19386621984632854446011216575580930413447340842901102477660390401472966195758", "price": "0.83", "size": "150", "side": "SELL", "hash": "dea219e075583e0f2f69804dfa865fb8c1a0c1dc", "best_bid": "0.2", "best_ask": "0.83"}], "timestamp": "1769384070144", "event_type": "price_change"}}
{"_local_timestamp": "2026-01-25T23:34:30.577800+00:00", "data": {"market": "0xfb9209dfaa7d37d1467c798b93a71c7f094d0c9483ce891cc8932e9bbafbb8ab", "price_changes": [{"asset_id": "52746868720512831930937381090439675672168331234410876842855597733534043852645", "price": "0.16", "size": "5", "side": "BUY", "hash": "0a2d5cc3b9962b635f6489d900f5c035f612ba38", "best_bid": "0.17", "best_ask": "0.8"}, {"asset_id": "19386621984632854446011216575580930413447340842901102477660390401472966195758", "price": "0.84", "size": "5", "side": "SELL", "hash": "9281673c59b288fccb6b87fa35f5ccb5d64b8523", "best_bid": "0.2", "best_ask": "0.83"}], "timestamp": "1769384070390", "event_type": "price_change"}}
{"_local_timestamp": "2026-01-25T23:34:30.581323+00:00", "data": {"market": "0xfb9209dfaa7d37d1467c798b93a71c7f094d0c9483ce891cc8932e9bbafbb8ab", "price_changes": [{"asset_id": "19386621984632854446011216575580930413447340842901102477660390401472966195758", "price": "0.2", "size": "155", "side": "BUY", "hash": "fd242cacf4ec3d8ac08ce63b7642cd6ed5f8225c", "best_bid": "0.2", "best_ask": "0.83"}, {"asset_id": "52746868720512831930937381090439675672168331234410876842855597733534043852645", "price": "0.8", "size": "155", "side": "SELL", "hash": "e1eb6cd4d7f081fadef3f159493f6df0395095f6", "best_bid": "0.17", "best_ask": "0.8"}], "timestamp": "1769384070403", "event_type": "price_change"}}
{"_local_timestamp": "2026-01-25T23:34:31.269178+00:00", "data": {"market": "0xfb9209dfaa7d37d1467c798b93a71c7f094d0c9483ce891cc8932e9bbafbb8ab", "price_changes": [{"asset_id": "52746868720512831930937381090439675672168331234410876842855597733534043852645", "price": "0.16", "size": "0", "side": "BUY", "hash": "3285a9f3ea5041c8d5fe4ea856aa3caa210d0708", "best_bid": "0.17", "best_ask": "0.8"}, {"asset_id": "19386621984632854446011216575580930413447340842901102477660390401472966195758", "price": "0.84", "size": "0", "side": "SELL", "hash": "ff4d570d6cc58fc8808ed6a3a419c637ac71ca7d", "best_bid": "0.2", "best_ask": "0.83"}], "timestamp": "1769384071203", "event_type": "price_change"}}
{"_local_timestamp": "2026-01-25T23:34:32.579719+00:00", "data": {"market": "0xfb9209dfaa7d37d1467c798b93a71c7f094d0c9483ce891cc8932e9bbafbb8ab", "price_changes": [{"asset_id": "19386621984632854446011216575580930413447340842901102477660390401472966195758", "price": "0.19", "size": "5", "side": "BUY", "hash": "ed3b4812309a3bf50683b3f09989b81011b4e1fa", "best_bid": "0.2", "best_ask": "0.83"}, {"asset_id": "52746868720512831930937381090439675672168331234410876842855597733534043852645", "price": "0.81", "size": "5", "side": "SELL", "hash": "7de12da99dddb8141330e9a5cedd94e6ae443a84", "best_bid": "0.17", "best_ask": "0.8"}], "timestamp": "1769384072505", "event_type": "price_change"}}
{"_local_timestamp": "2026-01-25T23:34:33.303210+00:00", "data": {"market": "0xfb9209dfaa7d37d1467c798b93a71c7f094d0c9483ce891cc8932e9bbafbb8ab", "price_changes": [{"asset_id": "52746868720512831930937381090439675672168331234410876842855597733534043852645", "price": "0.17", "size": "155", "side": "BUY", "hash": "d9757c583cb0213a8a1ece3336e44665b64923f7", "best_bid": "0.17", "best_ask": "0.8"}, {"asset_id": "19386621984632854446011216575580930413447340842901102477660390401472966195758", "price": "0.83", "size": "155", "side": "SELL", "hash": "a3713c715e1e29247d49e33ed2e5020ff8c07c53", "best_bid": "0.2", "best_ask": "0.83"}], "timestamp": "1769384073233", "event_type": "price_change"}}
{"_local_timestamp": "2026-01-25T23:34:34.007268+00:00", "data": {"market": "0xfb9209dfaa7d37d1467c798b93a71c7f094d0c9483ce891cc8932e9bbafbb8ab", "price_changes": [{"asset_id": "52746868720512831930937381090439675672168331234410876842855597733534043852645", "price": "0.17", "size": "160", "side": "BUY", "hash": "7ab61fbb1507df6103a3d365a3f16ca107b57249", "best_bid": "0.17", "best_ask": "0.8"}, {"asset_id": "19386621984632854446011216575580930413447340842901102477660390401472966195758", "price": "0.83", "size": "160", "side": "SELL", "hash": "4b2979a730c6d3b76b0dd25e71f99625e5367ffb", "best_bid": "0.2", "best_ask": "0.83"}], "timestamp": "1769384073924", "event_type": "price_change"}}
{"_local_timestamp": "2026-01-25T23:34:35.241203+00:00", "data": {"market": "0xfb9209dfaa7d37d1467c798b93a71c7f094d0c9483ce891cc8932e9bbafbb8ab", "price_changes": [{"asset_id": "19386621984632854446011216575580930413447340842901102477660390401472966195758", "price": "0.2", "size": "160", "side": "BUY", "hash": "17aed771e17245740532725b678662db1ece4f78", "best_bid": "0.2", "best_ask": "0.83"}, {"asset_id": "52746868720512831930937381090439675672168331234410876842855597733534043852645", "price": "0.8", "size": "160", "side": "SELL", "hash": "8e20eed6c06a3eddf3415d922336678bad213b00", "best_bid": "0.17", "best_ask": "0.8"}], "timestamp": "1769384075177", "event_type": "price_change"}}
{"_local_timestamp": "2026-01-25T23:34:35.380104+00:00", "data": {"market": "0xfb9209dfaa7d37d1467c798b93a71c7f094d0c9483ce891cc8932e9bbafbb8ab", "price_changes": [{"asset_id": "19386621984632854446011216575580930413447340842901102477660390401472966195758", "price": "0.2", "size": "10", "side": "BUY", "hash": "19fc3ac6034addc7c5747b4651d9478c04dc4190", "best_bid": "0.2", "best_ask": "0.83"}, {"asset_id": "52746868720512831930937381090439675672168331234410876842855597733534043852645", "price": "0.8", "size": "10", "side": "SELL", "hash": "3d8e1fa53a88a524f7c425bf54ec8809dceb3f16", "best_bid": "0.17", "best_ask": "0.8"}], "timestamp": "1769384075307", "event_type": "price_change"}}
{"_local_timestamp": "2026-01-25T23:34:35.381569+00:00", "data": {"market": "0xfb9209dfaa7d37d1467c798b93a71c7f094d0c9483ce891cc8932e9bbafbb8ab", "price_changes": [{"asset_id": "52746868720512831930937381090439675672168331234410876842855597733534043852645", "price": "0.17", "size": "10", "side": "BUY", "hash": "2af1b8ca51cdca2367d7d8c9477416a94b9023a5", "best_bid": "0.17", "best_ask": "0.8"}, {"asset_id": "19386621984632854446011216575580930413447340842901102477660390401472966195758", "price": "0.83", "size": "10", "side": "SELL", "hash": "6bb085a6137e1ba46e9c3a3943a69252870b5d9f", "best_bid": "0.2", "best_ask": "0.83"}], "timestamp": "1769384075308", "event_type": "price_change"}}
{"_local_timestamp": "2026-01-25T23:34:35.789972+00:00", "data": {"market": "0xfb9209dfaa7d37d1467c798b93a71c7f094d0c9483ce891cc8932e9bbafbb8ab", "price_changes": [{"asset_id": "19386621984632854446011216575580930413447340842901102477660390401472966195758", "price": "0.21", "size": "150", "side": "BUY", "hash": "5c409bb7d1d6db51686c30e7721b235afded3294", "best_bid": "0.21", "best_ask": "0.83"}, {"asset_id": "52746868720512831930937381090439675672168331234410876842855597733534043852645", "price": "0.79", "size": "150", "side": "SELL", "hash": "6e47d2fdf555b864d8970746f194ca41ced008ef", "best_bid": "0.17", "best_ask": "0.79"}], "timestamp": "1769384075715", "event_type": "price_change"}}
{"_local_timestamp": "2026-01-25T23:34:35.790990+00:00", "data": {"market": "0xfb9209dfaa7d37d1467c798b93a71c7f094d0c9483ce891cc8932e9bbafbb8ab", "price_changes": [{"asset_id": "52746868720512831930937381090439675672168331234410876842855597733534043852645", "price": "0.18", "size": "150", "side": "BUY", "hash": "c921bacb7aab222ceca2d767cb24b101807b7951", "best_bid": "0.18", "best_ask": "0.79"}, {"asset_id": "19386621984632854446011216575580930413447340842901102477660390401472966195758", "price": "0.82", "size": "150", "side": "SELL", "hash": "14d28bba30091980e64f1c1ce76fac01ffaf6c2a", "best_bid": "0.21", "best_ask": "0.82"}], "timestamp": "1769384075716", "event_type": "price_change"}}
{"_local_timestamp": "2026-01-25T23:34:35.983104+00:00", "data": {"market": "0xfb9209dfaa7d37d1467c798b93a71c7f094d0c9483ce891cc8932e9bbafbb8ab", "price_changes": [{"asset_id": "52746868720512831930937381090439675672168331234410876842855597733534043852645", "price": "0.17", "size": "5", "side": "BUY", "hash": "0bb3e45c39186acafcdda7d7002f8033a6ce867e", "best_bid": "0.18", "best_ask": "0.79"}, {"asset_id": "19386621984632854446011216575580930413447340842901102477660390401472966195758", "price": "0.83", "size": "5", "side": "SELL", "hash": "368bbfcf9eb68f9defd6013482a3ed063c1f02ad", "best_bid": "0.21", "best_ask": "0.82"}], "timestamp": "1769384075901", "event_type": "price_change"}}
{"_local_timestamp": "2026-01-25T23:34:35.983689+00:00", "data": {"market": "0xfb9209dfaa7d37d1467c798b93a71c7f094d0c9483ce891cc8932e9bbafbb8ab", "price_changes": [{"asset_id": "19386621984632854446011216575580930413447340842901102477660390401472966195758", "price": "0.2", "size": "5", "side": "BUY", "hash": "a8de52c729bbc848847f4175e97474a52d4a43ef", "best_bid": "0.21", "best_ask": "0.82"}, {"asset_id": "52746868720512831930937381090439675672168331234410876842855597733534043852645", "price": "0.8", "size": "5", "side": "SELL", "hash": "784a5efa52c41e59be07793247323222006b6eb3", "best_bid": "0.18", "best_ask": "0.79"}], "timestamp": "1769384075907", "event_type": "price_change"}}
{"_local_timestamp": "2026-01-25T23:34:36.546463+00:00", "data": {"market": "0xfb9209dfaa7d37d1467c798b93a71c7f094d0c9483ce891cc8932e9bbafbb8ab", "price_changes": [{"asset_id": "52746868720512831930937381090439675672168331234410876842855597733534043852645", "price": "0.17", "size": "0", "side": "BUY", "hash": "3cc039888cb1fe8df129704ee92e9965a1e54d7d", "best_bid": "0.18", "best_ask": "0.79"}, {"asset_id": "19386621984632854446011216575580930413447340842901102477660390401472966195758", "price": "0.83", "size": "0", "side": "SELL", "hash": "8f572f30d8bf44f8eabaf724330f187189244a1a", "best_bid": "0.21", "best_ask": "0.82"}], "timestamp": "1769384076479", "event_type": "price_change"}}
{"_local_timestamp": "2026-01-25T23:34:37.927458+00:00", "data": {"market": "0xfb9209dfaa7d37d1467c798b93a71c7f094d0c9483ce891cc8932e9bbafbb8ab", "price_changes": [{"asset_id": "19386621984632854446011216575580930413447340842901102477660390401472966195758", "price": "0.2", "size": "0", "side": "BUY", "hash": "34a45828a64e0c319d2487725ac30f3c6048e452", "best_bid": "0.21", "best_ask": "0.82"}, {"asset_id": "52746868720512831930937381090439675672168331234410876842855597733534043852645", "price": "0.8", "size": "0", "side": "SELL", "hash": "12d5ac060dcf5ab20c1d3d2b362e1009d3f368cd", "best_bid": "0.18", "best_ask": "0.79"}], "timestamp": "1769384077856", "event_type": "price_change"}}
{"_local_timestamp": "2026-01-25T23:34:38.065338+00:00", "data": {"market": "0x70bb2ab335041982158b5fb7b5c7b7c4521cc4527923aa349700088978a2ec42", "price_changes": [{"asset_id": "82542585043265272417330223754671585759173160199479826534815480485591482493957", "price": "0.08", "size": "0", "side": "BUY", "hash": "1c0bf9bc65bdfba29402690713b09baa051c618f", "best_bid": "0.07", "best_ask": "0.49"}, {"asset_id": "85893221605469543513733568621290952168691819483530503735746037535132134978277", "price": "0.92", "size": "0", "side": "SELL", "hash": "233fa968acaff13044b6724682f42dce4e66f954", "best_bid": "0.51", "best_ask": "0.93"}], "timestamp": "1769384078000", "event_type": "price_change"}}
{"_local_timestamp": "2026-01-25T23:34:38.619660+00:00", "data": {"market": "0xfb9209dfaa7d37d1467c798b93a71c7f094d0c9483ce891cc8932e9bbafbb8ab", "price_changes": [{"asset_id": "52746868720512831930937381090439675672168331234410876842855597733534043852645", "price": "0.18", "size": "155", "side": "BUY", "hash": "36406cea36b88af52164d99c2f0a63926a2f13c8", "best_bid": "0.18", "best_ask": "0.79"}, {"asset_id": "19386621984632854446011216575580930413447340842901102477660390401472966195758", "price": "0.82", "size": "155", "side": "SELL", "hash": "1f84269332d7c76ff5f90a46276a9663ef4b4935", "best_bid": "0.21", "best_ask": "0.82"}], "timestamp": "1769384078552", "event_type": "price_change"}}
{"_local_timestamp": "2026-01-25T23:34:39.382494+00:00", "data": {"market": "0xfb9209dfaa7d37d1467c798b93a71c7f094d0c9483ce891cc8932e9bbafbb8ab", "price_changes": [{"asset_id": "52746868720512831930937381090439675672168331234410876842855597733534043852645", "price": "0.18", "size": "160", "side": "BUY", "hash": "8101eb91d0adde120084240181ab8552f4237a33", "best_bid": "0.18", "best_ask": "0.79"}, {"asset_id": "19386621984632854446011216575580930413447340842901102477660390401472966195758", "price": "0.82", "size": "160", "side": "SELL", "hash": "19db6744a477cc288c6275ca7eede5678a0c468c", "best_bid": "0.21", "best_ask": "0.82"}], "timestamp": "1769384079250", "event_type": "price_change"}}
{"_local_timestamp": "2026-01-25T23:34:40.994933+00:00", "data": {"market": "0xfb9209dfaa7d37d1467c798b93a71c7f094d0c9483ce891cc8932e9bbafbb8ab", "price_changes": [{"asset_id": "19386621984632854446011216575580930413447340842901102477660390401472966195758", "price": "0.21", "size": "0", "side": "BUY", "hash": "551bbbf82d17fb9bfd31fcf9e8e25bbca7535a01", "best_bid": "0.19", "best_ask": "0.82"}, {"asset_id": "52746868720512831930937381090439675672168331234410876842855597733534043852645", "price": "0.79", "size": "0", "side": "SELL", "hash": "9d6bd047e4c42879ee4f4bad1fc03b06144cb999", "best_bid": "0.18", "best_ask": "0.81"}], "timestamp": "1769384080922", "event_type": "price_change"}}
{"_local_timestamp": "2026-01-25T23:34:40.995607+00:00", "data": {"market": "0xfb9209dfaa7d37d1467c798b93a71c7f094d0c9483ce891cc8932e9bbafbb8ab", "price_changes": [{"asset_id": "52746868720512831930937381090439675672168331234410876842855597733534043852645", "price": "0.18", "size": "10", "side": "BUY", "hash": "9e04da2d25ba05a7e85da04b63518daf750aa833", "best_bid": "0.18", "best_ask": "0.81"}, {"asset_id": "19386621984632854446011216575580930413447340842901102477660390401472966195758", "price": "0.82", "size": "10", "side": "SELL", "hash": "d2da51454879755c51250aaeaf526952178771f5", "best_bid": "0.19", "best_ask": "0.82"}], "timestamp": "1769384080923", "event_type": "price_change"}}
{"_local_timestamp": "2026-01-25T23:34:41.400912+00:00", "data": {"market": "0xfb9209dfaa7d37d1467c798b93a71c7f094d0c9483ce891cc8932e9bbafbb8ab", "price_changes": [{"asset_id": "19386621984632854446011216575580930413447340842901102477660390401472966195758", "price": "0.2", "size": "150", "side": "BUY", "hash": "ab1763eef55ed0a5021c9866049eac81a92c98f5", "best_bid": "0.2", "best_ask": "0.82"}, {"asset_id": "52746868720512831930937381090439675672168331234410876842855597733534043852645", "price": "0.8", "size": "150", "side": "SELL", "hash": "29bab0c21bfbb25844af672a2e72d285e6996a96", "best_bid": "0.18", "best_ask": "0.8"}], "timestamp": "1769384081336", "event_type": "price_change"}}
{"_local_timestamp": "2026-01-25T23:34:41.405231+00:00", "data": {"market": "0xfb9209dfaa7d37d1467c798b93a71c7f094d0c9483ce891cc8932e9bbafbb8ab", "price_changes": [{"asset_id": "52746868720512831930937381090439675672168331234410876842855597733534043852645", "price": "0.19", "size": "150", "side": "BUY", "hash": "3d10a98d20841a58a377522133a22187d3e8f0bd", "best_bid": "0.19", "best_ask": "0.8"}, {"asset_id": "19386621984632854446011216575580930413447340842901102477660390401472966195758", "price": "0.81", "size": "150", "side": "SELL", "hash": "d9194c45f1061a27d62e6fb7a53d9b20f9f353ae", "best_bid": "0.2", "best_ask": "0.81"}], "timestamp": "1769384081338", "event_type": "price_change"}}
{"_local_timestamp": "2026-01-25T23:34:41.419638+00:00", "data": {"market": "0x70bb2ab335041982158b5fb7b5c7b7c4521cc4527923aa349700088978a2ec42", "price_changes": [{"asset_id": "82542585043265272417330223754671585759173160199479826534815480485591482493957", "price": "0.08", "size": "160", "side": "BUY", "hash": "4ec8c75d1d6f8a9bfa814555cd06763832fc4fc1", "best_bid": "0.08", "best_ask": "0.49"}, {"asset_id": "85893221605469543513733568621290952168691819483530503735746037535132134978277", "price": "0.92", "size": "160", "side": "SELL", "hash": "6371b8a2158ffcf2bd14eccd89d1eb99bf3836e7", "best_bid": "0.51", "best_ask": "0.92"}], "timestamp": "1769384081346", "event_type": "price_change"}}
{"_local_timestamp": "2026-01-25T23:34:41.483596+00:00", "data": {"market": "0xfb9209dfaa7d37d1467c798b93a71c7f094d0c9483ce891cc8932e9bbafbb8ab", "price_changes": [{"asset_id": "19386621984632854446011216575580930413447340842901102477660390401472966195758", "price": "0.19", "size": "10", "side": "BUY", "hash": "d22d0ce58c432a8b1f0b50f990cc8919907afd68", "best_bid": "0.2", "best_ask": "0.81"}, {"asset_id": "52746868720512831930937381090439675672168331234410876842855597733534043852645", "price": "0.81", "size": "10", "side": "SELL", "hash": "c5d621393a9685e95402570056fc49d21a209d8f", "best_bid": "0.19", "best_ask": "0.8"}], "timestamp": "1769384081402", "event_type": "price_change"}}
{"_local_timestamp": "2026-01-25T23:34:42.247005+00:00", "data": {"market": "0xfb9209dfaa7d37d1467c798b93a71c7f094d0c9483ce891cc8932e9bbafbb8ab", "price_changes": [{"asset_id": "52746868720512831930937381090439675672168331234410876842855597733534043852645", "price": "0.18", "size": "5", "side": "BUY", "hash": "0c154449f005006ab61a447aa63511e86be5831d", "best_bid": "0.19", "best_ask": "0.8"}, {"asset_id": "19386621984632854446011216575580930413447340842901102477660390401472966195758", "price": "0.82", "size": "5", "side": "SELL", "hash": "a24a9823d9e69f07e26b9cca1703b53a87f62f2b", "best_bid": "0.2", "best_ask": "0.81"}], "timestamp": "1769384082169", "event_type": "price_change"}}
{"_local_timestamp": "2026-01-25T23:34:42.271270+00:00", "data": {"market": "0xfb9209dfaa7d37d1467c798b93a71c7f094d0c9483ce891cc8932e9bbafbb8ab", "price_changes": [{"asset_id": "19386621984632854446011216575580930413447340842901102477660390401472966195758", "price": "0.2", "size": "155", "side": "BUY", "hash": "15305d2ddb3b5cbe2b1105c1bf6c2534194d0373", "best_bid": "0.2", "best_ask": "0.81"}, {"asset_id": "52746868720512831930937381090439675672168331234410876842855597733534043852645", "price": "0.8", "size": "155", "side": "SELL", "hash": "640bc98d879bc82233a9cd4e4a6590490f683b1d", "best_bid": "0.19", "best_ask": "0.8"}], "timestamp": "1769384082198", "event_type": "price_change"}}
{"_local_timestamp": "2026-01-25T23:34:42.682954+00:00", "data": {"market": "0xfb9209dfaa7d37d1467c798b93a71c7f094d0c9483ce891cc8932e9bbafbb8ab", "price_changes": [{"asset_id": "52746868720512831930937381090439675672168331234410876842855597733534043852645", "price": "0.18", "size": "0", "side": "BUY", "hash": "7f40dc7546967d74ac053a0d88cac494b0a4405d", "best_bid": "0.19", "best_ask": "0.8"}, {"asset_id": "19386621984632854446011216575580930413447340842901102477660390401472966195758", "price": "0.82", "size": "0", "side": "SELL", "hash": "9e98e3c05d28bf5d01b47c8cded9aa9423688682", "best_bid": "0.2", "best_ask": "0.81"}], "timestamp": "1769384082607", "event_type": "price_change"}}
{"_local_timestamp": "2026-01-25T23:34:44.141092+00:00", "data": {"market": "0xfb9209dfaa7d37d1467c798b93a71c7f094d0c9483ce891cc8932e9bbafbb8ab", "price_changes": [{"asset_id": "19386621984632854446011216575580930413447340842901102477660390401472966195758", "price": "0.19", "size": "5", "side": "BUY", "hash": "59047cf7265c7b524dd77948ed62ca17368a94ba", "best_bid": "0.2", "best_ask": "0.81"}, {"asset_id": "52746868720512831930937381090439675672168331234410876842855597733534043852645", "price": "0.81", "size": "5", "side": "SELL", "hash": "98ced071471065345d2d930e5ca201d94a6b7eec", "best_bid": "0.19", "best_ask": "0.8"}], "timestamp": "1769384084033", "event_type": "price_change"}}
{"_local_timestamp": "2026-01-25T23:34:44.896607+00:00", "data": {"market": "0xfb9209dfaa7d37d1467c798b93a71c7f094d0c9483ce891cc8932e9bbafbb8ab", "price_changes": [{"asset_id": "52746868720512831930937381090439675672168331234410876842855597733534043852645", "price": "0.19", "size": "155", "side": "BUY", "hash": "0e90ee1d7a4a7ec23656207b06ce1a2b46dcee7d", "best_bid": "0.19", "best_ask": "0.8"}, {"asset_id": "19386621984632854446011216575580930413447340842901102477660390401472966195758", "price": "0.81", "size": "155", "side": "SELL", "hash": "11eadb1376427354f02741462644bb70d2e51f6b", "best_bid": "0.2", "best_ask": "0.81"}], "timestamp": "1769384084829", "event_type": "price_change"}}
{"_local_timestamp": "2026-01-25T23:34:45.458071+00:00", "data": {"market": "0xfb9209dfaa7d37d1467c798b93a71c7f094d0c9483ce891cc8932e9bbafbb8ab", "price_changes": [{"asset_id": "52746868720512831930937381090439675672168331234410876842855597733534043852645", "price": "0.19", "size": "160", "side": "BUY", "hash": "70f18fedad48fed0dafcba398bfc43ca4603602f", "best_bid": "0.19", "best_ask": "0.8"}, {"asset_id": "19386621984632854446011216575580930413447340842901102477660390401472966195758", "price": "0.81", "size": "160", "side": "SELL", "hash": "8904ab323d525f9e026c7e8c8c0d842fd6ef7966", "best_bid": "0.2", "best_ask": "0.81"}], "timestamp": "1769384085389", "event_type": "price_change"}}
{"_local_timestamp": "2026-01-25T23:34:46.578396+00:00", "data": {"market": "0xfb9209dfaa7d37d1467c798b93a71c7f094d0c9483ce891cc8932e9bbafbb8ab", "price_changes": [{"asset_id": "52746868720512831930937381090439675672168331234410876842855597733534043852645", "price": "0.19", "size": "10", "side": "BUY", "hash": "625546b5415d9b0239b246f39cb676bd54b759b3", "best_bid": "0.19", "best_ask": "0.8"}, {"asset_id": "19386621984632854446011216575580930413447340842901102477660390401472966195758", "price": "0.81", "size": "10", "side": "SELL", "hash": "28d33c95fcd8992e9dab2ce2af577290d899fd87", "best_bid": "0.2", "best_ask": "0.81"}], "timestamp": "1769384086500", "event_type": "price_change"}}
{"_local_timestamp": "2026-01-25T23:34:46.582033+00:00", "data": {"market": "0xfb9209dfaa7d37d1467c798b93a71c7f094d0c9483ce891cc8932e9bbafbb8ab", "price_changes": [{"asset_id": "19386621984632854446011216575580930413447340842901102477660390401472966195758", "price": "0.2", "size": "5", "side": "BUY", "hash": "84053f4036c109ae094ef16d7203a978668680c7", "best_bid": "0.2", "best_ask": "0.81"}, {"asset_id": "52746868720512831930937381090439675672168331234410876842855597733534043852645", "price": "0.8", "size": "5", "side": "SELL", "hash": "88ee1ad6b3c33d671f82f1c6bf8def097f832de8", "best_bid": "0.19", "best_ask": "0.8"}], "timestamp": "1769384086500", "event_type": "price_change"}}
{"_local_timestamp": "2026-01-25T23:34:46.800623+00:00", "data": {"market": "0xfb9209dfaa7d37d1467c798b93a71c7f094d0c9483ce891cc8932e9bbafbb8ab", "price_changes": [{"asset_id": "19386621984632854446011216575580930413447340842901102477660390401472966195758", "price": "0.2", "size": "10", "side": "BUY", "hash": "dc2c55513f05d88b88d413bd9355e921db72955a", "best_bid": "0.2", "best_ask": "0.81"}, {"asset_id": "52746868720512831930937381090439675672168331234410876842855597733534043852645", "price": "0.8", "size": "10", "side": "SELL", "hash": "5fa737790ca3992be359637050daf8ff786562f0", "best_bid": "0.19", "best_ask": "0.8"}], "timestamp": "1769384086733", "event_type": "price_change"}}
{"_local_timestamp": "2026-01-25T23:34:46.841501+00:00", "data": {"market": "0xfb9209dfaa7d37d1467c798b93a71c7f094d0c9483ce891cc8932e9bbafbb8ab", "price_changes": [{"asset_id": "52746868720512831930937381090439675672168331234410876842855597733534043852645", "price": "0.2", "size": "150", "side": "BUY", "hash": "3db79269bc717f158c0044726dafc99e75a9fb4c", "best_bid": "0.2", "best_ask": "0.8"}, {"asset_id": "19386621984632854446011216575580930413447340842901102477660390401472966195758", "price": "0.8", "size": "150", "side": "SELL", "hash": "c7f794b8f6bf68bcc403b51ade54c5d93a913376", "best_bid": "0.2", "best_ask": "0.8"}], "timestamp": "1769384086775", "event_type": "price_change"}}
{"_local_timestamp": "2026-01-25T23:34:46.844918+00:00", "data": {"market": "0xfb9209dfaa7d37d1467c798b93a71c7f094d0c9483ce891cc8932e9bbafbb8ab", "price_changes": [{"asset_id": "19386621984632854446011216575580930413447340842901102477660390401472966195758", "price": "0.21", "size": "150", "side": "BUY", "hash": "b26bd7757b3f616a90a07400d2e65387087dc70d", "best_bid": "0.21", "best_ask": "0.8"}, {"asset_id": "52746868720512831930937381090439675672168331234410876842855597733534043852645", "price": "0.79", "size": "150", "side": "SELL", "hash": "58c1a64bad199097ee60c78e2c0e2d8cc2a98760", "best_bid": "0.2", "best_ask": "0.79"}], "timestamp": "1769384086776", "event_type": "price_change"}}
{"_local_timestamp": "2026-01-25T23:34:47.465261+00:00", "data": {"market": "0xfb9209dfaa7d37d1467c798b93a71c7f094d0c9483ce891cc8932e9bbafbb8ab", "price_changes": [{"asset_id": "52746868720512831930937381090439675672168331234410876842855597733534043852645", "price": "0.19", "size": "5", "side": "BUY", "hash": "a14e2f04097ad8159b8ba6fa1092b694ea1f1360", "best_bid": "0.2", "best_ask": "0.79"}, {"asset_id": "19386621984632854446011216575580930413447340842901102477660390401472966195758", "price": "0.81", "size": "5", "side": "SELL", "hash": "88e0a225fe56289a4e57e3abebd92d843741117f", "best_bid": "0.21", "best_ask": "0.8"}], "timestamp": "1769384087403", "event_type": "price_change"}}
{"_local_timestamp": "2026-01-25T23:34:47.472957+00:00", "data": {"market": "0xfb9209dfaa7d37d1467c798b93a71c7f094d0c9483ce891cc8932e9bbafbb8ab", "price_changes": [{"asset_id": "19386621984632854446011216575580930413447340842901102477660390401472966195758", "price": "0.2", "size": "5", "side": "BUY", "hash": "2dd414129502197f898f5a557cfc5d0fcc266797", "best_bid": "0.21", "best_ask": "0.8"}, {"asset_id": "52746868720512831930937381090439675672168331234410876842855597733534043852645", "price": "0.8", "size": "5", "side": "SELL", "hash": "9d121b2c410a7420031b93ae8dcf49a2d2885040", "best_bid": "0.2", "best_ask": "0.79"}], "timestamp": "1769384087408", "event_type": "price_change"}}
{"_local_timestamp": "2026-01-25T23:34:48.213128+00:00", "data": {"market": "0xfb9209dfaa7d37d1467c798b93a71c7f094d0c9483ce891cc8932e9bbafbb8ab", "price_changes": [{"asset_id": "52746868720512831930937381090439675672168331234410876842855597733534043852645", "price": "0.19", "size": "0", "side": "BUY", "hash": "5f32a049cb1fdd2480aa63e12bb9f64144d8333c", "best_bid": "0.2", "best_ask": "0.79"}, {"asset_id": "19386621984632854446011216575580930413447340842901102477660390401472966195758", "price": "0.81", "size": "0", "side": "SELL", "hash": "f7f16cb7faf58d31cd60a69c04811d2decf8cedf", "best_bid": "0.21", "best_ask": "0.8"}], "timestamp": "1769384088141", "event_type": "price_change"}}
{"_local_timestamp": "2026-01-25T23:34:49.576439+00:00", "data": {"market": "0xfb9209dfaa7d37d1467c798b93a71c7f094d0c9483ce891cc8932e9bbafbb8ab", "price_changes": [{"asset_id": "19386621984632854446011216575580930413447340842901102477660390401472966195758", "price": "0.2", "size": "0", "side": "BUY", "hash": "816a7f8268dad954399eb2f0db0cc90b97a01fc7", "best_bid": "0.21", "best_ask": "0.8"}, {"asset_id": "52746868720512831930937381090439675672168331234410876842855597733534043852645", "price": "0.8", "size": "0", "side": "SELL", "hash": "082c1c8da61f60bf42494db3e496186497f3c026", "best_bid": "0.2", "best_ask": "0.79"}], "timestamp": "1769384089508", "event_type": "price_change"}}
{"_local_timestamp": "2026-01-25T23:34:51.979150+00:00", "data": {"market": "0xfb9209dfaa7d37d1467c798b93a71c7f094d0c9483ce891cc8932e9bbafbb8ab", "price_changes": [{"asset_id": "52746868720512831930937381090439675672168331234410876842855597733534043852645", "price": "0.2", "size": "0", "side": "BUY", "hash": "c927d465d3221942d850196fb29794c4274b04fe", "best_bid": "0.14", "best_ask": "0.79"}, {"asset_id": "19386621984632854446011216575580930413447340842901102477660390401472966195758", "price": "0.8", "size": "0", "side": "SELL", "hash": "2430ac37a3e53a9a4ff20cce88b81b5c34d549a7", "best_bid": "0.21", "best_ask": "0.86"}], "timestamp": "1769384091911", "event_type": "price_change"}}
{"_local_timestamp": "2026-01-25T23:34:51.979829+00:00", "data": {"market": "0xfb9209dfaa7d37d1467c798b93a71c7f094d0c9483ce891cc8932e9bbafbb8ab", "price_changes": [{"asset_id": "19386621984632854446011216575580930413447340842901102477660390401472966195758", "price": "0.21", "size": "0", "side": "BUY", "hash": "380bbe555fa882f9a45168ad810c985549580173", "best_bid": "0.19", "best_ask": "0.86"}, {"asset_id": "52746868720512831930937381090439675672168331234410876842855597733534043852645", "price": "0.79", "size": "0", "side": "SELL", "hash": "dd5d62514538fa8756e6f9c6e666369c9a06ed75", "best_bid": "0.14", "best_ask": "0.81"}], "timestamp": "1769384091911", "event_type": "price_change"}}
{"_local_timestamp": "2026-01-25T23:34:52.221628+00:00", "data": {"market": "0xfb9209dfaa7d37d1467c798b93a71c7f094d0c9483ce891cc8932e9bbafbb8ab", "price_changes": [{"asset_id": "19386621984632854446011216575580930413447340842901102477660390401472966195758", "price": "0.2", "size": "150", "side": "BUY", "hash": "cbf2d3014902e0beb159104a4218101a2d508f69", "best_bid": "0.2", "best_ask": "0.86"}, {"asset_id": "52746868720512831930937381090439675672168331234410876842855597733534043852645", "price": "0.8", "size": "150", "side": "SELL", "hash": "5ae9a61b2e0ee81d221c64302cacf579f61618b5", "best_bid": "0.14", "best_ask": "0.8"}], "timestamp": "1769384092146", "event_type": "price_change"}}
{"_local_timestamp": "2026-01-25T23:34:52.222318+00:00", "data": {"market": "0xfb9209dfaa7d37d1467c798b93a71c7f094d0c9483ce891cc8932e9bbafbb8ab", "price_changes": [{"asset_id": "52746868720512831930937381090439675672168331234410876842855597733534043852645", "price": "0.15", "size": "150", "side": "BUY", "hash": "ef3977e2219da7a1c22cbf0ddcdae3f884483f3e", "best_bid": "0.15", "best_ask": "0.8"}, {"asset_id": "19386621984632854446011216575580930413447340842901102477660390401472966195758", "price": "0.85", "size": "150", "side": "SELL", "hash": "8c481947665ef01b9413a0edf4baeb8fe403387e", "best_bid": "0.2", "best_ask": "0.85"}], "timestamp": "1769384092147", "event_type": "price_change"}}
{"_local_timestamp": "2026-01-25T23:34:52.477044+00:00", "data": {"market": "0xfb9209dfaa7d37d1467c798b93a71c7f094d0c9483ce891cc8932e9bbafbb8ab", "price_changes": [{"asset_id": "52746868720512831930937381090439675672168331234410876842855597733534043852645", "price": "0.15", "size": "155", "side": "BUY", "hash": "64d3232353ff3de6a28e733f1b1ca9a6fa6ec5fd", "best_bid": "0.15", "best_ask": "0.8"}, {"asset_id": "19386621984632854446011216575580930413447340842901102477660390401472966195758", "price": "0.85", "size": "155", "side": "SELL", "hash": "73343c9bda1ef38bb31f17527754d277a65a64e7", "best_bid": "0.2", "best_ask": "0.85"}], "timestamp": "1769384092412", "event_type": "price_change"}}
{"_local_timestamp": "2026-01-25T23:34:52.478053+00:00", "data": {"market": "0xfb9209dfaa7d37d1467c798b93a71c7f094d0c9483ce891cc8932e9bbafbb8ab", "price_changes": [{"asset_id": "19386621984632854446011216575580930413447340842901102477660390401472966195758", "price": "0.2", "size": "155", "side": "BUY", "hash": "8b141fa5a7b1fc0b52584e361181911eecf4179e", "best_bid": "0.2", "best_ask": "0.85"}, {"asset_id": "52746868720512831930937381090439675672168331234410876842855597733534043852645", "price": "0.8", "size": "155", "side": "SELL", "hash": "f1d0e0291cc4c5c781fb1bf96d43099586361e18", "best_bid": "0.15", "best_ask": "0.8"}], "timestamp": "1769384092414", "event_type": "price_change"}}
{"_local_timestamp": "2026-01-25T23:34:53.117475+00:00", "data": {"market": "0xfb9209dfaa7d37d1467c798b93a71c7f094d0c9483ce891cc8932e9bbafbb8ab", "price_changes": [{"asset_id": "19386621984632854446011216575580930413447340842901102477660390401472966195758", "price": "0.2", "size": "160", "side": "BUY", "hash": "4761709471bb2a709a5645b081e8c22349b1ef78", "best_bid": "0.2", "best_ask": "0.85"}, {"asset_id": "52746868720512831930937381090439675672168331234410876842855597733534043852645", "price": "0.8", "size": "160", "side": "SELL", "hash": "a147f3ef3ebcb42b11965dd5c81ab4c7f473fd95", "best_bid": "0.15", "best_ask": "0.8"}], "timestamp": "1769384093039", "event_type": "price_change"}}
{"_local_timestamp": "2026-01-25T23:34:53.169331+00:00", "data": {"market": "0xfb9209dfaa7d37d1467c798b93a71c7f094d0c9483ce891cc8932e9bbafbb8ab", "price_changes": [{"asset_id": "52746868720512831930937381090439675672168331234410876842855597733534043852645", "price": "0.15", "size": "160", "side": "BUY", "hash": "1c6344dcddce59bf2fcdbea9b0373669e1332063", "best_bid": "0.15", "best_ask": "0.8"}, {"asset_id": "19386621984632854446011216575580930413447340842901102477660390401472966195758", "price": "0.85", "size": "160", "side": "SELL", "hash": "3019921808ac2650391ba67b53c497c8d3079615", "best_bid": "0.2", "best_ask": "0.85"}], "timestamp": "1769384093104", "event_type": "price_change"}}
