{"_local_timestamp": "2026-01-25T23:41:38.221995+00:00", "data": [{"market": "0x1702e8d5ccc02ac0453133b88d7af4353b57ac0fc689f1912d6d6270e15223fe", "asset_id": "51018254015115449082586930753682363967762202718025251588190475789544800872922", "timestamp": "1769382738349", "hash": "5a5f27e6605e09fc0d327c6eb112bcc880eff74c", "bids": [{"price": "0.01", "size": "3629.25"}, {"price": "0.02", "size": "63.18"}, {"price": "0.05", "size": "100"}, {"price": "0.06", "size": "79"}, {"price": "0.07", "size": "164.34"}], "asks": [{"price": "0.99", "size": "616.59"}, {"price": "0.98", "size": "86.1"}, {"price": "0.97", "size": "66"}, {"price": "0.96", "size": "135.96"}, {"price": "0.95", "size": "20"}, {"price": "0.94", "size": "38.47"}], "event_type": "book", "last_trade_price": ""}, {"market": "0x736e6e691a17710fac034eef131b329d55db0715944b75aacb8f90661cee01f1", "asset_id": "20292389979741653837182560157546446816371987985863564728759279897826805664506", "timestamp": "1769383654093", "hash": "cfa29b308e72e4ce4e2e0e1251d020a9319cb073", "bids": [{"price": "0.01", "size": "3629.25"}, {"price": "0.02", "size": "63.18"}, {"price": "0.05", "size": "100"}, {"price": "0.06", "size": "79"}, {"price": "0.07", "size": "164.34"}], "asks": [{"price": "0.99", "size": "616.59"}, {"price": "0.98", "size": "86.1"}, {"price": "0.97", "size": "66"}, {"price": "0.96", "size": "135.96"}, {"price": "0.95", "size": "20"}, {"price": "0.94", "size": "38.47"}], "event_type": "book", "last_trade_price": ""}, {"market": "0x5790524db5fbf31c541f05078f87a2c83c4308af586be63c0a2461fbfc8d2a5a", "asset_id": "115786164929453296663934669016988351464471085182728937111332086967971130384163", "timestamp": "1769382736247", "hash": "e873bd2267a4e99b86e4758cf479094c66f4bf46", "bids": [{"price": "0.01", "size": "616.59"}, {"price": "0.02", "size": "86.1"}, {"price": "0.03", "size": "66"}, {"price": "0.04", "size": "135.96"}, {"price": "0.05", "size": "20"}, {"price": "0.06", "size": "38.47"}], "asks": [{"price": "0.99", "size": "3629.25"}, {"price": "0.98", "size": "63.18"}, {"price": "0.95", "size": "100"}, {"price": "0.94", "size": "79"}, {"price": "0.93", "size": "164.34"}], "event_type": "book", "last_trade_price": ""}, {"market": "0x736e6e691a17710fac034eef131b329d55db0715944b75aacb8f90661cee01f1", "asset_id": "88607206744689969344546379365530985734977205383997287401947348967643475166941", "timestamp": "1769383654093", "hash": "17a9644ec71d7f7283eae879d04de4420ef5aa1e", "bids": [{"price": "0.01", "size": "616.59"}, {"price": "0.02", "size": "86.1"}, {"price": "0.03", "size": "66"}, {"price": "0.04", "size": "135.96"}, {"price": "0.05", "size": "20"}, {"price": "0.06", "size": "38.47"}], "asks": [{"price": "0.99", "size": "3629.25"}, {"price": "0.98", "size": "63.18"}, {"price": "0.95", "size": "100"}, {"price": "0.94", "size": "79"}, {"price": "0.93", "size": "164.34"}], "event_type": "book", "last_trade_price": ""}, {"market": "0x5790524db5fbf31c541f05078f87a2c83c4308af586be63c0a2461fbfc8d2a5a", "asset_id": "26948510751096654616455759093147976277980940981753004571499413995114099526104", "timestamp": "1769382736247", "hash": "bfb2835659789845b4f77262f0af664129dfc909", "bids": [{"price": "0.01", "size": "3629.25"}, {"price": "0.02", "size": "63.18"}, {"price": "0.05", "size": "100"}, {"price": "0.06", "size": "79"}, {"price": "0.07", "size": "164.34"}], "asks": [{"price": "0.99", "size": "616.59"}, {"price": "0.98", "size": "86.1"}, {"price": "0.97", "size": "66"}, {"price": "0.96", "size": "135.96"}, {"price": "0.95", "size": "20"}, {"price": "0.94", "size": "38.47"}], "event_type": "book", "last_trade_price": ""}, {"market": "0x1702e8d5ccc02ac0453133b88d7af4353b57ac0fc689f1912d6d6270e15223fe", "asset_id": "64455830937844346285199541545836774070210942089260851991342087336231052853126", "timestamp": "1769382738349", "hash": "7d1e0338ac4f8fa08ea8c02969ecc2378c935f76", "bids": [{"price": "0.01", "size": "616.59"}, {"price": "0.02", "size": "86.1"}, {"price": "0.03", "size": "66"}, {"price": "0.04", "size": "135.96"}, {"price": "0.05", "size": "20"}, {"price": "0.06", "size": "38.47"}], "asks": [{"price": "0.99", "size": "3629.25"}, {"price": "0.98", "size": "63.18"}, {"price": "0.95", "size": "100"}, {"price": "0.94", "size": "79"}, {"price": "0.93", "size": "164.34"}], "event_type": "book", "last_trade_price": ""}]}
