{"_local_timestamp": "2026-01-25T23:41:31.686330+00:00", "data": [{"market": "0x0afc4d2093cff8baeaa7b33f6eb24d3711f1817e34f302e07639624a2fc45671", "asset_id": "103741584079655631857282006778581503825593592250485623397294746066620890036363", "timestamp": "1769383922708", "hash": "4017ce7ad7eb113aaa72f463dc18ac9910088325", "bids": [{"price": "0.01", "size": "464.92"}, {"price": "0.02", "size": "241.17"}, {"price": "0.03", "size": "24.24"}, {"price": "0.04", "size": "5.47"}], "asks": [{"price": "0.99", "size": "285.01"}, {"price": "0.98", "size": "32.49"}], "event_type": "book", "last_trade_price": ""}, {"market": "0xca19c7bedcd0d7ce23211967a918bb480579423bc9b72f33c1f7033d774b5a95", "asset_id": "1557628227062347041434860590691043532871376095358248347000330642043329511692", "timestamp": "1769382484884", "hash": "0368b3ed5907a1919b227538f759d3f6476b56f7", "bids": [{"price": "0.01", "size": "472.04"}, {"price": "0.02", "size": "147.48"}, {"price": "0.03", "size": "19"}, {"price": "0.04", "size": "5.47"}], "asks": [{"price": "0.99", "size": "285.01"}, {"price": "0.98", "size": "32.49"}], "event_type": "book", "last_trade_price": ""}, {"market": "0x12cdd33775c31de38b7decafd87a64f2d1583333311d29822ce1005ab55ed527", "asset_id": "75994345844791562028473705153960678062413874077791957022189794840530619796510", "timestamp": "1769382483675", "hash": "7dd54d2fff60ea3bb59aa3adecc28fc15ce907e6", "bids": [{"price": "0.01", "size": "285.01"}, {"price": "0.02", "size": "32.49"}], "asks": [{"price": "0.99", "size": "472.04"}, {"price": "0.98", "size": "249.27"}, {"price": "0.97", "size": "22.6"}], "event_type": "book", "last_trade_price": ""}, {"market": "0x7769d46b49947a2c7a4bbdaca79aa5f0cc8f75ae528a618866ba38941abe4a46", "asset_id": "73846961373712035122587514121802899873771465590596070515340568479609096957369", "timestamp": "1769382483676", "hash": "b31749850794e8214d677f0df4879f897f2aaf60", "bids": [{"price": "0.01", "size": "614.79"}, {"price": "0.02", "size": "26.16"}, {"price": "0.05", "size": "125"}, {"price": "0.06", "size": "43.95"}], "asks": [{"price": "0.99", "size": "618.81"}, {"price": "0.98", "size": "25.56"}, {"price": "0.97", "size": "66"}, {"price": "0.96", "size": "149"}, {"price": "0.95", "size": "46.01"}], "event_type": "book", "last_trade_price": ""}, {"market": "0x12cdd33775c31de38b7decafd87a64f2d1583333311d29822ce1005ab55ed527", "asset_id": "63882224692721206483296336221684937366602470391411462088714375035903684578709", "timestamp": "1769382483675", "hash": "64a95fa2f37d23744f8dd000cf45718a44bd8e91", "bids": [{"price": "0.01", "size": "472.04"}, {"price": "0.02", "size": "249.27"}, {"price": "0.03", "size": "22.6"}], "asks": [{"price": "0.99", "size": "285.01"}, {"price": "0.98", "size": "32.49"}], "event_type": "book", "last_trade_price": ""}, {"market": "0x7769d46b49947a2c7a4bbdaca79aa5f0cc8f75ae528a618866ba38941abe4a46", "asset_id": "77558995992596238167846083018719488675076612223623411493843103326791825878699", "timestamp": "1769382483676", "hash": "7ccbf995eedc766d228925c2c5c3054da20288ae", "bids": [{"price": "0.01", "size": "618.81"}, {"price": "0.02", "size": "25.56"}, {"price": "0.03", "size": "66"}, {"price": "0.04", "size": "149"}, {"price": "0.05", "size": "46.01"}], "asks": [{"price": "0.99", "size": "614.79"}, {"price": "0.98", "size": "26.16"}, {"price": "0.95", "size": "125"}, {"price": "0.94", "size": "43.95"}], "event_type": "book", "last_trade_price": ""}, {"market": "0x361c75d339ef9e97ebc28139cf20f3a268359ddb6923df258bce56a95c5413b1", "asset_id": "114219653803337823838748027974545782411589813252200108539135026406469515889516", "timestamp": "1769382483672", "hash": "7e35ed4b133596422a69d1a81d7beb4813c68659", "bids": [{"price": "0.01", "size": "385.01"}, {"price": "0.02", "size": "32.49"}], "asks": [{"price": "0.99", "size": "473.4"}, {"price": "0.98", "size": "241.17"}, {"price": "0.97", "size": "21.41"}, {"price": "0.96", "size": "5.47"}], "event_type": "book", "last_trade_price": ""}, {"market": "0xca19c7bedcd0d7ce23211967a918bb480579423bc9b72f33c1f7033d774b5a95", "asset_id": "50288048065436638380293664512021015972112401818887118656765555146452920162721", "timestamp": "1769382484884", "hash": "0264566614168d2532a9accd3a3cad4964de2582", "bids": [{"price": "0.01", "size": "285.01"}, {"price": "0.02", "size": "32.49"}], "asks": [{"price": "0.99", "size": "472.04"}, {"price": "0.98", "size": "147.48"}, {"price": "0.97", "size": "19"}, {"price": "0.96", "size": "5.47"}], "event_type": "book", "last_trade_price": ""}, {"market": "0x0afc4d2093cff8baeaa7b33f6eb24d3711f1817e34f302e07639624a2fc45671", "asset_id": "73463746553855378548856656839517472896591594495338515843628791362050316045463", "timestamp": "1769383922708", "hash": "a73cf95c6d9daea2b4ab446e11c951349e01089b", "bids": [{"price": "0.01", "size": "285.01"}, {"price": "0.02", "size": "32.49"}], "asks": [{"price": "0.99", "size": "464.92"}, {"price": "0.98", "size": "241.17"}, {"price": "0.97", "size": "24.24"}, {"price": "0.96", "size": "5.47"}], "event_type": "book", "last_trade_price": ""}, {"market": "0x361c75d339ef9e97ebc28139cf20f3a268359ddb6923df258bce56a95c5413b1", "asset_id": "64014695616193777857957811145453186314608271048670038362442717590989204251146", "timestamp": "1769382483672", "hash": "129d0346bee0b666b693a83e6764b1593040d1b6", "bids": [{"price": "0.01", "size": "473.4"}, {"price": "0.02", "size": "241.17"}, {"price": "0.03", "size": "21.41"}, {"price": "0.04", "size": "5.47"}], "asks": [{"price": "0.99", "size": "385.01"}, {"price": "0.98", "size": "32.49"}], "event_type": "book", "last_trade_price": ""}]}
