{"_local_timestamp": "2026-01-25T23:34:18.270618+00:00", "data": [{"market": "0x98a8845550c87d4b1abc1e66c4f584345daec664a8f612ac5e8a4f6be24d8c63", "asset_id": "54253130753365813985445241448546825732052187530097374487870035512283694198875", "timestamp": "1769382484882", "hash": "cd62057c38d397c83e90db08be62062721ad4f8d", "bids": [{"price": "0.01", "size": "468.81"}, {"price": "0.02", "size": "158.94"}, {"price": "0.03", "size": "156.38"}, {"price": "0.04", "size": "15.75"}], "asks": [{"price": "0.99", "size": "450"}, {"price": "0.98", "size": "275"}], "event_type": "book", "last_trade_price": ""}, {"market": "0x9409e55502f1e4128e1e2f70d76849538bb6e4f787617106e1b010c8de41823e", "asset_id": "61435849671229306383454576698634553090373397926931870054869429158331399267567", "timestamp": "1769382484882", "hash": "328d8224d76ec98c38c8f58641d98c1bf0715634", "bids": [{"price": "0.01", "size": "550"}, {"price": "0.02", "size": "375"}], "asks": [{"price": "0.99", "size": "466.74"}, {"price": "0.98", "size": "158.94"}, {"price": "0.97", "size": "160.35"}, {"price": "0.95", "size": "11.73"}], "event_type": "book", "last_trade_price": ""}, {"market": "0xb861d604bf8c97254ecc5176b092903bf1c23531369f4bdde35b6e2b7e93801f", "asset_id": "61890950232752820636050954025414190779401612548297046561396719735677123450478", "timestamp": "1769382804701", "hash": "d981605cd8b9d18f024352f96c8635203200a643", "bids": [{"price": "0.01", "size": "468.81"}, {"price": "0.02", "size": "158.94"}, {"price": "0.03", "size": "156.38"}, {"price": "0.04", "size": "15.75"}], "asks": [{"price": "0.99", "size": "450"}, {"price": "0.98", "size": "275"}], "event_type": "book", "last_trade_price": ""}, {"market": "0x5767505390aa144a4fe923fd3fe28ebacea1619d44632fbfae87e076d66aaad6", "asset_id": "76104601711121397303408354039351476827551565164422416798823619200372009880958", "timestamp": "1769383123102", "hash": "db89aa0dee8eb76d4a136c5daa4c5448bf202d98", "bids": [{"price": "0.01", "size": "468.81"}, {"price": "0.02", "size": "158.94"}, {"price": "0.03", "size": "154.4"}, {"price": "0.04", "size": "11.77"}, {"price": "0.05", "size": "5.47"}], "asks": [{"price": "0.99", "size": "450"}, {"price": "0.98", "size": "375"}], "event_type": "book", "last_trade_price": ""}, {"market": "0xb861d604bf8c97254ecc5176b092903bf1c23531369f4bdde35b6e2b7e93801f", "asset_id": "17240712889240112082017025802379327803523632231751327281923470996362443690988", "timestamp": "1769382804701", "hash": "99cf5e52967f7e665a8473cc462eaa7786b5d92c", "bids": [{"price": "0.01", "size": "450"}, {"price": "0.02", "size": "275"}], "asks": [{"price": "0.99", "size": "468.81"}, {"price": "0.98", "size": "158.94"}, {"price": "0.97", "size": "156.38"}, {"price": "0.96", "size": "15.75"}], "event_type": "book", "last_trade_price": ""}, {"market": "0x98a8845550c87d4b1abc1e66c4f584345daec664a8f612ac5e8a4f6be24d8c63", "asset_id": "42460399375915196719473693007208064792280602809586080066679356645448407812870", "timestamp": "1769382484882", "hash": "0169adca79a14d61e8b80b4ac540f7230f2f479b", "bids": [{"price": "0.01", "size": "450"}, {"price": "0.02", "size": "275"}], "asks": [{"price": "0.99", "size": "468.81"}, {"price": "0.98", "size": "158.94"}, {"price": "0.97", "size": "156.38"}, {"price": "0.96", "size": "15.75"}], "event_type": "book", "last_trade_price": ""}, {"market": "0x5767505390aa144a4fe923fd3fe28ebacea1619d44632fbfae87e076d66aaad6", "asset_id": "104753283618199202798172478865217002468666834130051353137334636901587476621319", "timestamp": "1769383123102", "hash": "afdf7995884dc5b8b64dbf23bce05758fedbb641", "bids": [{"price": "0.01", "size": "450"}, {"price": "0.02", "size": "375"}], "asks": [{"price": "0.99", "size": "468.81"}, {"price": "0.98", "size": "158.94"}, {"price": "0.97", "size": "154.4"}, {"price": "0.96", "size": "11.77"}, {"price": "0.95", "size": "5.47"}], "event_type": "book", "last_trade_price": ""}, {"market": "0x7904d9eb6dccd6b6c4ac5c27f1721e489cefc8458f6b25b8518d2d59a4f334a1", "asset_id": "5025841571485339960021267150562698866669284070580301287641608928843532688554", "timestamp": "1769382483681", "hash": "165e8921ecc748710172739a30c2d21c1427b5dc", "bids": [{"price": "0.01", "size": "614.79"}, {"price": "0.02", "size": "157.03"}, {"price": "0.03", "size": "12.75"}, {"price": "0.05", "size": "125"}, {"price": "0.06", "size": "43.95"}], "asks": [{"price": "0.99", "size": "618.81"}, {"price": "0.98", "size": "158.94"}, {"price": "0.97", "size": "11.07"}, {"price": "0.96", "size": "135"}, {"price": "0.95", "size": "126.01"}], "event_type": "book", "last_trade_price": ""}, {"market": "0x7904d9eb6dccd6b6c4ac5c27f1721e489cefc8458f6b25b8518d2d59a4f334a1", "asset_id": "37582703963561242026005295493710448680014127287002964763643157542719674372574", "timestamp": "1769382483681", "hash": "4fa7f5757d84452a6c92068242e5204ad81ddf59", "bids": [{"price": "0.01", "size": "618.81"}, {"price": "0.02", "size": "158.94"}, {"price": "0.03", "size": "11.07"}, {"price": "0.04", "size": "135"}, {"price": "0.05", "size": "126.01"}], "asks": [{"price": "0.99", "size": "614.79"}, {"price": "0.98", "size": "157.03"}, {"price": "0.97", "size": "12.75"}, {"price": "0.95", "size": "125"}, {"price": "0.94", "size": "43.95"}], "event_type": "book", "last_trade_price": ""}, {"market": "0x9409e55502f1e4128e1e2f70d76849538bb6e4f787617106e1b010c8de41823e", "asset_id": "108454909932573361420626750589462327374284882031596269235263984243415221929396", "timestamp": "1769382484882", "hash": "f57b978955716245b3f0619dc1001366adc5516a", "bids": [{"price": "0.01", "size": "466.74"}, {"price": "0.02", "size": "158.94"}, {"price": "0.03", "size": "160.35"}, {"price": "0.05", "size": "11.73"}], "asks": [{"price": "0.99", "size": "550"}, {"price": "0.98", "size": "375"}], "event_type": "book", "last_trade_price": ""}]}
