{"_local_timestamp": "2026-01-25T23:34:20.680885+00:00", "data": [{"market": "0x99041e8557fdd96fff6b6d44ef8390a9974c625f1429e40f8770666108093d42", "asset_id": "99353514423860217502420126494502274336765228252213529647071820790330103564461", "timestamp": "1769382484886", "hash": "e264f045c7f5080d727161dadc819e7e98688fa5", "bids": [{"price": "0.01", "size": "614.79"}, {"price": "0.02", "size": "157.03"}, {"price": "0.03", "size": "12.74"}, {"price": "0.05", "size": "125"}, {"price": "0.06", "size": "43.95"}], "asks": [{"price": "0.99", "size": "618.81"}, {"price": "0.98", "size": "158.94"}, {"price": "0.97", "size": "11.07"}, {"price": "0.96", "size": "135"}, {"price": "0.95", "size": "126.01"}], "event_type": "book", "last_trade_price": ""}, {"market": "0x6867a34f76ea1954aa9ccd4e097d274d3b3185ad842a85b8b3471df802c8f898", "asset_id": "98670037088233048337805960399291055032120169866934516693573554616797708404392", "timestamp": "1769382720240", "hash": "f5aacc2129c83f708cf2e82697f8bdbcfd895f3e", "bids": [{"price": "0.01", "size": "450"}, {"price": "0.02", "size": "275"}], "asks": [{"price": "0.99", "size": "466.74"}, {"price": "0.98", "size": "158.94"}, {"price": "0.97", "size": "160.35"}, {"price": "0.95", "size": "11.73"}], "event_type": "book", "last_trade_price": ""}, {"market": "0xbeb6dbafd92c6dc0882c147b4bdd3b1af93df129d39228f8a69900f2b0ddb6ae", "asset_id": "38615731629282730636324221501136837478395191322114181395926586855662528371247", "timestamp": "1769382630021", "hash": "aed4effa8e032417825840392a919adb6c889aa8", "bids": [{"price": "0.01", "size": "466.74"}, {"price": "0.02", "size": "158.94"}, {"price": "0.03", "size": "160.35"}, {"price": "0.04", "size": "7.83"}, {"price": "0.05", "size": "5.47"}], "asks": [{"price": "0.99", "size": "450"}, {"price": "0.98", "size": "275"}], "event_type": "book", "last_trade_price": ""}, {"market": "0x99041e8557fdd96fff6b6d44ef8390a9974c625f1429e40f8770666108093d42", "asset_id": "23817532690696329336421521449867335198755956680365537472420914398957767213779", "timestamp": "1769382484886", "hash": "c0d406ca7439094fec289ae1bbd7a0eb8b8a9128", "bids": [{"price": "0.01", "size": "618.81"}, {"price": "0.02", "size": "158.94"}, {"price": "0.03", "size": "11.07"}, {"price": "0.04", "size": "135"}, {"price": "0.05", "size": "126.01"}], "asks": [{"price": "0.99", "size": "614.79"}, {"price": "0.98", "size": "157.03"}, {"price": "0.97", "size": "12.74"}, {"price": "0.95", "size": "125"}, {"price": "0.94", "size": "43.95"}], "event_type": "book", "last_trade_price": ""}, {"market": "0xbeb6dbafd92c6dc0882c147b4bdd3b1af93df129d39228f8a69900f2b0ddb6ae", "asset_id": "73390236633771907839323530732055813068269391827297582355864308044145272481356", "timestamp": "1769382630021", "hash": "8ea769d8428ded3a2ba360817a5baa15a585319f", "bids": [{"price": "0.01", "size": "450"}, {"price": "0.02", "size": "275"}], "asks": [{"price": "0.99", "size": "466.74"}, {"price": "0.98", "size": "158.94"}, {"price": "0.97", "size": "160.35"}, {"price": "0.96", "size": "7.83"}, {"price": "0.95", "size": "5.47"}], "event_type": "book", "last_trade_price": ""}, {"market": "0x68504ff50fb6b597d43a323d178cb2460f35391c103418b7594cf1d31021d82b", "asset_id": "8847217552759768787369227914488909191887366051366602095916427853618138585504", "timestamp": "1769382483702", "hash": "39d31f031da08ceadbd6e4d51c523d0420db322b", "bids": [{"price": "0.01", "size": "450"}, {"price": "0.02", "size": "375"}], "asks": [{"price": "0.99", "size": "466.74"}, {"price": "0.98", "size": "158.94"}, {"price": "0.97", "size": "160.35"}, {"price": "0.96", "size": "7.83"}, {"price": "0.95", "size": "5.47"}], "event_type": "book", "last_trade_price": ""}, {"market": "0x8d12e09a0f86525968b8fd0fffda2798b1bf59d900593f219741e8584b97bddd", "asset_id": "85264139055573894435523914310476404927992111387050175934054824230590795585023", "timestamp": "1769382483695", "hash": "663f2c41b1974815b7db6a902b1e4c1bb6c0234b", "bids": [{"price": "0.01", "size": "450"}, {"price": "0.02", "size": "275"}], "asks": [{"price": "0.99", "size": "466.74"}, {"price": "0.98", "size": "158.94"}, {"price": "0.97", "size": "160.35"}, {"price": "0.95", "size": "11.73"}], "event_type": "book", "last_trade_price": ""}, {"market": "0x68504ff50fb6b597d43a323d178cb2460f35391c103418b7594cf1d31021d82b", "asset_id": "32070423807304125006721786240148601948578738014821638356807405058188645586700", "timestamp": "1769382483702", "hash": "2d87b747cbbc34148e68bb7327b9ad10b7e4ecde", "bids": [{"price": "0.01", "size": "466.74"}, {"price": "0.02", "size": "158.94"}, {"price": "0.03", "size": "160.35"}, {"price": "0.04", "size": "7.83"}, {"price": "0.05", "size": "5.47"}], "asks": [{"price": "0.99", "size": "450"}, {"price": "0.98", "size": "375"}], "event_type": "book", "last_trade_price": ""}, {"market": "0x6867a34f76ea1954aa9ccd4e097d274d3b3185ad842a85b8b3471df802c8f898", "asset_id": "95750152351211821603870250360804349535300275736063572282500127104415822225267", "timestamp": "1769382720240", "hash": "1a62b584b307f5872d6a9322e5bf54a90963cd59", "bids": [{"price": "0.01", "size": "466.74"}, {"price": "0.02", "size": "158.94"}, {"price": "0.03", "size": "160.35"}, {"price": "0.05", "size": "11.73"}], "asks": [{"price": "0.99", "size": "450"}, {"price": "0.98", "size": "275"}], "event_type": "book", "last_trade_price": ""}, {"market": "0x8d12e09a0f86525968b8fd0fffda2798b1bf59d900593f219741e8584b97bddd", "asset_id": "95595566455210199071946057084696933672159004027941198705370910512170580434633", "timestamp": "1769382483695", "hash": "2387fcf4381ef2921b638b2b0b417c6147a142b3", "bids": [{"price": "0.01", "size": "466.74"}, {"price": "0.02", "size": "158.94"}, {"price": "0.03", "size": "160.35"}, {"price": "0.05", "size": "11.73"}], "asks": [{"price": "0.99", "size": "450"}, {"price": "0.98", "size": "275"}], "event_type": "book", "last_trade_price": ""}]}
