{"_local_timestamp": "2026-01-25T23:41:24.511755+00:00", "data": [{"market": "0x3ec808bd0ec516982e09ffe041952263c68be0ff1f021ffc14d5ca6c30465580", "asset_id": "63446421626014182893253733656169094909238507509640400913570595896726073365661", "timestamp": "1769382484883", "hash": "4fd23b6e92be49c6a5dc67de703841e07b149adc", "bids": [{"price": "0.01", "size": "450"}, {"price": "0.02", "size": "275"}], "asks": [{"price": "0.99", "size": "468.81"}, {"price": "0.98", "size": "158.94"}, {"price": "0.97", "size": "160.07"}, {"price": "0.95", "size": "11.48"}], "event_type": "book", "last_trade_price": ""}, {"market": "0x3ec808bd0ec516982e09ffe041952263c68be0ff1f021ffc14d5ca6c30465580", "asset_id": "96784547529040402058813347245089948897749125686651657704233372676531284209194", "timestamp": "1769382484883", "hash": "d83a53261e9ffba77af779943396313800c8adcb", "bids": [{"price": "0.01", "size": "468.81"}, {"price": "0.02", "size": "158.94"}, {"price": "0.03", "size": "160.07"}, {"price": "0.05", "size": "11.48"}], "asks": [{"price": "0.99", "size": "450"}, {"price": "0.98", "size": "275"}], "event_type": "book", "last_trade_price": ""}, {"market": "0x48e48ff871ce93b08859674e995cf9c6a79d407f2c091f144531d4dc33c063cc", "asset_id": "110201021371879291027318310657518791542296151152663285059601100420953090949766", "timestamp": "1769382483674", "hash": "357c140b8ecd67a1936f6978a1baeca9a8b54eba", "bids": [{"price": "0.01", "size": "450"}, {"price": "0.02", "size": "150"}, {"price": "0.03", "size": "149"}, {"price": "0.04", "size": "50"}, {"price": "0.05", "size": "5.47"}], "asks": [{"price": "0.99", "size": "450"}, {"price": "0.98", "size": "290"}], "event_type": "book", "last_trade_price": ""}, {"market": "0x593ae3413c9a884abceb841a5769aa16791ca88b5f345524c67a600b665950fc", "asset_id": "77483442230097144869767396979655335675242671095151069226378671698279694798628", "timestamp": "1769383123071", "hash": "16ad8ed59ab63073dee61dac6a8ac5f856ab0ab2", "bids": [{"price": "0.01", "size": "450"}, {"price": "0.02", "size": "290"}], "asks": [{"price": "0.99", "size": "450"}, {"price": "0.98", "size": "150"}, {"price": "0.97", "size": "149"}, {"price": "0.96", "size": "5.47"}], "event_type": "book", "last_trade_price": ""}, {"market": "0x2f4190328e1dc35843542713e5f9c1d8337992cdbe93edc665e4a3f9138224e0", "asset_id": "51034865312358037286305844342413941207139635984361552394221407866002277758234", "timestamp": "1769382483680", "hash": "c9a7ca75f72bf1c8e7b1a124182354f4d2558a9f", "bids": [{"price": "0.01", "size": "614.79"}, {"price": "0.02", "size": "157.03"}, {"price": "0.03", "size": "12.74"}, {"price": "0.05", "size": "125"}, {"price": "0.06", "size": "43.95"}], "asks": [{"price": "0.99", "size": "618.81"}, {"price": "0.98", "size": "158.94"}, {"price": "0.97", "size": "11.07"}, {"price": "0.96", "size": "135"}, {"price": "0.95", "size": "126.01"}], "event_type": "book", "last_trade_price": ""}, {"market": "0x3ee6a0d43eeced6ceb8a1cb5c2a3c1f0fe5662da3e9f38d27cf2606aeb05268d", "asset_id": "30555053434134872112866044292530670246021889260518860115955970545263274958591", "timestamp": "1769382484885", "hash": "0831299b2bc194af7c41839301ffd8096e2daba3", "bids": [{"price": "0.01", "size": "468.81"}, {"price": "0.02", "size": "158.94"}, {"price": "0.03", "size": "160.07"}, {"price": "0.05", "size": "11.48"}], "asks": [{"price": "0.99", "size": "450"}, {"price": "0.98", "size": "290"}], "event_type": "book", "last_trade_price": ""}, {"market": "0x3ee6a0d43eeced6ceb8a1cb5c2a3c1f0fe5662da3e9f38d27cf2606aeb05268d", "asset_id": "53300474749067519318675193624625513316228901094175910277001564562015091663719", "timestamp": "1769382484885", "hash": "1f13aced36b42d0c4d32154471ad61a32a39701c", "bids": [{"price": "0.01", "size": "450"}, {"price": "0.02", "size": "290"}], "asks": [{"price": "0.99", "size": "468.81"}, {"price": "0.98", "size": "158.94"}, {"price": "0.97", "size": "160.07"}, {"price": "0.95", "size": "11.48"}], "event_type": "book", "last_trade_price": ""}, {"market": "0x48e48ff871ce93b08859674e995cf9c6a79d407f2c091f144531d4dc33c063cc", "asset_id": "35229077353913931664075784529192148809418552050276174336998573098630617539833", "timestamp": "1769382483674", "hash": "4538ed2f9083b4e2eb15e1d8bc7d97506c7c0d88", "bids": [{"price": "0.01", "size": "450"}, {"price": "0.02", "size": "290"}], "asks": [{"price": "0.99", "size": "450"}, {"price": "0.98", "size": "150"}, {"price": "0.97", "size": "149"}, {"price": "0.96", "size": "50"}, {"price": "0.95", "size": "5.47"}], "event_type": "book", "last_trade_price": ""}, {"market": "0x2f4190328e1dc35843542713e5f9c1d8337992cdbe93edc665e4a3f9138224e0", "asset_id": "74154253028032083266552707733900587097541481959615206456257265462859713004193", "timestamp": "1769382483680", "hash": "6a1736c1eb69fadea73e7fc493112380c8273e76", "bids": [{"price": "0.01", "size": "618.81"}, {"price": "0.02", "size": "158.94"}, {"price": "0.03", "size": "11.07"}, {"price": "0.04", "size": "135"}, {"price": "0.05", "size": "126.01"}], "asks": [{"price": "0.99", "size": "614.79"}, {"price": "0.98", "size": "157.03"}, {"price": "0.97", "size": "12.74"}, {"price": "0.95", "size": "125"}, {"price": "0.94", "size": "43.95"}], "event_type": "book", "last_trade_price": ""}, {"market": "0x593ae3413c9a884abceb841a5769aa16791ca88b5f345524c67a600b665950fc", "asset_id": "106006305289848863515610675781796901471721646582872926051160720590989137307414", "timestamp": "1769383123071", "hash": "40375855b22f9dde98b7c38bb7ae4a7d9832e1f2", "bids": [{"price": "0.01", "size": "450"}, {"price": "0.02", "size": "150"}, {"price": "0.03", "size": "149"}, {"price": "0.04", "size": "5.47"}], "asks": [{"price": "0.99", "size": "450"}, {"price": "0.98", "size": "290"}], "event_type": "book", "last_trade_price": ""}]}
