{"_local_timestamp": "2026-01-25T23:41:38.456972+00:00", "data": [{"market": "0x3ecb47b0cea36d9cbcd21613405a2715aee8bf6b47deee70e6a9443a75884bda", "asset_id": "44427903100973009256248542386663848509435154312296037314589299687761755577254", "timestamp": "1769383654979", "hash": "f1da4bd99be3814ebde8fee12e91091a19d60177", "bids": [{"price": "0.01", "size": "616.59"}, {"price": "0.02", "size": "86.1"}, {"price": "0.03", "size": "66"}, {"price": "0.04", "size": "135.96"}, {"price": "0.05", "size": "20"}, {"price": "0.06", "size": "38.47"}], "asks": [{"price": "0.99", "size": "3626.45"}, {"price": "0.98", "size": "38.6"}, {"price": "0.97", "size": "16.08"}, {"price": "0.95", "size": "100"}, {"price": "0.94", "size": "147"}, {"price": "0.93", "size": "45.87"}, {"price": "0.92", "size": "79"}], "event_type": "book", "last_trade_price": ""}, {"market": "0xb6ad1114d79bfea9a358b9570c9b1059fc1265d6b891fb4ce0c655b2310a008d", "asset_id": "57798774286188643548974928560647000656308315212202583907208061777578287407426", "timestamp": "1769383654096", "hash": "e2f9911d69ced54c2fa6b2f3c3fad80fb7f90f23", "bids": [{"price": "0.01", "size": "3626.45"}, {"price": "0.02", "size": "62.72"}, {"price": "0.05", "size": "100"}, {"price": "0.06", "size": "147"}, {"price": "0.07", "size": "45.87"}, {"price": "0.08", "size": "79"}], "asks": [{"price": "0.99", "size": "616.59"}, {"price": "0.98", "size": "86.1"}, {"price": "0.97", "size": "66"}, {"price": "0.96", "size": "135.96"}, {"price": "0.95", "size": "20"}, {"price": "0.94", "size": "38.47"}], "event_type": "book", "last_trade_price": ""}, {"market": "0xbfe1dd0b4367f9485d01f4a8e96f960ac8cbb82eac36d4a4acd7a686eb9885cd", "asset_id": "24021840637808569671826365616126486209983939381273898858381391222923405520653", "timestamp": "1769383658787", "hash": "4536b6a76b2c645d885417b51334440638156516", "bids": [{"price": "0.01", "size": "3626.45"}, {"price": "0.02", "size": "62.72"}, {"price": "0.05", "size": "100"}, {"price": "0.06", "size": "147"}, {"price": "0.07", "size": "45.87"}, {"price": "0.08", "size": "79"}], "asks": [{"price": "0.99", "size": "616.59"}, {"price": "0.98", "size": "86.1"}, {"price": "0.97", "size": "66"}, {"price": "0.96", "size": "135.96"}, {"price": "0.95", "size": "20"}, {"price": "0.94", "size": "38.47"}], "event_type": "book", "last_trade_price": ""}, {"market": "0x3ecb47b0cea36d9cbcd21613405a2715aee8bf6b47deee70e6a9443a75884bda", "asset_id": "16375645975364853939509756867299785145213615095326504394304958126638455762176", "timestamp": "1769383654979", "hash": "c11f2bfa75257a808db256eed8e16aab33f1ee63", "bids": [{"price": "0.01", "size": "3626.45"}, {"price": "0.02", "size": "38.6"}, {"price": "0.03", "size": "16.08"}, {"price": "0.05", "size": "100"}, {"price": "0.06", "size": "147"}, {"price": "0.07", "size": "45.87"}, {"price": "0.08", "size": "79"}], "asks": [{"price": "0.99", "size": "616.59"}, {"price": "0.98", "size": "86.1"}, {"price": "0.97", "size": "66"}, {"price": "0.96", "size": "135.96"}, {"price": "0.95", "size": "20"}, {"price": "0.94", "size": "38.47"}], "event_type": "book", "last_trade_price": ""}, {"market": "0xb6ad1114d79bfea9a358b9570c9b1059fc1265d6b891fb4ce0c655b2310a008d", "asset_id": "104440556680444004856524128887456433290666792048990331075638054136701585975777", "timestamp": "1769383654096", "hash": "da1e296d312ad6212b708f48bae574db9b0c0629", "bids": [{"price": "0.01", "size": "616.59"}, {"price": "0.02", "size": "86.1"}, {"price": "0.03", "size": "66"}, {"price": "0.04", "size": "135.96"}, {"price": "0.05", "size": "20"}, {"price": "0.06", "size": "38.47"}], "asks": [{"price": "0.99", "size": "3626.45"}, {"price": "0.98", "size": "62.72"}, {"price": "0.95", "size": "100"}, {"price": "0.94", "size": "147"}, {"price": "0.93", "size": "45.87"}, {"price": "0.92", "size": "79"}], "event_type": "book", "last_trade_price": ""}, {"market": "0xbfe1dd0b4367f9485d01f4a8e96f960ac8cbb82eac36d4a4acd7a686eb9885cd", "asset_id": "103511520868728691427922601976859844615653703457629832314053692377669208815097", "timestamp": "1769383658787", "hash": "36d429e8f7629a643bc6259e589d24519e38a5db", "bids": [{"price": "0.01", "size": "616.59"}, {"price": "0.02", "size": "86.1"}, {"price": "0.03", "size": "66"}, {"price": "0.04", "size": "135.96"}, {"price": "0.05", "size": "20"}, {"price": "0.06", "size": "38.47"}], "asks": [{"price": "0.99", "size": "3626.45"}, {"price": "0.98", "size": "62.72"}, {"price": "0.95", "size": "100"}, {"price": "0.94", "size": "147"}, {"price": "0.93", "size": "45.87"}, {"price": "0.92", "size": "79"}], "event_type": "book", "last_trade_price": ""}]}
