{"_local_timestamp": "2026-01-25T23:40:31.897559+00:00", "data": [{"market": "0xae1d21f8632f37e11493fef7307b4d09c6b27697be5c820806a840559b1b2e06", "asset_id": "6282889705019268501830975677564258188191770886711457649647605609853326924852", "timestamp": "1769384389196", "hash": "1afb9743e476b61d9e75d8ac0ece8a53d6656ae7", "bids": [{"price": "0.01", "size": "310007.85"}, {"price": "0.02", "size": "405011.38"}, {"price": "0.04", "size": "20000"}, {"price": "0.05", "size": "3049.27"}, {"price": "0.06", "size": "100000"}, {"price": "0.09", "size": "405.1"}, {"price": "0.13", "size": "261.53"}, {"price": "0.14", "size": "1142"}, {"price": "0.17", "size": "188.23"}, {"price": "0.18", "size": "893.39"}, {"price": "0.19", "size": "2210"}, {"price": "0.21", "size": "133.33"}, {"price": "0.26", "size": "100"}, {"price": "0.27", "size": "50"}, {"price": "0.3", "size": "180"}, {"price": "0.34", "size": "58.82"}, {"price": "0.35", "size": "5"}, {"price": "0.57", "size": "100"}, {"price": "0.58", "size": "20"}, {"price": "0.7", "size": "5"}, {"price": "0.8", "size": "10"}, {"price": "0.81", "size": "211"}, {"price": "0.84", "size": "185.16"}], "asks": [{"price": "0.99", "size": "110000"}, {"price": "0.98", "size": "11.25"}, {"price": "0.97", "size": "4000"}, {"price": "0.96", "size": "257.44"}, {"price": "0.93", "size": "6.81"}, {"price": "0.92", "size": "10"}, {"price": "0.87", "size": "611"}, {"price": "0.86", "size": "953.18"}], "event_type": "book", "last_trade_price": "0.160"}, {"market": "0xae1d21f8632f37e11493fef7307b4d09c6b27697be5c820806a840559b1b2e06", "asset_id": "70179930004460104520571721963263381325865077807861641105900318902168490512539", "timestamp": "1769384389196", "hash": "dfc91c357fd5276596c14fd9bd1e81c1810a514e", "bids": [{"price": "0.01", "size": "110000"}, {"price": "0.02", "size": "11.25"}, {"price": "0.03", "size": "4000"}, {"price": "0.04", "size": "257.44"}, {"price": "0.07", "size": "6.81"}, {"price": "0.08", "size": "10"}, {"price": "0.13", "size": "611"}, {"price": "0.14", "size": "953.18"}], "asks": [{"price": "0.99", "size": "310007.85"}, {"price": "0.98", "size": "405011.38"}, {"price": "0.96", "size": "20000"}, {"price": "0.95", "size": "3049.27"}, {"price": "0.94", "size": "100000"}, {"price": "0.91", "size": "405.1"}, {"price": "0.87", "size": "261.53"}, {"price": "0.86", "size": "1142"}, {"price": "0.83", "size": "188.23"}, {"price": "0.82", "size": "893.39"}, {"price": "0.81", "size": "2210"}, {"price": "0.79", "size": "133.33"}, {"price": "0.74", "size": "100"}, {"price": "0.73", "size": "50"}, {"price": "0.7", "size": "180"}, {"price": "0.66", "size": "58.82"}, {"price": "0.65", "size": "5"}, {"price": "0.43", "size": "100"}, {"price": "0.42", "size": "20"}, {"price": "0.3", "size": "5"}, {"price": "0.2", "size": "10"}, {"price": "0.19", "size": "211"}, {"price": "0.16", "size": "185.16"}], "event_type": "book", "last_trade_price": "0.160"}, {"market": "0x44b642636473fb07f0c2319a1d25729a36134969076ffdbb8979cbfdda612b14", "asset_id": "5210147086444382339849101722545511095151948730486562412029285471203011774407", "timestamp": "1769384384866", "hash": "74ebc79458cbd80151eb6d88de6b52b6ff6f4cc9", "bids": [{"price": "0.01", "size": "210009.74"}, {"price": "0.02", "size": "400000"}, {"price": "0.03", "size": "9.11"}, {"price": "0.05", "size": "10"}, {"price": "0.07", "size": "20000"}, {"price": "0.08", "size": "450"}, {"price": "0.09", "size": "70000"}, {"price": "0.1", "size": "3020"}, {"price": "0.11", "size": "5.72"}, {"price": "0.13", "size": "261.53"}, {"price": "0.16", "size": "30000"}, {"price": "0.17", "size": "188.23"}, {"price": "0.18", "size": "888"}, {"price": "0.19", "size": "2210"}, {"price": "0.21", "size": "133.33"}, {"price": "0.26", "size": "100"}, {"price": "0.27", "size": "50"}, {"price": "0.3", "size": "80"}, {"price": "0.34", "size": "58.82"}, {"price": "0.35", "size": "10"}, {"price": "0.8", "size": "322"}, {"price": "0.81", "size": "100"}, {"price": "0.82", "size": "352.22"}], "asks": [{"price": "0.99", "size": "110006.63"}, {"price": "0.98", "size": "5008.85"}, {"price": "0.97", "size": "5011.11"}, {"price": "0.96", "size": "250"}, {"price": "0.95", "size": "14.23"}, {"price": "0.94", "size": "20"}, {"price": "0.9", "size": "7.11"}, {"price": "0.89", "size": "264.4"}, {"price": "0.87", "size": "642.5"}, {"price": "0.86", "size": "369.91"}, {"price": "0.85", "size": "124.41"}, {"price": "0.84", "size": "13.41"}], "event_type": "book", "last_trade_price": "0.160"}, {"market": "0x44b642636473fb07f0c2319a1d25729a36134969076ffdbb8979cbfdda612b14", "asset_id": "31436003141911636826257012170104365274669938022228084492450613161428480917013", "timestamp": "1769384384866", "hash": "dca09078a380ac4935d95fbebbbc74a5d2149f67", "bids": [{"price": "0.01", "size": "110006.63"}, {"price": "0.02", "size": "5008.85"}, {"price": "0.03", "size": "5011.11"}, {"price": "0.04", "size": "250"}, {"price": "0.05", "size": "14.23"}, {"price": "0.06", "size": "20"}, {"price": "0.1", "size": "7.11"}, {"price": "0.11", "size": "264.4"}, {"price": "0.13", "size": "642.5"}, {"price": "0.14", "size": "369.91"}, {"price": "0.15", "size": "124.41"}, {"price": "0.16", "size": "13.41"}], "asks": [{"price": "0.99", "size": "210009.74"}, {"price": "0.98", "size": "400000"}, {"price": "0.97", "size": "9.11"}, {"price": "0.95", "size": "10"}, {"price": "0.93", "size": "20000"}, {"price": "0.92", "size": "450"}, {"price": "0.91", "size": "70000"}, {"price": "0.9", "size": "3020"}, {"price": "0.89", "size": "5.72"}, {"price": "0.87", "size": "261.53"}, {"price": "0.84", "size": "30000"}, {"price": "0.83", "size": "188.23"}, {"price": "0.82", "size": "888"}, {"price": "0.81", "size": "2210"}, {"price": "0.79", "size": "133.33"}, {"price": "0.74", "size": "100"}, {"price": "0.73", "size": "50"}, {"price": "0.7", "size": "80"}, {"price": "0.66", "size": "58.82"}, {"price": "0.65", "size": "10"}, {"price": "0.2", "size": "322"}, {"price": "0.19", "size": "100"}, {"price": "0.18", "size": "352.22"}], "event_type": "book", "last_trade_price": "0.160"}]}
{"_local_timestamp": "2026-01-25T23:40:41.531383+00:00", "data": {"market": "0xae1d21f8632f37e11493fef7307b4d09c6b27697be5c820806a840559b1b2e06", "price_changes": [{"asset_id": "70179930004460104520571721963263381325865077807861641105900318902168490512539", "price": "0.08", "size": "0", "side": "BUY", "hash": "55259ae24c346afb5acc425091fa426cfd0a96be", "best_bid": "0.14", "best_ask": "0.16"}, {"asset_id": "6282889705019268501830975677564258188191770886711457649647605609853326924852", "price": "0.92", "size": "0", "side": "SELL", "hash": "a8796e24c5e1f3d2b8d371feb685ededd7750a52", "best_bid": "0.84", "best_ask": "0.86"}], "timestamp": "1769384441460", "event_type": "price_change"}}
{"_local_timestamp": "2026-01-25T23:40:41.619139+00:00", "data": {"market": "0xae1d21f8632f37e11493fef7307b4d09c6b27697be5c820806a840559b1b2e06", "price_changes": [{"asset_id": "70179930004460104520571721963263381325865077807861641105900318902168490512539", "price": "0.07", "size": "16.81", "side": "BUY", "hash": "a859ea66434cc8c279012b1bfde0f92096e05be0", "best_bid": "0.14", "best_ask": "0.16"}, {"asset_id": "6282889705019268501830975677564258188191770886711457649647605609853326924852", "price": "0.93", "size": "16.81", "side": "SELL", "hash": "f564ed730280a005406b8a422fd89fd96213d6c4", "best_bid": "0.84", "best_ask": "0.86"}], "timestamp": "1769384441555", "event_type": "price_change"}}
{"_local_timestamp": "2026-01-25T23:40:41.706423+00:00", "data": {"market": "0xae1d21f8632f37e11493fef7307b4d09c6b27697be5c820806a840559b1b2e06", "price_changes": [{"asset_id": "6282889705019268501830975677564258188191770886711457649647605609853326924852", "price": "0.8", "size": "0", "side": "BUY", "hash": "cb44ee1a75cabe917e7d1e51c847359b67b04a8d", "best_bid": "0.84", "best_ask": "0.86"}, {"asset_id": "70179930004460104520571721963263381325865077807861641105900318902168490512539", "price": "0.2", "size": "0", "side": "SELL", "hash": "931df0bc2c0750bcb69ad1d5fbe3311786ace539", "best_bid": "0.14", "best_ask": "0.16"}], "timestamp": "1769384441639", "event_type": "price_change"}}
{"_local_timestamp": "2026-01-25T23:40:41.865286+00:00", "data": {"market": "0xae1d21f8632f37e11493fef7307b4d09c6b27697be5c820806a840559b1b2e06", "price_changes": [{"asset_id": "6282889705019268501830975677564258188191770886711457649647605609853326924852", "price": "0.71", "size": "10", "side": "BUY", "hash": "3a0842e996f00a72d3062fc26c53202926d8c67b", "best_bid": "0.84", "best_ask": "0.86"}, {"asset_id": "70179930004460104520571721963263381325865077807861641105900318902168490512539", "price": "0.29", "size": "10", "side": "SELL", "hash": "09a4a830e2f624127c8a8282eef6a45cf2fc7a98", "best_bid": "0.14", "best_ask": "0.16"}], "timestamp": "1769384441789", "event_type": "price_change"}}
{"_local_timestamp": "2026-01-25T23:40:44.177146+00:00", "data": {"market": "0xae1d21f8632f37e11493fef7307b4d09c6b27697be5c820806a840559b1b2e06", "price_changes": [{"asset_id": "6282889705019268501830975677564258188191770886711457649647605609853326924852", "price": "0.58", "size": "0", "side": "BUY", "hash": "7f0e27ecd32c8c21f5a043aaa6ed81ea395bb7cf", "best_bid": "0.84", "best_ask": "0.86"}, {"asset_id": "70179930004460104520571721963263381325865077807861641105900318902168490512539", "price": "0.42", "size": "0", "side": "SELL", "hash": "851cda6d77699cf7db1a8a203238c6741891c33a", "best_bid": "0.14", "best_ask": "0.16"}], "timestamp": "1769384444104", "event_type": "price_change"}}
{"_local_timestamp": "2026-01-25T23:40:44.202291+00:00", "data": {"market": "0xae1d21f8632f37e11493fef7307b4d09c6b27697be5c820806a840559b1b2e06", "price_changes": [{"asset_id": "6282889705019268501830975677564258188191770886711457649647605609853326924852", "price": "0.72", "size": "20", "side": "BUY", "hash": "a6308cf166a6310e69f765e68c128604ce0178ac", "best_bid": "0.84", "best_ask": "0.86"}, {"asset_id": "70179930004460104520571721963263381325865077807861641105900318902168490512539", "price": "0.28", "size": "20", "side": "SELL", "hash": "22b3146f3644afbc5148f6ab2603365569fb3086", "best_bid": "0.14", "best_ask": "0.16"}], "timestamp": "1769384444131", "event_type": "price_change"}}
{"_local_timestamp": "2026-01-25T23:41:14.665928+00:00", "data": {"market": "0x44b642636473fb07f0c2319a1d25729a36134969076ffdbb8979cbfdda612b14", "price_changes": [{"asset_id": "5210147086444382339849101722545511095151948730486562412029285471203011774407", "price": "0.19", "size": "0", "side": "BUY", "hash": "6bc0dcab3c4f213d4948a2cf79bb06c3a91dce62", "best_bid": "0.82", "best_ask": "0.84"}, {"asset_id": "31436003141911636826257012170104365274669938022228084492450613161428480917013", "price": "0.81", "size": "0", "side": "SELL", "hash": "ebdadcc899587787cc15959a6f82f9ce88011dea", "best_bid": "0.16", "best_ask": "0.18"}], "timestamp": "1769384474531", "event_type": "price_change"}}
{"_local_timestamp": "2026-01-25T23:41:14.780724+00:00", "data": {"market": "0xae1d21f8632f37e11493fef7307b4d09c6b27697be5c820806a840559b1b2e06", "price_changes": [{"asset_id": "6282889705019268501830975677564258188191770886711457649647605609853326924852", "price": "0.82", "size": "200", "side": "BUY", "hash": "fbd242c8f7954d37e8f226c8da2bb6b33a10b06b", "best_bid": "0.84", "best_ask": "0.86"}, {"asset_id": "70179930004460104520571721963263381325865077807861641105900318902168490512539", "price": "0.18", "size": "200", "side": "SELL", "hash": "050e976be383e7edb774886c6df0ba8bedf14cc9", "best_bid": "0.14", "best_ask": "0.16"}], "timestamp": "1769384474559", "event_type": "price_change"}}
{"_local_timestamp": "2026-01-25T23:41:14.783719+00:00", "data": {"market": "0x44b642636473fb07f0c2319a1d25729a36134969076ffdbb8979cbfdda612b14", "price_changes": [{"asset_id": "31436003141911636826257012170104365274669938022228084492450613161428480917013", "price": "0.14", "size": "769.91", "side": "BUY", "hash": "f60858c8f1f672352fdb16a0739e63c2477912d1", "best_bid": "0.16", "best_ask": "0.18"}, {"asset_id": "5210147086444382339849101722545511095151948730486562412029285471203011774407", "price": "0.86", "size": "769.91", "side": "SELL", "hash": "90e7ca37f9e0855b0fef1444a6e041f9af1d4b28", "best_bid": "0.82", "best_ask": "0.84"}], "timestamp": "1769384474559", "event_type": "price_change"}}
{"_local_timestamp": "2026-01-25T23:41:14.784497+00:00", "data": {"market": "0xae1d21f8632f37e11493fef7307b4d09c6b27697be5c820806a840559b1b2e06", "price_changes": [{"asset_id": "6282889705019268501830975677564258188191770886711457649647605609853326924852", "price": "0.73", "size": "400", "side": "BUY", "hash": "fb60c4df02b4f756e09747fc672051b5fdae4260", "best_bid": "0.84", "best_ask": "0.86"}, {"asset_id": "70179930004460104520571721963263381325865077807861641105900318902168490512539", "price": "0.27", "size": "400", "side": "SELL", "hash": "98c64eadb4d628e928e50a79f21353c9ce89f1ba", "best_bid": "0.14", "best_ask": "0.16"}], "timestamp": "1769384474560", "event_type": "price_change"}}
{"_local_timestamp": "2026-01-25T23:41:14.797494+00:00", "data": {"market": "0x44b642636473fb07f0c2319a1d25729a36134969076ffdbb8979cbfdda612b14", "price_changes": [{"asset_id": "31436003141911636826257012170104365274669938022228084492450613161428480917013", "price": "0.12", "size": "400", "side": "BUY", "hash": "1de46bc74c5a0d486005ec2797b2a3b10d58e678", "best_bid": "0.16", "best_ask": "0.18"}, {"asset_id": "5210147086444382339849101722545511095151948730486562412029285471203011774407", "price": "0.88", "size": "400", "side": "SELL", "hash": "67759d19950036c9709886b2d12ec7c38900fc76", "best_bid": "0.82", "best_ask": "0.84"}], "timestamp": "1769384474560", "event_type": "price_change"}}
{"_local_timestamp": "2026-01-25T23:41:16.135671+00:00", "data": {"market": "0xae1d21f8632f37e11493fef7307b4d09c6b27697be5c820806a840559b1b2e06", "price_changes": [{"asset_id": "6282889705019268501830975677564258188191770886711457649647605609853326924852", "price": "0.72", "size": "0", "side": "BUY", "hash": "c4e9fba815ff799d788c5a9e325e2c8911562f01", "best_bid": "0.84", "best_ask": "0.86"}, {"asset_id": "70179930004460104520571721963263381325865077807861641105900318902168490512539", "price": "0.28", "size": "0", "side": "SELL", "hash": "8a0844d70ee78dadcaa145bf9408a64c2a2d9646", "best_bid": "0.14", "best_ask": "0.16"}], "timestamp": "1769384476043", "event_type": "price_change"}}
{"_local_timestamp": "2026-01-25T23:41:16.181845+00:00", "data": {"market": "0xae1d21f8632f37e11493fef7307b4d09c6b27697be5c820806a840559b1b2e06", "price_changes": [{"asset_id": "6282889705019268501830975677564258188191770886711457649647605609853326924852", "price": "0.74", "size": "20", "side": "BUY", "hash": "a4561cc7abc1fe27e976b885cfac69b91570bea9", "best_bid": "0.84", "best_ask": "0.86"}, {"asset_id": "70179930004460104520571721963263381325865077807861641105900318902168490512539", "price": "0.26", "size": "20", "side": "SELL", "hash": "cc5a5758c0875104bad4e9ea9c1c6afcae3a6809", "best_bid": "0.14", "best_ask": "0.16"}], "timestamp": "1769384476077", "event_type": "price_change"}}
{"_local_timestamp": "2026-01-25T23:41:23.228005+00:00", "data": {"market": "0xae1d21f8632f37e11493fef7307b4d09c6b27697be5c820806a840559b1b2e06", "price_changes": [{"asset_id": "6282889705019268501830975677564258188191770886711457649647605609853326924852", "price": "0.81", "size": "231", "side": "BUY", "hash": "2febdca89253252ef76aea25cc6e0a8b2887b7eb", "best_bid": "0.84", "best_ask": "0.86"}, {"asset_id": "70179930004460104520571721963263381325865077807861641105900318902168490512539", "price": "0.19", "size": "231", "side": "SELL", "hash": "1f317b6494724974a22c660cc986799b6a3aab8d", "best_bid": "0.14", "best_ask": "0.16"}], "timestamp": "1769384483114", "event_type": "price_change"}}
{"_local_timestamp": "2026-01-25T23:41:28.214454+00:00", "data": {"market": "0x44b642636473fb07f0c2319a1d25729a36134969076ffdbb8979cbfdda612b14", "price_changes": [{"asset_id": "31436003141911636826257012170104365274669938022228084492450613161428480917013", "price": "0.13", "size": "662.5", "side": "BUY", "hash": "b2dccb00f4e853290222ed924bd696cf709bff9e", "best_bid": "0.16", "best_ask": "0.18"}, {"asset_id": "5210147086444382339849101722545511095151948730486562412029285471203011774407", "price": "0.87", "size": "662.5", "side": "SELL", "hash": "e2ec6476c8fd3945fc55ac53e0dda16260f828c5", "best_bid": "0.82", "best_ask": "0.84"}], "timestamp": "1769384488111", "event_type": "price_change"}}
{"_local_timestamp": "2026-01-25T23:41:36.831357+00:00", "data": {"market": "0xae1d21f8632f37e11493fef7307b4d09c6b27697be5c820806a840559b1b2e06", "price_changes": [{"asset_id": "6282889705019268501830975677564258188191770886711457649647605609853326924852", "price": "0.82", "size": "0", "side": "BUY", "hash": "b0007127f01178c22ad401e8d3be7e359d4659c9", "best_bid": "0.84", "best_ask": "0.86"}, {"asset_id": "70179930004460104520571721963263381325865077807861641105900318902168490512539", "price": "0.18", "size": "0", "side": "SELL", "hash": "efcacf1b03789a29a0f7196b8414498e70fe9f52", "best_bid": "0.14", "best_ask": "0.16"}], "timestamp": "1769384496701", "event_type": "price_change"}}
{"_local_timestamp": "2026-01-25T23:41:36.832054+00:00", "data": {"market": "0xae1d21f8632f37e11493fef7307b4d09c6b27697be5c820806a840559b1b2e06", "price_changes": [{"asset_id": "6282889705019268501830975677564258188191770886711457649647605609853326924852", "price": "0.73", "size": "0", "side": "BUY", "hash": "b0007127f01178c22ad401e8d3be7e359d4659c9", "best_bid": "0.84", "best_ask": "0.86"}, {"asset_id": "70179930004460104520571721963263381325865077807861641105900318902168490512539", "price": "0.27", "size": "0", "side": "SELL", "hash": "efcacf1b03789a29a0f7196b8414498e70fe9f52", "best_bid": "0.14", "best_ask": "0.16"}], "timestamp": "1769384496701", "event_type": "price_change"}}
{"_local_timestamp": "2026-01-25T23:41:36.839595+00:00", "data": {"market": "0x44b642636473fb07f0c2319a1d25729a36134969076ffdbb8979cbfdda612b14", "price_changes": [{"asset_id": "31436003141911636826257012170104365274669938022228084492450613161428480917013", "price": "0.13", "size": "262.5", "side": "BUY", "hash": "5999a0698c8c94dc8457935c92f6509802fb5259", "best_bid": "0.16", "best_ask": "0.18"}, {"asset_id": "5210147086444382339849101722545511095151948730486562412029285471203011774407", "price": "0.87", "size": "262.5", "side": "SELL", "hash": "bfe86def530e5bba59fef3f04df083f277f3b08f", "best_bid": "0.82", "best_ask": "0.84"}], "timestamp": "1769384496701", "event_type": "price_change"}}
{"_local_timestamp": "2026-01-25T23:41:36.839925+00:00", "data": {"market": "0x44b642636473fb07f0c2319a1d25729a36134969076ffdbb8979cbfdda612b14", "price_changes": [{"asset_id": "31436003141911636826257012170104365274669938022228084492450613161428480917013", "price": "0.14", "size": "369.91", "side": "BUY", "hash": "5999a0698c8c94dc8457935c92f6509802fb5259", "best_bid": "0.16", "best_ask": "0.18"}, {"asset_id": "5210147086444382339849101722545511095151948730486562412029285471203011774407", "price": "0.86", "size": "369.91", "side": "SELL", "hash": "bfe86def530e5bba59fef3f04df083f277f3b08f", "best_bid": "0.82", "best_ask": "0.84"}], "timestamp": "1769384496701", "event_type": "price_change"}}
{"_local_timestamp": "2026-01-25T23:41:36.840182+00:00", "data": {"market": "0x44b642636473fb07f0c2319a1d25729a36134969076ffdbb8979cbfdda612b14", "price_changes": [{"asset_id": "31436003141911636826257012170104365274669938022228084492450613161428480917013", "price": "0.12", "size": "0", "side": "BUY", "hash": "5999a0698c8c94dc8457935c92f6509802fb5259", "best_bid": "0.16", "best_ask": "0.18"}, {"asset_id": "5210147086444382339849101722545511095151948730486562412029285471203011774407", "price": "0.88", "size": "0", "side": "SELL", "hash": "bfe86def530e5bba59fef3f04df083f277f3b08f", "best_bid": "0.82", "best_ask": "0.84"}], "timestamp": "1769384496701", "event_type": "price_change"}}
{"_local_timestamp": "2026-01-25T23:41:39.486068+00:00", "data": {"market": "0xae1d21f8632f37e11493fef7307b4d09c6b27697be5c820806a840559b1b2e06", "price_changes": [{"asset_id": "6282889705019268501830975677564258188191770886711457649647605609853326924852", "price": "0.74", "size": "0", "side": "BUY", "hash": "144149962373898bf8187563b54cb485895ca65d", "best_bid": "0.84", "best_ask": "0.86"}, {"asset_id": "70179930004460104520571721963263381325865077807861641105900318902168490512539", "price": "0.26", "size": "0", "side": "SELL", "hash": "9aab230145bc0be7baeff81cea9508e1fec6bd10", "best_bid": "0.14", "best_ask": "0.16"}], "timestamp": "1769384499336", "event_type": "price_change"}}
{"_local_timestamp": "2026-01-25T23:41:39.518644+00:00", "data": {"market": "0xae1d21f8632f37e11493fef7307b4d09c6b27697be5c820806a840559b1b2e06", "price_changes": [{"asset_id": "6282889705019268501830975677564258188191770886711457649647605609853326924852", "price": "0.72", "size": "20", "side": "BUY", "hash": "0b5547f27d441e47bbd8aeaaa776c98dc2595ea6", "best_bid": "0.84", "best_ask": "0.86"}, {"asset_id": "70179930004460104520571721963263381325865077807861641105900318902168490512539", "price": "0.28", "size": "20", "side": "SELL", "hash": "c7285ab658ef78fdbdad7c1de0f248de9d00b320", "best_bid": "0.14", "best_ask": "0.16"}], "timestamp": "1769384499372", "event_type": "price_change"}}
{"_local_timestamp": "2026-01-25T23:41:47.734844+00:00", "data": {"market": "0xae1d21f8632f37e11493fef7307b4d09c6b27697be5c820806a840559b1b2e06", "price_changes": [{"asset_id": "6282889705019268501830975677564258188191770886711457649647605609853326924852", "price": "0.71", "size": "0", "side": "BUY", "hash": "da4a79b0faf57782783d2c59488e4f756dafe912", "best_bid": "0.84", "best_ask": "0.86"}, {"asset_id": "70179930004460104520571721963263381325865077807861641105900318902168490512539", "price": "0.29", "size": "0", "side": "SELL", "hash": "9c504462715a392f7e7da613c07bad122fa76466", "best_bid": "0.14", "best_ask": "0.16"}], "timestamp": "1769384507662", "event_type": "price_change"}}
{"_local_timestamp": "2026-01-25T23:41:47.826545+00:00", "data": {"market": "0xae1d21f8632f37e11493fef7307b4d09c6b27697be5c820806a840559b1b2e06", "price_changes": [{"asset_id": "6282889705019268501830975677564258188191770886711457649647605609853326924852", "price": "0.73", "size": "10", "side": "BUY", "hash": "354770d6c27453c996445eb90f514f0b890cd147", "best_bid": "0.84", "best_ask": "0.86"}, {"asset_id": "70179930004460104520571721963263381325865077807861641105900318902168490512539", "price": "0.27", "size": "10", "side": "SELL", "hash": "bef234f39117af06c16516028fa4b98f20944068", "best_bid": "0.14", "best_ask": "0.16"}], "timestamp": "1769384507757", "event_type": "price_change"}}
{"_local_timestamp": "2026-01-25T23:41:48.618347+00:00", "data": {"market": "0xae1d21f8632f37e11493fef7307b4d09c6b27697be5c820806a840559b1b2e06", "price_changes": [{"asset_id": "6282889705019268501830975677564258188191770886711457649647605609853326924852", "price": "0.72", "size": "0", "side": "BUY", "hash": "909da8a738adaba84c8f609c9b27aa18e65e39b9", "best_bid": "0.84", "best_ask": "0.86"}, {"asset_id": "70179930004460104520571721963263381325865077807861641105900318902168490512539", "price": "0.28", "size": "0", "side": "SELL", "hash": "5a13c4c7f3456b43fef6efde7a6894f8116c5d84", "best_bid": "0.14", "best_ask": "0.16"}], "timestamp": "1769384508550", "event_type": "price_change"}}
{"_local_timestamp": "2026-01-25T23:41:48.651650+00:00", "data": {"market": "0xae1d21f8632f37e11493fef7307b4d09c6b27697be5c820806a840559b1b2e06", "price_changes": [{"asset_id": "6282889705019268501830975677564258188191770886711457649647605609853326924852", "price": "0.74", "size": "20", "side": "BUY", "hash": "0b86b50b75589ff83b5e1bf89a683f14ecfaafbc", "best_bid": "0.84", "best_ask": "0.86"}, {"asset_id": "70179930004460104520571721963263381325865077807861641105900318902168490512539", "price": "0.26", "size": "20", "side": "SELL", "hash": "3c76c80ef30ea14b76a4e05854cd1b2776db4a62", "best_bid": "0.14", "best_ask": "0.16"}], "timestamp": "1769384508577", "event_type": "price_change"}}
{"_local_timestamp": "2026-01-25T23:42:10.056292+00:00", "data": {"market": "0x44b642636473fb07f0c2319a1d25729a36134969076ffdbb8979cbfdda612b14", "price_changes": [{"asset_id": "31436003141911636826257012170104365274669938022228084492450613161428480917013", "price": "0.05", "size": "6.93", "side": "BUY", "hash": "3c6d889f4d92640bfeb047ed22bd18054b09c832", "best_bid": "0.16", "best_ask": "0.18"}, {"asset_id": "5210147086444382339849101722545511095151948730486562412029285471203011774407", "price": "0.95", "size": "6.93", "side": "SELL", "hash": "5091d9aa921302d3647a9f019603c1217d4d368b", "best_bid": "0.82", "best_ask": "0.84"}], "timestamp": "1769384529970", "event_type": "price_change"}}
{"_local_timestamp": "2026-01-25T23:42:10.062836+00:00", "data": {"market": "0x44b642636473fb07f0c2319a1d25729a36134969076ffdbb8979cbfdda612b14", "price_changes": [{"asset_id": "31436003141911636826257012170104365274669938022228084492450613161428480917013", "price": "0.1", "size": "0", "side": "BUY", "hash": "3c6d889f4d92640bfeb047ed22bd18054b09c832", "best_bid": "0.16", "best_ask": "0.18"}, {"asset_id": "5210147086444382339849101722545511095151948730486562412029285471203011774407", "price": "0.9", "size": "0", "side": "SELL", "hash": "5091d9aa921302d3647a9f019603c1217d4d368b", "best_bid": "0.82", "best_ask": "0.84"}], "timestamp": "1769384529970", "event_type": "price_change"}}
{"_local_timestamp": "2026-01-25T23:42:10.063298+00:00", "data": {"market": "0xae1d21f8632f37e11493fef7307b4d09c6b27697be5c820806a840559b1b2e06", "price_changes": [{"asset_id": "6282889705019268501830975677564258188191770886711457649647605609853326924852", "price": "0.02", "size": "405000", "side": "BUY", "hash": "7cca91608c1bfe551588408123d999496be34d7c", "best_bid": "0.84", "best_ask": "0.86"}, {"asset_id": "70179930004460104520571721963263381325865077807861641105900318902168490512539", "price": "0.98", "size": "405000", "side": "SELL", "hash": "3335f54e4968c43c23349dba4e907803831b627a", "best_bid": "0.14", "best_ask": "0.16"}], "timestamp": "1769384529970", "event_type": "price_change"}}
{"_local_timestamp": "2026-01-25T23:42:10.063872+00:00", "data": {"market": "0xae1d21f8632f37e11493fef7307b4d09c6b27697be5c820806a840559b1b2e06", "price_changes": [{"asset_id": "6282889705019268501830975677564258188191770886711457649647605609853326924852", "price": "0.05", "size": "3044", "side": "BUY", "hash": "7cca91608c1bfe551588408123d999496be34d7c", "best_bid": "0.84", "best_ask": "0.86"}, {"asset_id": "70179930004460104520571721963263381325865077807861641105900318902168490512539", "price": "0.95", "size": "3044", "side": "SELL", "hash": "3335f54e4968c43c23349dba4e907803831b627a", "best_bid": "0.14", "best_ask": "0.16"}], "timestamp": "1769384529970", "event_type": "price_change"}}
{"_local_timestamp": "2026-01-25T23:42:10.064208+00:00", "data": {"market": "0xae1d21f8632f37e11493fef7307b4d09c6b27697be5c820806a840559b1b2e06", "price_changes": [{"asset_id": "6282889705019268501830975677564258188191770886711457649647605609853326924852", "price": "0.09", "size": "400", "side": "BUY", "hash": "7cca91608c1bfe551588408123d999496be34d7c", "best_bid": "0.84", "best_ask": "0.86"}, {"asset_id": "70179930004460104520571721963263381325865077807861641105900318902168490512539", "price": "0.91", "size": "400", "side": "SELL", "hash": "3335f54e4968c43c23349dba4e907803831b627a", "best_bid": "0.14", "best_ask": "0.16"}], "timestamp": "1769384529970", "event_type": "price_change"}}
{"_local_timestamp": "2026-01-25T23:42:12.692271+00:00", "data": {"market": "0x44b642636473fb07f0c2319a1d25729a36134969076ffdbb8979cbfdda612b14", "price_changes": [{"asset_id": "31436003141911636826257012170104365274669938022228084492450613161428480917013", "price": "0.07", "size": "15.38", "side": "BUY", "hash": "dd77bab53f3b0c8772646954b9e6ca8cd29527b8", "best_bid": "0.16", "best_ask": "0.18"}, {"asset_id": "5210147086444382339849101722545511095151948730486562412029285471203011774407", "price": "0.93", "size": "15.38", "side": "SELL", "hash": "53d0ccf438e9212e1f51268a632957486cb894a6", "best_bid": "0.82", "best_ask": "0.84"}], "timestamp": "1769384532623", "event_type": "price_change"}}
{"_local_timestamp": "2026-01-25T23:42:12.692653+00:00", "data": {"market": "0xae1d21f8632f37e11493fef7307b4d09c6b27697be5c820806a840559b1b2e06", "price_changes": [{"asset_id": "6282889705019268501830975677564258188191770886711457649647605609853326924852", "price": "0.03", "size": "9.49", "side": "BUY", "hash": "ff4042125ee65a36360d52e8e37f2e80652c5669", "best_bid": "0.84", "best_ask": "0.86"}, {"asset_id": "70179930004460104520571721963263381325865077807861641105900318902168490512539", "price": "0.97", "size": "9.49", "side": "SELL", "hash": "d50c972110faf9c5aa1f397176a0bb82431dd778", "best_bid": "0.14", "best_ask": "0.16"}], "timestamp": "1769384532623", "event_type": "price_change"}}
{"_local_timestamp": "2026-01-25T23:42:12.694843+00:00", "data": {"market": "0xae1d21f8632f37e11493fef7307b4d09c6b27697be5c820806a840559b1b2e06", "price_changes": [{"asset_id": "6282889705019268501830975677564258188191770886711457649647605609853326924852", "price": "0.07", "size": "8.34", "side": "BUY", "hash": "b44c8925682782fd87d7d63093519644da5d2244", "best_bid": "0.84", "best_ask": "0.86"}, {"asset_id": "70179930004460104520571721963263381325865077807861641105900318902168490512539", "price": "0.93", "size": "8.34", "side": "SELL", "hash": "c3d4f820c418e8d52d503fb5d256c0361974aec0", "best_bid": "0.14", "best_ask": "0.16"}], "timestamp": "1769384532625", "event_type": "price_change"}}
{"_local_timestamp": "2026-01-25T23:42:12.695207+00:00", "data": {"market": "0xae1d21f8632f37e11493fef7307b4d09c6b27697be5c820806a840559b1b2e06", "price_changes": [{"asset_id": "6282889705019268501830975677564258188191770886711457649647605609853326924852", "price": "0.01", "size": "310016.04", "side": "BUY", "hash": "280dff2de67269f3ae3511b5fcc95ba7fe79322d", "best_bid": "0.84", "best_ask": "0.86"}, {"asset_id": "70179930004460104520571721963263381325865077807861641105900318902168490512539", "price": "0.99", "size": "310016.04", "side": "SELL", "hash": "3bb3e90d1683ec5b78772aa4846426325317acd7", "best_bid": "0.14", "best_ask": "0.16"}], "timestamp": "1769384532626", "event_type": "price_change"}}
{"_local_timestamp": "2026-01-25T23:42:12.839671+00:00", "data": {"market": "0x44b642636473fb07f0c2319a1d25729a36134969076ffdbb8979cbfdda612b14", "price_changes": [{"asset_id": "31436003141911636826257012170104365274669938022228084492450613161428480917013", "price": "0.06", "size": "0", "side": "BUY", "hash": "969b2dff88c131c4ac48ada8c0a26afa472afaa3", "best_bid": "0.16", "best_ask": "0.18"}, {"asset_id": "5210147086444382339849101722545511095151948730486562412029285471203011774407", "price": "0.94", "size": "0", "side": "SELL", "hash": "51358ed0cb04703660daf5e15d99268cf6faa20c", "best_bid": "0.82", "best_ask": "0.84"}], "timestamp": "1769384532772", "event_type": "price_change"}}
{"_local_timestamp": "2026-01-25T23:42:12.883162+00:00", "data": {"market": "0x44b642636473fb07f0c2319a1d25729a36134969076ffdbb8979cbfdda612b14", "price_changes": [{"asset_id": "31436003141911636826257012170104365274669938022228084492450613161428480917013", "price": "0.08", "size": "20", "side": "BUY", "hash": "7a979f616a30e6c5ff6cca169813321c800178d5", "best_bid": "0.16", "best_ask": "0.18"}, {"asset_id": "5210147086444382339849101722545511095151948730486562412029285471203011774407", "price": "0.92", "size": "20", "side": "SELL", "hash": "5caa8ccb7a55d2cb69ae81b95676768d7e420a97", "best_bid": "0.82", "best_ask": "0.84"}], "timestamp": "1769384532802", "event_type": "price_change"}}
{"_local_timestamp": "2026-01-25T23:42:19.380606+00:00", "data": {"market": "0xae1d21f8632f37e11493fef7307b4d09c6b27697be5c820806a840559b1b2e06", "price_changes": [{"asset_id": "6282889705019268501830975677564258188191770886711457649647605609853326924852", "price": "0.57", "size": "0", "side": "BUY", "hash": "15018aa52dea4c342802c86cc80f72e90cddd57c", "best_bid": "0.84", "best_ask": "0.86"}, {"asset_id": "70179930004460104520571721963263381325865077807861641105900318902168490512539", "price": "0.43", "size": "0", "side": "SELL", "hash": "39a22dc0b0bf0ed90220ef575ce594d7379ed6b0", "best_bid": "0.14", "best_ask": "0.16"}], "timestamp": "1769384539311", "event_type": "price_change"}}
{"_local_timestamp": "2026-01-25T23:42:19.381045+00:00", "data": {"market": "0xae1d21f8632f37e11493fef7307b4d09c6b27697be5c820806a840559b1b2e06", "price_changes": [{"asset_id": "6282889705019268501830975677564258188191770886711457649647605609853326924852", "price": "0.3", "size": "80", "side": "BUY", "hash": "15018aa52dea4c342802c86cc80f72e90cddd57c", "best_bid": "0.84", "best_ask": "0.86"}, {"asset_id": "70179930004460104520571721963263381325865077807861641105900318902168490512539", "price": "0.7", "size": "80", "side": "SELL", "hash": "39a22dc0b0bf0ed90220ef575ce594d7379ed6b0", "best_bid": "0.14", "best_ask": "0.16"}], "timestamp": "1769384539311", "event_type": "price_change"}}
{"_local_timestamp": "2026-01-25T23:42:19.717980+00:00", "data": {"market": "0xae1d21f8632f37e11493fef7307b4d09c6b27697be5c820806a840559b1b2e06", "price_changes": [{"asset_id": "6282889705019268501830975677564258188191770886711457649647605609853326924852", "price": "0.6", "size": "100", "side": "BUY", "hash": "85fd2aeb08ce361254db5fbeedb4f8a2b36e15f1", "best_bid": "0.84", "best_ask": "0.86"}, {"asset_id": "70179930004460104520571721963263381325865077807861641105900318902168490512539", "price": "0.4", "size": "100", "side": "SELL", "hash": "b2553b5cae846f6d2ebcb928ea499576ab0651f4", "best_bid": "0.14", "best_ask": "0.16"}], "timestamp": "1769384539649", "event_type": "price_change"}}
{"_local_timestamp": "2026-01-25T23:42:19.733151+00:00", "data": {"market": "0xae1d21f8632f37e11493fef7307b4d09c6b27697be5c820806a840559b1b2e06", "price_changes": [{"asset_id": "6282889705019268501830975677564258188191770886711457649647605609853326924852", "price": "0.35", "size": "105", "side": "BUY", "hash": "1783d879ecb4f5b14895546c755a13efadda6a80", "best_bid": "0.84", "best_ask": "0.86"}, {"asset_id": "70179930004460104520571721963263381325865077807861641105900318902168490512539", "price": "0.65", "size": "105", "side": "SELL", "hash": "d9b62742ea98c8aa8ff8b1f23122293eb31abd9e", "best_bid": "0.14", "best_ask": "0.16"}], "timestamp": "1769384539663", "event_type": "price_change"}}
{"_local_timestamp": "2026-01-25T23:42:19.811683+00:00", "data": {"market": "0xae1d21f8632f37e11493fef7307b4d09c6b27697be5c820806a840559b1b2e06", "price_changes": [{"asset_id": "70179930004460104520571721963263381325865077807861641105900318902168490512539", "price": "0.15", "size": "90.88", "side": "BUY", "hash": "d9e49e8b8f74d91620f7023dddd7974f3734ec58", "best_bid": "0.15", "best_ask": "0.16"}, {"asset_id": "6282889705019268501830975677564258188191770886711457649647605609853326924852", "price": "0.85", "size": "90.88", "side": "SELL", "hash": "191de345f88f6dfba38387f0397ab5d1c5ec791e", "best_bid": "0.84", "best_ask": "0.85"}], "timestamp": "1769384539738", "event_type": "price_change"}}
{"_local_timestamp": "2026-01-25T23:42:19.830718+00:00", "data": {"market": "0x44b642636473fb07f0c2319a1d25729a36134969076ffdbb8979cbfdda612b14", "price_changes": [{"asset_id": "31436003141911636826257012170104365274669938022228084492450613161428480917013", "price": "0.14", "size": "469.91", "side": "BUY", "hash": "674272c2fc648e97e72b3361a34a2133fd9ed0bd", "best_bid": "0.16", "best_ask": "0.18"}, {"asset_id": "5210147086444382339849101722545511095151948730486562412029285471203011774407", "price": "0.86", "size": "469.91", "side": "SELL", "hash": "6f9d20eb49739c1a6e374c999c412acbeb24e2d2", "best_bid": "0.82", "best_ask": "0.84"}], "timestamp": "1769384539763", "event_type": "price_change"}}
{"_local_timestamp": "2026-01-25T23:42:20.123762+00:00", "data": {"market": "0xae1d21f8632f37e11493fef7307b4d09c6b27697be5c820806a840559b1b2e06", "price_changes": [{"asset_id": "6282889705019268501830975677564258188191770886711457649647605609853326924852", "price": "0.17", "size": "0", "side": "BUY", "hash": "ce1b004740c8cc31359c5742dd05251235b79a7c", "best_bid": "0.84", "best_ask": "0.85"}, {"asset_id": "70179930004460104520571721963263381325865077807861641105900318902168490512539", "price": "0.83", "size": "0", "side": "SELL", "hash": "48bdeca9e7c972b7de24f520b3ed994e1e22e1cf", "best_bid": "0.15", "best_ask": "0.16"}], "timestamp": "1769384540054", "event_type": "price_change"}}
{"_local_timestamp": "2026-01-25T23:42:20.124321+00:00", "data": {"market": "0xae1d21f8632f37e11493fef7307b4d09c6b27697be5c820806a840559b1b2e06", "price_changes": [{"asset_id": "6282889705019268501830975677564258188191770886711457649647605609853326924852", "price": "0.09", "size": "0", "side": "BUY", "hash": "ce1b004740c8cc31359c5742dd05251235b79a7c", "best_bid": "0.84", "best_ask": "0.85"}, {"asset_id": "70179930004460104520571721963263381325865077807861641105900318902168490512539", "price": "0.91", "size": "0", "side": "SELL", "hash": "48bdeca9e7c972b7de24f520b3ed994e1e22e1cf", "best_bid": "0.15", "best_ask": "0.16"}], "timestamp": "1769384540054", "event_type": "price_change"}}
{"_local_timestamp": "2026-01-25T23:42:20.125403+00:00", "data": {"market": "0xae1d21f8632f37e11493fef7307b4d09c6b27697be5c820806a840559b1b2e06", "price_changes": [{"asset_id": "6282889705019268501830975677564258188191770886711457649647605609853326924852", "price": "0.34", "size": "0", "side": "BUY", "hash": "ce1b004740c8cc31359c5742dd05251235b79a7c", "best_bid": "0.84", "best_ask": "0.85"}, {"asset_id": "70179930004460104520571721963263381325865077807861641105900318902168490512539", "price": "0.66", "size": "0", "side": "SELL", "hash": "48bdeca9e7c972b7de24f520b3ed994e1e22e1cf", "best_bid": "0.15", "best_ask": "0.16"}], "timestamp": "1769384540054", "event_type": "price_change"}}
{"_local_timestamp": "2026-01-25T23:42:20.125874+00:00", "data": {"market": "0xae1d21f8632f37e11493fef7307b4d09c6b27697be5c820806a840559b1b2e06", "price_changes": [{"asset_id": "6282889705019268501830975677564258188191770886711457649647605609853326924852", "price": "0.3", "size": "0", "side": "BUY", "hash": "ce1b004740c8cc31359c5742dd05251235b79a7c", "best_bid": "0.84", "best_ask": "0.85"}, {"asset_id": "70179930004460104520571721963263381325865077807861641105900318902168490512539", "price": "0.7", "size": "0", "side": "SELL", "hash": "48bdeca9e7c972b7de24f520b3ed994e1e22e1cf", "best_bid": "0.15", "best_ask": "0.16"}], "timestamp": "1769384540054", "event_type": "price_change"}}
{"_local_timestamp": "2026-01-25T23:42:20.126181+00:00", "data": {"market": "0xae1d21f8632f37e11493fef7307b4d09c6b27697be5c820806a840559b1b2e06", "price_changes": [{"asset_id": "6282889705019268501830975677564258188191770886711457649647605609853326924852", "price": "0.21", "size": "0", "side": "BUY", "hash": "ce1b004740c8cc31359c5742dd05251235b79a7c", "best_bid": "0.84", "best_ask": "0.85"}, {"asset_id": "70179930004460104520571721963263381325865077807861641105900318902168490512539", "price": "0.79", "size": "0", "side": "SELL", "hash": "48bdeca9e7c972b7de24f520b3ed994e1e22e1cf", "best_bid": "0.15", "best_ask": "0.16"}], "timestamp": "1769384540054", "event_type": "price_change"}}
{"_local_timestamp": "2026-01-25T23:42:20.127088+00:00", "data": {"market": "0xae1d21f8632f37e11493fef7307b4d09c6b27697be5c820806a840559b1b2e06", "price_changes": [{"asset_id": "6282889705019268501830975677564258188191770886711457649647605609853326924852", "price": "0.26", "size": "0", "side": "BUY", "hash": "ce1b004740c8cc31359c5742dd05251235b79a7c", "best_bid": "0.84", "best_ask": "0.85"}, {"asset_id": "70179930004460104520571721963263381325865077807861641105900318902168490512539", "price": "0.74", "size": "0", "side": "SELL", "hash": "48bdeca9e7c972b7de24f520b3ed994e1e22e1cf", "best_bid": "0.15", "best_ask": "0.16"}], "timestamp": "1769384540054", "event_type": "price_change"}}
{"_local_timestamp": "2026-01-25T23:42:20.127499+00:00", "data": {"market": "0xae1d21f8632f37e11493fef7307b4d09c6b27697be5c820806a840559b1b2e06", "price_changes": [{"asset_id": "6282889705019268501830975677564258188191770886711457649647605609853326924852", "price": "0.13", "size": "0", "side": "BUY", "hash": "ce1b004740c8cc31359c5742dd05251235b79a7c", "best_bid": "0.84", "best_ask": "0.85"}, {"asset_id": "70179930004460104520571721963263381325865077807861641105900318902168490512539", "price": "0.87", "size": "0", "side": "SELL", "hash": "48bdeca9e7c972b7de24f520b3ed994e1e22e1cf", "best_bid": "0.15", "best_ask": "0.16"}], "timestamp": "1769384540054", "event_type": "price_change"}}
{"_local_timestamp": "2026-01-25T23:42:20.163871+00:00", "data": {"market": "0xae1d21f8632f37e11493fef7307b4d09c6b27697be5c820806a840559b1b2e06", "price_changes": [{"asset_id": "6282889705019268501830975677564258188191770886711457649647605609853326924852", "price": "0.34", "size": "58.82", "side": "BUY", "hash": "67ab619372bc713aff4cb6119cc9aa39c0782a85", "best_bid": "0.84", "best_ask": "0.85"}, {"asset_id": "70179930004460104520571721963263381325865077807861641105900318902168490512539", "price": "0.66", "size": "58.82", "side": "SELL", "hash": "5fe06fd968a0a9a5aa7c852f89fe502f3d6852e2", "best_bid": "0.15", "best_ask": "0.16"}], "timestamp": "1769384540097", "event_type": "price_change"}}
{"_local_timestamp": "2026-01-25T23:42:20.207760+00:00", "data": {"market": "0xae1d21f8632f37e11493fef7307b4d09c6b27697be5c820806a840559b1b2e06", "price_changes": [{"asset_id": "6282889705019268501830975677564258188191770886711457649647605609853326924852", "price": "0.3", "size": "80", "side": "BUY", "hash": "5ae69c7d691ec750419f275df3a81bca111959f9", "best_bid": "0.84", "best_ask": "0.85"}, {"asset_id": "70179930004460104520571721963263381325865077807861641105900318902168490512539", "price": "0.7", "size": "80", "side": "SELL", "hash": "e3cc2ace0c7ff82bc2bb5e732fe9a26ad4acf245", "best_bid": "0.15", "best_ask": "0.16"}], "timestamp": "1769384540144", "event_type": "price_change"}}
{"_local_timestamp": "2026-01-25T23:42:20.256549+00:00", "data": {"market": "0xae1d21f8632f37e11493fef7307b4d09c6b27697be5c820806a840559b1b2e06", "price_changes": [{"asset_id": "6282889705019268501830975677564258188191770886711457649647605609853326924852", "price": "0.26", "size": "100", "side": "BUY", "hash": "605461b529b57dbc76a528bd1f68ce7a466a46c3", "best_bid": "0.84", "best_ask": "0.85"}, {"asset_id": "70179930004460104520571721963263381325865077807861641105900318902168490512539", "price": "0.74", "size": "100", "side": "SELL", "hash": "37041deb9dd8d6240a53e8d53215aa41001e51a2", "best_bid": "0.15", "best_ask": "0.16"}], "timestamp": "1769384540187", "event_type": "price_change"}}
{"_local_timestamp": "2026-01-25T23:42:20.290125+00:00", "data": {"market": "0xae1d21f8632f37e11493fef7307b4d09c6b27697be5c820806a840559b1b2e06", "price_changes": [{"asset_id": "6282889705019268501830975677564258188191770886711457649647605609853326924852", "price": "0.21", "size": "133.33", "side": "BUY", "hash": "7326713f998c34c193bc291ecadfc589e5b1134d", "best_bid": "0.84", "best_ask": "0.85"}, {"asset_id": "70179930004460104520571721963263381325865077807861641105900318902168490512539", "price": "0.79", "size": "133.33", "side": "SELL", "hash": "2728aba8f51341f56597fb1619cf1007c8520d72", "best_bid": "0.15", "best_ask": "0.16"}], "timestamp": "1769384540224", "event_type": "price_change"}}
{"_local_timestamp": "2026-01-25T23:42:20.335575+00:00", "data": {"market": "0xae1d21f8632f37e11493fef7307b4d09c6b27697be5c820806a840559b1b2e06", "price_changes": [{"asset_id": "6282889705019268501830975677564258188191770886711457649647605609853326924852", "price": "0.17", "size": "188.23", "side": "BUY", "hash": "30e1fe5b1c82a286d7f13e374b0a948d4c223557", "best_bid": "0.84", "best_ask": "0.85"}, {"asset_id": "70179930004460104520571721963263381325865077807861641105900318902168490512539", "price": "0.83", "size": "188.23", "side": "SELL", "hash": "95dd25abb5bc9853e20aff22ec3b9c12590a964e", "best_bid": "0.15", "best_ask": "0.16"}], "timestamp": "1769384540265", "event_type": "price_change"}}
{"_local_timestamp": "2026-01-25T23:42:20.384812+00:00", "data": {"market": "0xae1d21f8632f37e11493fef7307b4d09c6b27697be5c820806a840559b1b2e06", "price_changes": [{"asset_id": "6282889705019268501830975677564258188191770886711457649647605609853326924852", "price": "0.13", "size": "261.53", "side": "BUY", "hash": "e836c85af485738ba4a66b3aa19b4b5937a3c074", "best_bid": "0.84", "best_ask": "0.85"}, {"asset_id": "70179930004460104520571721963263381325865077807861641105900318902168490512539", "price": "0.87", "size": "261.53", "side": "SELL", "hash": "1229ff05fda392fde949ce918d105df28461d2a7", "best_bid": "0.15", "best_ask": "0.16"}], "timestamp": "1769384540308", "event_type": "price_change"}}
{"_local_timestamp": "2026-01-25T23:42:20.422053+00:00", "data": {"market": "0xae1d21f8632f37e11493fef7307b4d09c6b27697be5c820806a840559b1b2e06", "price_changes": [{"asset_id": "6282889705019268501830975677564258188191770886711457649647605609853326924852", "price": "0.08", "size": "450", "side": "BUY", "hash": "aafe4d33acfe72d808218ddf6594991dd181e479", "best_bid": "0.84", "best_ask": "0.85"}, {"asset_id": "70179930004460104520571721963263381325865077807861641105900318902168490512539", "price": "0.92", "size": "450", "side": "SELL", "hash": "0c2604917114b7b65ab3bf5391c102868b2bb102", "best_bid": "0.15", "best_ask": "0.16"}], "timestamp": "1769384540354", "event_type": "price_change"}}
{"_local_timestamp": "2026-01-25T23:42:22.012280+00:00", "data": {"market": "0xae1d21f8632f37e11493fef7307b4d09c6b27697be5c820806a840559b1b2e06", "price_changes": [{"asset_id": "70179930004460104520571721963263381325865077807861641105900318902168490512539", "price": "0.13", "size": "711", "side": "BUY", "hash": "1cb48f138449afa401f04b2397c5c6b1b91cc0e7", "best_bid": "0.15", "best_ask": "0.16"}, {"asset_id": "6282889705019268501830975677564258188191770886711457649647605609853326924852", "price": "0.87", "size": "711", "side": "SELL", "hash": "2f695de5ccad87dd3125eeaeffec2e98272fa655", "best_bid": "0.84", "best_ask": "0.85"}], "timestamp": "1769384541947", "event_type": "price_change"}}
{"_local_timestamp": "2026-01-25T23:42:49.347282+00:00", "data": {"market": "0xae1d21f8632f37e11493fef7307b4d09c6b27697be5c820806a840559b1b2e06", "price_changes": [{"asset_id": "70179930004460104520571721963263381325865077807861641105900318902168490512539", "price": "0.04", "size": "250", "side": "BUY", "hash": "1217d8665c962281b7663cb5f78d9f646fb1b1d0", "best_bid": "0.15", "best_ask": "0.16"}, {"asset_id": "6282889705019268501830975677564258188191770886711457649647605609853326924852", "price": "0.96", "size": "250", "side": "SELL", "hash": "f3e54b669dd7fe670745c82275d1a05b7189746e", "best_bid": "0.84", "best_ask": "0.85"}], "timestamp": "1769384569181", "event_type": "price_change"}}
{"_local_timestamp": "2026-01-25T23:42:49.348098+00:00", "data": {"market": "0xae1d21f8632f37e11493fef7307b4d09c6b27697be5c820806a840559b1b2e06", "price_changes": [{"asset_id": "70179930004460104520571721963263381325865077807861641105900318902168490512539", "price": "0.07", "size": "10", "side": "BUY", "hash": "1217d8665c962281b7663cb5f78d9f646fb1b1d0", "best_bid": "0.15", "best_ask": "0.16"}, {"asset_id": "6282889705019268501830975677564258188191770886711457649647605609853326924852", "price": "0.93", "size": "10", "side": "SELL", "hash": "f3e54b669dd7fe670745c82275d1a05b7189746e", "best_bid": "0.84", "best_ask": "0.85"}], "timestamp": "1769384569181", "event_type": "price_change"}}
{"_local_timestamp": "2026-01-25T23:42:50.741095+00:00", "data": {"market": "0xae1d21f8632f37e11493fef7307b4d09c6b27697be5c820806a840559b1b2e06", "price_changes": [{"asset_id": "70179930004460104520571721963263381325865077807861641105900318902168490512539", "price": "0.05", "size": "15.49", "side": "BUY", "hash": "c749156ae6b8f182dd7ac0b9680e4c70d8c538e4", "best_bid": "0.15", "best_ask": "0.16"}, {"asset_id": "6282889705019268501830975677564258188191770886711457649647605609853326924852", "price": "0.95", "size": "15.49", "side": "SELL", "hash": "3c0a8c405f0e85c7946337db0197b4b889ee0511", "best_bid": "0.84", "best_ask": "0.85"}], "timestamp": "1769384570602", "event_type": "price_change"}}
{"_local_timestamp": "2026-01-25T23:42:50.833688+00:00", "data": {"market": "0xae1d21f8632f37e11493fef7307b4d09c6b27697be5c820806a840559b1b2e06", "price_changes": [{"asset_id": "70179930004460104520571721963263381325865077807861641105900318902168490512539", "price": "0.07", "size": "0", "side": "BUY", "hash": "0a727ea49dcf2cfd5d09ae4ec91d47e1beff3552", "best_bid": "0.15", "best_ask": "0.16"}, {"asset_id": "6282889705019268501830975677564258188191770886711457649647605609853326924852", "price": "0.93", "size": "0", "side": "SELL", "hash": "2ff33048a90015bb3d6870a4312a23944d10fb8d", "best_bid": "0.84", "best_ask": "0.85"}], "timestamp": "1769384570702", "event_type": "price_change"}}
{"_local_timestamp": "2026-01-25T23:42:50.930992+00:00", "data": {"market": "0xae1d21f8632f37e11493fef7307b4d09c6b27697be5c820806a840559b1b2e06", "price_changes": [{"asset_id": "70179930004460104520571721963263381325865077807861641105900318902168490512539", "price": "0.05", "size": "25.49", "side": "BUY", "hash": "8ef0b4cefc6d03324f48eed314153ada307eea83", "best_bid": "0.15", "best_ask": "0.16"}, {"asset_id": "6282889705019268501830975677564258188191770886711457649647605609853326924852", "price": "0.95", "size": "25.49", "side": "SELL", "hash": "b2c57304288f5a9092ddca313b00d40a555ec717", "best_bid": "0.84", "best_ask": "0.85"}], "timestamp": "1769384570796", "event_type": "price_change"}}
{"_local_timestamp": "2026-01-25T23:42:51.014125+00:00", "data": {"market": "0xae1d21f8632f37e11493fef7307b4d09c6b27697be5c820806a840559b1b2e06", "price_changes": [{"asset_id": "6282889705019268501830975677564258188191770886711457649647605609853326924852", "price": "0.73", "size": "0", "side": "BUY", "hash": "fbe7f433f309da0ed19162bf74a2145ef66529b6", "best_bid": "0.84", "best_ask": "0.85"}, {"asset_id": "70179930004460104520571721963263381325865077807861641105900318902168490512539", "price": "0.27", "size": "0", "side": "SELL", "hash": "30ca6b8d34cfea4210064d504c56f97d06f7b0e3", "best_bid": "0.15", "best_ask": "0.16"}], "timestamp": "1769384570877", "event_type": "price_change"}}
{"_local_timestamp": "2026-01-25T23:42:51.098160+00:00", "data": {"market": "0xae1d21f8632f37e11493fef7307b4d09c6b27697be5c820806a840559b1b2e06", "price_changes": [{"asset_id": "6282889705019268501830975677564258188191770886711457649647605609853326924852", "price": "0.75", "size": "10", "side": "BUY", "hash": "78de943ef4976378a19e3ebbda8a1c6cc1884ca3", "best_bid": "0.84", "best_ask": "0.85"}, {"asset_id": "70179930004460104520571721963263381325865077807861641105900318902168490512539", "price": "0.25", "size": "10", "side": "SELL", "hash": "1124b357d6c1d1925ff41b639ab607c81e3fb5c3", "best_bid": "0.15", "best_ask": "0.16"}], "timestamp": "1769384570959", "event_type": "price_change"}}
{"_local_timestamp": "2026-01-25T23:42:51.194536+00:00", "data": {"market": "0xae1d21f8632f37e11493fef7307b4d09c6b27697be5c820806a840559b1b2e06", "price_changes": [{"asset_id": "6282889705019268501830975677564258188191770886711457649647605609853326924852", "price": "0.74", "size": "0", "side": "BUY", "hash": "56aaea41089f5ea70398c474c4cb8e99b78910ea", "best_bid": "0.84", "best_ask": "0.85"}, {"asset_id": "70179930004460104520571721963263381325865077807861641105900318902168490512539", "price": "0.26", "size": "0", "side": "SELL", "hash": "806b2ba935dfd5cffc6c6c2ed12020596187f43a", "best_bid": "0.15", "best_ask": "0.16"}], "timestamp": "1769384571024", "event_type": "price_change"}}
{"_local_timestamp": "2026-01-25T23:42:51.201936+00:00", "data": {"market": "0xae1d21f8632f37e11493fef7307b4d09c6b27697be5c820806a840559b1b2e06", "price_changes": [{"asset_id": "6282889705019268501830975677564258188191770886711457649647605609853326924852", "price": "0.76", "size": "20", "side": "BUY", "hash": "bc94d43318d02a7e755498365456a188e39a3296", "best_bid": "0.84", "best_ask": "0.85"}, {"asset_id": "70179930004460104520571721963263381325865077807861641105900318902168490512539", "price": "0.24", "size": "20", "side": "SELL", "hash": "1821cd6f2740c4025110a35eda36369405372404", "best_bid": "0.15", "best_ask": "0.16"}], "timestamp": "1769384571052", "event_type": "price_change"}}
{"_local_timestamp": "2026-01-25T23:42:57.217495+00:00", "data": {"market": "0x44b642636473fb07f0c2319a1d25729a36134969076ffdbb8979cbfdda612b14", "price_changes": [{"asset_id": "5210147086444382339849101722545511095151948730486562412029285471203011774407", "price": "0.19", "size": "2210", "side": "BUY", "hash": "bbb9ee78999b143691ca4d14100b8f4b348f52e5", "best_bid": "0.82", "best_ask": "0.84"}, {"asset_id": "31436003141911636826257012170104365274669938022228084492450613161428480917013", "price": "0.81", "size": "2210", "side": "SELL", "hash": "6593a2a735faf1e3d106a17af697dafb59f4bd64", "best_bid": "0.16", "best_ask": "0.18"}], "timestamp": "1769384577040", "event_type": "price_change"}}
{"_local_timestamp": "2026-01-25T23:43:43.720411+00:00", "data": {"market": "0xae1d21f8632f37e11493fef7307b4d09c6b27697be5c820806a840559b1b2e06", "price_changes": [{"asset_id": "70179930004460104520571721963263381325865077807861641105900318902168490512539", "price": "0.05", "size": "15.49", "side": "BUY", "hash": "eee4ac2885d63385c7c27b9ea87cec4982734eae", "best_bid": "0.15", "best_ask": "0.16"}, {"asset_id": "6282889705019268501830975677564258188191770886711457649647605609853326924852", "price": "0.95", "size": "15.49", "side": "SELL", "hash": "e8091c531337a9e0567ab49c91ad47de0412a2a7", "best_bid": "0.84", "best_ask": "0.85"}], "timestamp": "1769384623653", "event_type": "price_change"}}
{"_local_timestamp": "2026-01-25T23:43:43.821957+00:00", "data": {"market": "0xae1d21f8632f37e11493fef7307b4d09c6b27697be5c820806a840559b1b2e06", "price_changes": [{"asset_id": "70179930004460104520571721963263381325865077807861641105900318902168490512539", "price": "0.06", "size": "10", "side": "BUY", "hash": "f0f3c69d7d9e95d9f781565b9da5609e38429187", "best_bid": "0.15", "best_ask": "0.16"}, {"asset_id": "6282889705019268501830975677564258188191770886711457649647605609853326924852", "price": "0.94", "size": "10", "side": "SELL", "hash": "bd7f0a420f5c777b047e040b7a02a9dd82aa5d40", "best_bid": "0.84", "best_ask": "0.85"}], "timestamp": "1769384623739", "event_type": "price_change"}}
{"_local_timestamp": "2026-01-25T23:43:43.905501+00:00", "data": {"market": "0xae1d21f8632f37e11493fef7307b4d09c6b27697be5c820806a840559b1b2e06", "price_changes": [{"asset_id": "6282889705019268501830975677564258188191770886711457649647605609853326924852", "price": "0.75", "size": "0", "side": "BUY", "hash": "78712f7932a669f48f031a05957efe9c9d44c564", "best_bid": "0.84", "best_ask": "0.85"}, {"asset_id": "70179930004460104520571721963263381325865077807861641105900318902168490512539", "price": "0.25", "size": "0", "side": "SELL", "hash": "cd47073e302d500dbe2297a2dacfb177df0d5ab3", "best_bid": "0.15", "best_ask": "0.16"}], "timestamp": "1769384623840", "event_type": "price_change"}}
{"_local_timestamp": "2026-01-25T23:43:43.998317+00:00", "data": {"market": "0xae1d21f8632f37e11493fef7307b4d09c6b27697be5c820806a840559b1b2e06", "price_changes": [{"asset_id": "6282889705019268501830975677564258188191770886711457649647605609853326924852", "price": "0.77", "size": "10", "side": "BUY", "hash": "8e0bd21bc86ec4221b0cd103ece7719785726c87", "best_bid": "0.84", "best_ask": "0.85"}, {"asset_id": "70179930004460104520571721963263381325865077807861641105900318902168490512539", "price": "0.23", "size": "10", "side": "SELL", "hash": "01b30d5acc3939ccc1224640b5824adf29c91bcb", "best_bid": "0.15", "best_ask": "0.16"}], "timestamp": "1769384623934", "event_type": "price_change"}}
{"_local_timestamp": "2026-01-25T23:43:44.360487+00:00", "data": {"market": "0xae1d21f8632f37e11493fef7307b4d09c6b27697be5c820806a840559b1b2e06", "price_changes": [{"asset_id": "6282889705019268501830975677564258188191770886711457649647605609853326924852", "price": "0.86", "size": "853.18", "side": "SELL", "hash": "df782b432e3f5fff7eaa479ded4ef4732facf2db", "best_bid": "0.84", "best_ask": "0.85"}, {"asset_id": "70179930004460104520571721963263381325865077807861641105900318902168490512539", "price": "0.14", "size": "853.18", "side": "BUY", "hash": "ee7b82c8613da59e03df18c9c46416bb5787b818", "best_bid": "0.15", "best_ask": "0.16"}], "timestamp": "1769384624076", "event_type": "price_change"}}
{"_local_timestamp": "2026-01-25T23:43:44.360827+00:00", "data": {"market": "0xae1d21f8632f37e11493fef7307b4d09c6b27697be5c820806a840559b1b2e06", "price_changes": [{"asset_id": "6282889705019268501830975677564258188191770886711457649647605609853326924852", "price": "0.85", "size": "190.88", "side": "SELL", "hash": "bdd553ae5800f3ddc37878f423cb87787e9b5beb", "best_bid": "0.84", "best_ask": "0.85"}, {"asset_id": "70179930004460104520571721963263381325865077807861641105900318902168490512539", "price": "0.15", "size": "190.88", "side": "BUY", "hash": "6e570c5bfe1462be7d4a98b16cccbdfe2f7f79b5", "best_bid": "0.15", "best_ask": "0.16"}], "timestamp": "1769384624239", "event_type": "price_change"}}
{"_local_timestamp": "2026-01-25T23:43:44.361137+00:00", "data": {"market": "0xae1d21f8632f37e11493fef7307b4d09c6b27697be5c820806a840559b1b2e06", "price_changes": [{"asset_id": "6282889705019268501830975677564258188191770886711457649647605609853326924852", "price": "0.76", "size": "0", "side": "BUY", "hash": "0e9be142823c32c07bc3813380aaebc4d8899ff5", "best_bid": "0.84", "best_ask": "0.85"}, {"asset_id": "70179930004460104520571721963263381325865077807861641105900318902168490512539", "price": "0.24", "size": "0", "side": "SELL", "hash": "74e1e0b41b49381a52e0d0f4ba9118bc58fb8b73", "best_bid": "0.15", "best_ask": "0.16"}], "timestamp": "1769384624260", "event_type": "price_change"}}
{"_local_timestamp": "2026-01-25T23:43:44.361387+00:00", "data": {"market": "0x44b642636473fb07f0c2319a1d25729a36134969076ffdbb8979cbfdda612b14", "price_changes": [{"asset_id": "31436003141911636826257012170104365274669938022228084492450613161428480917013", "price": "0.14", "size": "369.91", "side": "BUY", "hash": "5b102b2f3348151c9088d785cf00fc8cbb3b447c", "best_bid": "0.16", "best_ask": "0.18"}, {"asset_id": "5210147086444382339849101722545511095151948730486562412029285471203011774407", "price": "0.86", "size": "369.91", "side": "SELL", "hash": "22c40cdbf2ca25001be04ba6b10d7c7bf378ab89", "best_bid": "0.82", "best_ask": "0.84"}], "timestamp": "1769384624269", "event_type": "price_change"}}
{"_local_timestamp": "2026-01-25T23:43:44.426714+00:00", "data": {"market": "0xae1d21f8632f37e11493fef7307b4d09c6b27697be5c820806a840559b1b2e06", "price_changes": [{"asset_id": "6282889705019268501830975677564258188191770886711457649647605609853326924852", "price": "0.61", "size": "20", "side": "BUY", "hash": "e579e2a02aef26483181db09636cb08a8c09d4c9", "best_bid": "0.84", "best_ask": "0.85"}, {"asset_id": "70179930004460104520571721963263381325865077807861641105900318902168490512539", "price": "0.39", "size": "20", "side": "SELL", "hash": "335cd056c248d26caa82036a3cd5cadd2dbfe5b0", "best_bid": "0.15", "best_ask": "0.16"}], "timestamp": "1769384624287", "event_type": "price_change"}}
{"_local_timestamp": "2026-01-25T23:44:44.908879+00:00", "data": {"market": "0xae1d21f8632f37e11493fef7307b4d09c6b27697be5c820806a840559b1b2e06", "price_changes": [{"asset_id": "6282889705019268501830975677564258188191770886711457649647605609853326924852", "price": "0.77", "size": "0", "side": "BUY", "hash": "626a92fbf725ec886d49a8ea587a1db1b0a26544", "best_bid": "0.84", "best_ask": "0.85"}, {"asset_id": "70179930004460104520571721963263381325865077807861641105900318902168490512539", "price": "0.23", "size": "0", "side": "SELL", "hash": "3110596a04a8b41c7cf0cbd6e25e0252adf76863", "best_bid": "0.15", "best_ask": "0.16"}], "timestamp": "1769384684840", "event_type": "price_change"}}
{"_local_timestamp": "2026-01-25T23:44:45.024430+00:00", "data": {"market": "0xae1d21f8632f37e11493fef7307b4d09c6b27697be5c820806a840559b1b2e06", "price_changes": [{"asset_id": "6282889705019268501830975677564258188191770886711457649647605609853326924852", "price": "0.71", "size": "10", "side": "BUY", "hash": "ffae5e696f82f9b0fe6df2ffcafdf2db8d6661b8", "best_bid": "0.84", "best_ask": "0.85"}, {"asset_id": "70179930004460104520571721963263381325865077807861641105900318902168490512539", "price": "0.29", "size": "10", "side": "SELL", "hash": "432c6ea7b643784600e2a3c4874841dfbe22ac4f", "best_bid": "0.15", "best_ask": "0.16"}], "timestamp": "1769384684947", "event_type": "price_change"}}
{"_local_timestamp": "2026-01-25T23:44:46.693408+00:00", "data": {"market": "0xae1d21f8632f37e11493fef7307b4d09c6b27697be5c820806a840559b1b2e06", "price_changes": [{"asset_id": "6282889705019268501830975677564258188191770886711457649647605609853326924852", "price": "0.61", "size": "0", "side": "BUY", "hash": "02ac1d4aa77bf64546b4d4a6c788f5b0f970b0df", "best_bid": "0.84", "best_ask": "0.85"}, {"asset_id": "70179930004460104520571721963263381325865077807861641105900318902168490512539", "price": "0.39", "size": "0", "side": "SELL", "hash": "47cd2972de5c0ff0fe85188a8763d670e26b71d3", "best_bid": "0.15", "best_ask": "0.16"}], "timestamp": "1769384686623", "event_type": "price_change"}}
{"_local_timestamp": "2026-01-25T23:44:46.719091+00:00", "data": {"market": "0xae1d21f8632f37e11493fef7307b4d09c6b27697be5c820806a840559b1b2e06", "price_changes": [{"asset_id": "6282889705019268501830975677564258188191770886711457649647605609853326924852", "price": "0.72", "size": "20", "side": "BUY", "hash": "d2d6b5ed57d85a0a07805bc1f6dddffae2729c87", "best_bid": "0.84", "best_ask": "0.85"}, {"asset_id": "70179930004460104520571721963263381325865077807861641105900318902168490512539", "price": "0.28", "size": "20", "side": "SELL", "hash": "456bde75bc33cd0f7149de77ffe16a4e396ef9ef", "best_bid": "0.15", "best_ask": "0.16"}], "timestamp": "1769384686654", "event_type": "price_change"}}
{"_local_timestamp": "2026-01-25T23:45:13.122609+00:00", "data": {"market": "0xae1d21f8632f37e11493fef7307b4d09c6b27697be5c820806a840559b1b2e06", "price_changes": [{"asset_id": "6282889705019268501830975677564258188191770886711457649647605609853326924852", "price": "0.73", "size": "400", "side": "BUY", "hash": "0829d340670dda24d8dc881fcfeed47a1e33adb5", "best_bid": "0.84", "best_ask": "0.85"}, {"asset_id": "70179930004460104520571721963263381325865077807861641105900318902168490512539", "price": "0.27", "size": "400", "side": "SELL", "hash": "330e542a3aa4a2636952da02fcfe4431ed39fe3a", "best_bid": "0.15", "best_ask": "0.16"}], "timestamp": "1769384713042", "event_type": "price_change"}}
{"_local_timestamp": "2026-01-25T23:45:13.123188+00:00", "data": {"market": "0x44b642636473fb07f0c2319a1d25729a36134969076ffdbb8979cbfdda612b14", "price_changes": [{"asset_id": "31436003141911636826257012170104365274669938022228084492450613161428480917013", "price": "0.14", "size": "769.91", "side": "BUY", "hash": "73a4ca1776187f62a7d4455a48de4228480120bb", "best_bid": "0.16", "best_ask": "0.18"}, {"asset_id": "5210147086444382339849101722545511095151948730486562412029285471203011774407", "price": "0.86", "size": "769.91", "side": "SELL", "hash": "79cde2731d916e28302674651ffbcf5ea1298f17", "best_bid": "0.82", "best_ask": "0.84"}], "timestamp": "1769384713042", "event_type": "price_change"}}
{"_local_timestamp": "2026-01-25T23:45:13.123486+00:00", "data": {"market": "0x44b642636473fb07f0c2319a1d25729a36134969076ffdbb8979cbfdda612b14", "price_changes": [{"asset_id": "31436003141911636826257012170104365274669938022228084492450613161428480917013", "price": "0.13", "size": "662.5", "side": "BUY", "hash": "2f02bdf019b33fc5d09c0424c8ad74a27fd57a75", "best_bid": "0.16", "best_ask": "0.18"}, {"asset_id": "5210147086444382339849101722545511095151948730486562412029285471203011774407", "price": "0.87", "size": "662.5", "side": "SELL", "hash": "123648dd638f219bbbac6637413a6d6b41cabb81", "best_bid": "0.82", "best_ask": "0.84"}], "timestamp": "1769384713042", "event_type": "price_change"}}
{"_local_timestamp": "2026-01-25T23:45:13.123731+00:00", "data": {"market": "0xae1d21f8632f37e11493fef7307b4d09c6b27697be5c820806a840559b1b2e06", "price_changes": [{"asset_id": "6282889705019268501830975677564258188191770886711457649647605609853326924852", "price": "0.72", "size": "420", "side": "BUY", "hash": "ccc94cfa07314000fc420d9dce61f25d0903dca0", "best_bid": "0.84", "best_ask": "0.85"}, {"asset_id": "70179930004460104520571721963263381325865077807861641105900318902168490512539", "price": "0.28", "size": "420", "side": "SELL", "hash": "aca6e7fa2f4ada161e6c12c254864b91cb98cd67", "best_bid": "0.15", "best_ask": "0.16"}], "timestamp": "1769384713042", "event_type": "price_change"}}
{"_local_timestamp": "2026-01-25T23:45:15.138105+00:00", "data": {"market": "0xae1d21f8632f37e11493fef7307b4d09c6b27697be5c820806a840559b1b2e06", "price_changes": [{"asset_id": "6282889705019268501830975677564258188191770886711457649647605609853326924852", "price": "0.72", "size": "400", "side": "BUY", "hash": "a9381c566b03fbcb9bd762f9e8d6cd9c3001c711", "best_bid": "0.84", "best_ask": "0.85"}, {"asset_id": "70179930004460104520571721963263381325865077807861641105900318902168490512539", "price": "0.28", "size": "400", "side": "SELL", "hash": "7aa486fdab83adf444a2e68961acfeb14c349ebf", "best_bid": "0.15", "best_ask": "0.16"}], "timestamp": "1769384715075", "event_type": "price_change"}}
{"_local_timestamp": "2026-01-25T23:45:15.174584+00:00", "data": {"market": "0xae1d21f8632f37e11493fef7307b4d09c6b27697be5c820806a840559b1b2e06", "price_changes": [{"asset_id": "6282889705019268501830975677564258188191770886711457649647605609853326924852", "price": "0.74", "size": "20", "side": "BUY", "hash": "f1db248b3195ce8e96b12d7ab9f73b0db474dd70", "best_bid": "0.84", "best_ask": "0.85"}, {"asset_id": "70179930004460104520571721963263381325865077807861641105900318902168490512539", "price": "0.26", "size": "20", "side": "SELL", "hash": "15b6c6b3901f2b9837a65a4a5c2c1904dafab826", "best_bid": "0.15", "best_ask": "0.16"}], "timestamp": "1769384715108", "event_type": "price_change"}}
{"_local_timestamp": "2026-01-25T23:45:36.058497+00:00", "data": {"market": "0xae1d21f8632f37e11493fef7307b4d09c6b27697be5c820806a840559b1b2e06", "price_changes": [{"asset_id": "6282889705019268501830975677564258188191770886711457649647605609853326924852", "price": "0.73", "size": "0", "side": "BUY", "hash": "6b85029fac545cebea801fedf82aa75295a259d2", "best_bid": "0.84", "best_ask": "0.85"}, {"asset_id": "70179930004460104520571721963263381325865077807861641105900318902168490512539", "price": "0.27", "size": "0", "side": "SELL", "hash": "fa24f7f1c745f43a5bc65697ac66410a037bb2a5", "best_bid": "0.15", "best_ask": "0.16"}], "timestamp": "1769384735976", "event_type": "price_change"}}
{"_local_timestamp": "2026-01-25T23:45:36.058829+00:00", "data": {"market": "0xae1d21f8632f37e11493fef7307b4d09c6b27697be5c820806a840559b1b2e06", "price_changes": [{"asset_id": "6282889705019268501830975677564258188191770886711457649647605609853326924852", "price": "0.72", "size": "0", "side": "BUY", "hash": "6b85029fac545cebea801fedf82aa75295a259d2", "best_bid": "0.84", "best_ask": "0.85"}, {"asset_id": "70179930004460104520571721963263381325865077807861641105900318902168490512539", "price": "0.28", "size": "0", "side": "SELL", "hash": "fa24f7f1c745f43a5bc65697ac66410a037bb2a5", "best_bid": "0.15", "best_ask": "0.16"}], "timestamp": "1769384735976", "event_type": "price_change"}}
{"_local_timestamp": "2026-01-25T23:45:36.067209+00:00", "data": {"market": "0x44b642636473fb07f0c2319a1d25729a36134969076ffdbb8979cbfdda612b14", "price_changes": [{"asset_id": "31436003141911636826257012170104365274669938022228084492450613161428480917013", "price": "0.14", "size": "369.91", "side": "BUY", "hash": "afdd9dff05eba38af7b6d91a26a40962786e8909", "best_bid": "0.16", "best_ask": "0.18"}, {"asset_id": "5210147086444382339849101722545511095151948730486562412029285471203011774407", "price": "0.86", "size": "369.91", "side": "SELL", "hash": "b5c9e4e89f4550eca759ba968f30d2c17b559cab", "best_bid": "0.82", "best_ask": "0.84"}], "timestamp": "1769384735977", "event_type": "price_change"}}
{"_local_timestamp": "2026-01-25T23:45:36.076153+00:00", "data": {"market": "0x44b642636473fb07f0c2319a1d25729a36134969076ffdbb8979cbfdda612b14", "price_changes": [{"asset_id": "31436003141911636826257012170104365274669938022228084492450613161428480917013", "price": "0.13", "size": "262.5", "side": "BUY", "hash": "afdd9dff05eba38af7b6d91a26a40962786e8909", "best_bid": "0.16", "best_ask": "0.18"}, {"asset_id": "5210147086444382339849101722545511095151948730486562412029285471203011774407", "price": "0.87", "size": "262.5", "side": "SELL", "hash": "b5c9e4e89f4550eca759ba968f30d2c17b559cab", "best_bid": "0.82", "best_ask": "0.84"}], "timestamp": "1769384735977", "event_type": "price_change"}}
{"_local_timestamp": "2026-01-25T23:45:38.647224+00:00", "data": {"market": "0xae1d21f8632f37e11493fef7307b4d09c6b27697be5c820806a840559b1b2e06", "price_changes": [{"asset_id": "6282889705019268501830975677564258188191770886711457649647605609853326924852", "price": "0.74", "size": "0", "side": "BUY", "hash": "2accd319b3bfac31d113384402d56df1e3afa1f4", "best_bid": "0.84", "best_ask": "0.85"}, {"asset_id": "70179930004460104520571721963263381325865077807861641105900318902168490512539", "price": "0.26", "size": "0", "side": "SELL", "hash": "99497f0194e901162adadd59fd21e3e6b9a7c771", "best_bid": "0.15", "best_ask": "0.16"}], "timestamp": "1769384738577", "event_type": "price_change"}}
{"_local_timestamp": "2026-01-25T23:45:38.672286+00:00", "data": {"market": "0xae1d21f8632f37e11493fef7307b4d09c6b27697be5c820806a840559b1b2e06", "price_changes": [{"asset_id": "6282889705019268501830975677564258188191770886711457649647605609853326924852", "price": "0.72", "size": "20", "side": "BUY", "hash": "a2da43d8dead4c5a8169048c0d9f7d272390702f", "best_bid": "0.84", "best_ask": "0.85"}, {"asset_id": "70179930004460104520571721963263381325865077807861641105900318902168490512539", "price": "0.28", "size": "20", "side": "SELL", "hash": "7fe2921a51d4d8ff570b8731a0a61a914cb768d9", "best_bid": "0.15", "best_ask": "0.16"}], "timestamp": "1769384738602", "event_type": "price_change"}}
{"_local_timestamp": "2026-01-25T23:45:41.255196+00:00", "data": {"market": "0xae1d21f8632f37e11493fef7307b4d09c6b27697be5c820806a840559b1b2e06", "price_changes": [{"asset_id": "70179930004460104520571721963263381325865077807861641105900318902168490512539", "price": "0.13", "size": "611", "side": "BUY", "hash": "8b404e7cd8ebd03c09f986026c20169aa7f336d1", "best_bid": "0.15", "best_ask": "0.16"}, {"asset_id": "6282889705019268501830975677564258188191770886711457649647605609853326924852", "price": "0.87", "size": "611", "side": "SELL", "hash": "94bd94eaa6be67528351aed9a7cd7b0d92c3f01c", "best_bid": "0.84", "best_ask": "0.85"}], "timestamp": "1769384741188", "event_type": "price_change"}}
{"_local_timestamp": "2026-01-25T23:45:48.417155+00:00", "data": {"market": "0x44b642636473fb07f0c2319a1d25729a36134969076ffdbb8979cbfdda612b14", "price_changes": [{"asset_id": "31436003141911636826257012170104365274669938022228084492450613161428480917013", "price": "0.14", "size": "269.91", "side": "BUY", "hash": "5d7d56404d0f30eae6cd8140ebab8ded611fa05a", "best_bid": "0.16", "best_ask": "0.18"}, {"asset_id": "5210147086444382339849101722545511095151948730486562412029285471203011774407", "price": "0.86", "size": "269.91", "side": "SELL", "hash": "8a6a21d35de10a667a17a850e136cf6b57950375", "best_bid": "0.82", "best_ask": "0.84"}], "timestamp": "1769384748352", "event_type": "price_change"}}
{"_local_timestamp": "2026-01-25T23:45:48.438794+00:00", "data": {"market": "0x44b642636473fb07f0c2319a1d25729a36134969076ffdbb8979cbfdda612b14", "price_changes": [{"asset_id": "5210147086444382339849101722545511095151948730486562412029285471203011774407", "price": "0.8", "size": "222", "side": "BUY", "hash": "5b4d57d17be5d928c2af6341e54101ca1bea646f", "best_bid": "0.82", "best_ask": "0.84"}, {"asset_id": "31436003141911636826257012170104365274669938022228084492450613161428480917013", "price": "0.2", "size": "222", "side": "SELL", "hash": "b2aa5fd6ca04163b9065d070dcf62bfada73de99", "best_bid": "0.16", "best_ask": "0.18"}], "timestamp": "1769384748352", "event_type": "price_change"}}
{"_local_timestamp": "2026-01-25T23:45:51.390471+00:00", "data": {"market": "0xae1d21f8632f37e11493fef7307b4d09c6b27697be5c820806a840559b1b2e06", "price_changes": [{"asset_id": "6282889705019268501830975677564258188191770886711457649647605609853326924852", "price": "0.71", "size": "0", "side": "BUY", "hash": "0985a3b89c1028247c72fca751ee845f156920d4", "best_bid": "0.84", "best_ask": "0.85"}, {"asset_id": "70179930004460104520571721963263381325865077807861641105900318902168490512539", "price": "0.29", "size": "0", "side": "SELL", "hash": "6da98f7b13cdaf441c43f9c616f8738795f2c372", "best_bid": "0.15", "best_ask": "0.16"}], "timestamp": "1769384751316", "event_type": "price_change"}}
{"_local_timestamp": "2026-01-25T23:45:51.472163+00:00", "data": {"market": "0xae1d21f8632f37e11493fef7307b4d09c6b27697be5c820806a840559b1b2e06", "price_changes": [{"asset_id": "6282889705019268501830975677564258188191770886711457649647605609853326924852", "price": "0.73", "size": "10", "side": "BUY", "hash": "cf4816ce914b3766b535d96e9cb5e46baf66245f", "best_bid": "0.84", "best_ask": "0.85"}, {"asset_id": "70179930004460104520571721963263381325865077807861641105900318902168490512539", "price": "0.27", "size": "10", "side": "SELL", "hash": "5db919a8f29728e61342503e9aee6b8d50bafa6a", "best_bid": "0.15", "best_ask": "0.16"}], "timestamp": "1769384751405", "event_type": "price_change"}}
{"_local_timestamp": "2026-01-25T23:45:52.670360+00:00", "data": {"market": "0xae1d21f8632f37e11493fef7307b4d09c6b27697be5c820806a840559b1b2e06", "price_changes": [{"asset_id": "6282889705019268501830975677564258188191770886711457649647605609853326924852", "price": "0.72", "size": "0", "side": "BUY", "hash": "bb8b1f5bd71ef50926ba2e21f9c9743498cb8a01", "best_bid": "0.84", "best_ask": "0.85"}, {"asset_id": "70179930004460104520571721963263381325865077807861641105900318902168490512539", "price": "0.28", "size": "0", "side": "SELL", "hash": "67f0cb105e4bb2ead49132523ec007774a7d15d3", "best_bid": "0.15", "best_ask": "0.16"}], "timestamp": "1769384752606", "event_type": "price_change"}}
{"_local_timestamp": "2026-01-25T23:45:52.699131+00:00", "data": {"market": "0xae1d21f8632f37e11493fef7307b4d09c6b27697be5c820806a840559b1b2e06", "price_changes": [{"asset_id": "6282889705019268501830975677564258188191770886711457649647605609853326924852", "price": "0.74", "size": "20", "side": "BUY", "hash": "852e699cb0ec8af48588512845772f676bc52f8a", "best_bid": "0.84", "best_ask": "0.85"}, {"asset_id": "70179930004460104520571721963263381325865077807861641105900318902168490512539", "price": "0.26", "size": "20", "side": "SELL", "hash": "9c63f3f0e48a9eaf52ba02b70776cd5c1e2307aa", "best_bid": "0.15", "best_ask": "0.16"}], "timestamp": "1769384752635", "event_type": "price_change"}}
{"_local_timestamp": "2026-01-25T23:46:02.269080+00:00", "data": {"market": "0x44b642636473fb07f0c2319a1d25729a36134969076ffdbb8979cbfdda612b14", "price_changes": [{"asset_id": "31436003141911636826257012170104365274669938022228084492450613161428480917013", "price": "0.14", "size": "369.91", "side": "BUY", "hash": "8cf9697d9e1f650b9916d50343fe441719078b87", "best_bid": "0.16", "best_ask": "0.18"}, {"asset_id": "5210147086444382339849101722545511095151948730486562412029285471203011774407", "price": "0.86", "size": "369.91", "side": "SELL", "hash": "1fa0620b35e80e0a43961374e13c837a59618ac8", "best_bid": "0.82", "best_ask": "0.84"}], "timestamp": "1769384762197", "event_type": "price_change"}}
{"_local_timestamp": "2026-01-25T23:46:04.802572+00:00", "data": {"market": "0xae1d21f8632f37e11493fef7307b4d09c6b27697be5c820806a840559b1b2e06", "price_changes": [{"asset_id": "70179930004460104520571721963263381325865077807861641105900318902168490512539", "price": "0.13", "size": "711", "side": "BUY", "hash": "5b6a8ae2502264a498923013cc394f5ba0360a64", "best_bid": "0.15", "best_ask": "0.16"}, {"asset_id": "6282889705019268501830975677564258188191770886711457649647605609853326924852", "price": "0.87", "size": "711", "side": "SELL", "hash": "a550a622894aca560e83de43767c0956e8483585", "best_bid": "0.84", "best_ask": "0.85"}], "timestamp": "1769384764721", "event_type": "price_change"}}
{"_local_timestamp": "2026-01-25T23:46:05.471227+00:00", "data": {"market": "0x44b642636473fb07f0c2319a1d25729a36134969076ffdbb8979cbfdda612b14", "price_changes": [{"asset_id": "5210147086444382339849101722545511095151948730486562412029285471203011774407", "price": "0.8", "size": "322", "side": "BUY", "hash": "82896443c894f1215b41dd614df2b91b539cf44a", "best_bid": "0.82", "best_ask": "0.84"}, {"asset_id": "31436003141911636826257012170104365274669938022228084492450613161428480917013", "price": "0.2", "size": "322", "side": "SELL", "hash": "0ef8ad408e7e53dd18706ee1de902b666a29e5e3", "best_bid": "0.16", "best_ask": "0.18"}], "timestamp": "1769384765395", "event_type": "price_change"}}
{"_local_timestamp": "2026-01-25T23:46:38.079449+00:00", "data": {"market": "0x44b642636473fb07f0c2319a1d25729a36134969076ffdbb8979cbfdda612b14", "price_changes": [{"asset_id": "31436003141911636826257012170104365274669938022228084492450613161428480917013", "price": "0.07", "size": "0", "side": "BUY", "hash": "87ca536b5ec2327f9cdb632f8ed38906a5e4d9bc", "best_bid": "0.16", "best_ask": "0.18"}, {"asset_id": "5210147086444382339849101722545511095151948730486562412029285471203011774407", "price": "0.93", "size": "0", "side": "SELL", "hash": "08471ed3892b44a200f9ec757a85d01a93a36b16", "best_bid": "0.82", "best_ask": "0.84"}], "timestamp": "1769384797787", "event_type": "price_change"}}
{"_local_timestamp": "2026-01-25T23:46:38.080001+00:00", "data": {"market": "0xae1d21f8632f37e11493fef7307b4d09c6b27697be5c820806a840559b1b2e06", "price_changes": [{"asset_id": "6282889705019268501830975677564258188191770886711457649647605609853326924852", "price": "0.01", "size": "310007.85", "side": "BUY", "hash": "cf6b1b89c1e12731c859585a597aa1f609692903", "best_bid": "0.84", "best_ask": "0.85"}, {"asset_id": "70179930004460104520571721963263381325865077807861641105900318902168490512539", "price": "0.99", "size": "310007.85", "side": "SELL", "hash": "7314c9f58637c60193aed326be33eea8c2bc88e1", "best_bid": "0.15", "best_ask": "0.16"}], "timestamp": "1769384797787", "event_type": "price_change"}}
{"_local_timestamp": "2026-01-25T23:46:38.083568+00:00", "data": {"market": "0xae1d21f8632f37e11493fef7307b4d09c6b27697be5c820806a840559b1b2e06", "price_changes": [{"asset_id": "6282889705019268501830975677564258188191770886711457649647605609853326924852", "price": "0.03", "size": "0", "side": "BUY", "hash": "cf6b1b89c1e12731c859585a597aa1f609692903", "best_bid": "0.84", "best_ask": "0.85"}, {"asset_id": "70179930004460104520571721963263381325865077807861641105900318902168490512539", "price": "0.97", "size": "0", "side": "SELL", "hash": "7314c9f58637c60193aed326be33eea8c2bc88e1", "best_bid": "0.15", "best_ask": "0.16"}], "timestamp": "1769384797787", "event_type": "price_change"}}
{"_local_timestamp": "2026-01-25T23:46:38.083824+00:00", "data": {"market": "0xae1d21f8632f37e11493fef7307b4d09c6b27697be5c820806a840559b1b2e06", "price_changes": [{"asset_id": "6282889705019268501830975677564258188191770886711457649647605609853326924852", "price": "0.07", "size": "0", "side": "BUY", "hash": "cf6b1b89c1e12731c859585a597aa1f609692903", "best_bid": "0.84", "best_ask": "0.85"}, {"asset_id": "70179930004460104520571721963263381325865077807861641105900318902168490512539", "price": "0.93", "size": "0", "side": "SELL", "hash": "7314c9f58637c60193aed326be33eea8c2bc88e1", "best_bid": "0.15", "best_ask": "0.16"}], "timestamp": "1769384797787", "event_type": "price_change"}}
{"_local_timestamp": "2026-01-25T23:46:38.504818+00:00", "data": {"market": "0xae1d21f8632f37e11493fef7307b4d09c6b27697be5c820806a840559b1b2e06", "price_changes": [{"asset_id": "6282889705019268501830975677564258188191770886711457649647605609853326924852", "price": "0.09", "size": "5.1", "side": "BUY", "hash": "41d6f34fabeec5fd4f19ae7e64d5e755df67bddf", "best_bid": "0.84", "best_ask": "0.85"}, {"asset_id": "70179930004460104520571721963263381325865077807861641105900318902168490512539", "price": "0.91", "size": "5.1", "side": "SELL", "hash": "6175ff607b072f0e6bab55b8a112421ca8377d77", "best_bid": "0.15", "best_ask": "0.16"}], "timestamp": "1769384798239", "event_type": "price_change"}}
{"_local_timestamp": "2026-01-25T23:46:38.505169+00:00", "data": {"market": "0xae1d21f8632f37e11493fef7307b4d09c6b27697be5c820806a840559b1b2e06", "price_changes": [{"asset_id": "6282889705019268501830975677564258188191770886711457649647605609853326924852", "price": "0.02", "size": "405011.38", "side": "BUY", "hash": "60d6dc1f59414e2a46e4a173c180b449f31a3117", "best_bid": "0.84", "best_ask": "0.85"}, {"asset_id": "70179930004460104520571721963263381325865077807861641105900318902168490512539", "price": "0.98", "size": "405011.38", "side": "SELL", "hash": "cc9919bda25d0d9b1c869aab907314d3863001a2", "best_bid": "0.15", "best_ask": "0.16"}], "timestamp": "1769384798240", "event_type": "price_change"}}
{"_local_timestamp": "2026-01-25T23:46:38.505447+00:00", "data": {"market": "0x44b642636473fb07f0c2319a1d25729a36134969076ffdbb8979cbfdda612b14", "price_changes": [{"asset_id": "31436003141911636826257012170104365274669938022228084492450613161428480917013", "price": "0.09", "size": "11.96", "side": "BUY", "hash": "a961a34c712c88b761602b99443683ca5bf67e01", "best_bid": "0.16", "best_ask": "0.18"}, {"asset_id": "5210147086444382339849101722545511095151948730486562412029285471203011774407", "price": "0.91", "size": "11.96", "side": "SELL", "hash": "6eea0c03040b980d102c852af7d2a33a0aa56d6e", "best_bid": "0.82", "best_ask": "0.84"}], "timestamp": "1769384798239", "event_type": "price_change"}}
{"_local_timestamp": "2026-01-25T23:46:38.505729+00:00", "data": {"market": "0xae1d21f8632f37e11493fef7307b4d09c6b27697be5c820806a840559b1b2e06", "price_changes": [{"asset_id": "6282889705019268501830975677564258188191770886711457649647605609853326924852", "price": "0.05", "size": "3049.27", "side": "BUY", "hash": "17d38a38cf80a0b82ed122c86aae2c367b5bd31e", "best_bid": "0.84", "best_ask": "0.85"}, {"asset_id": "70179930004460104520571721963263381325865077807861641105900318902168490512539", "price": "0.95", "size": "3049.27", "side": "SELL", "hash": "0d6867badfff7ca416df0e3ca5499a40f71039f9", "best_bid": "0.15", "best_ask": "0.16"}], "timestamp": "1769384798242", "event_type": "price_change"}}
{"_local_timestamp": "2026-01-25T23:46:38.867329+00:00", "data": {"market": "0x44b642636473fb07f0c2319a1d25729a36134969076ffdbb8979cbfdda612b14", "price_changes": [{"asset_id": "31436003141911636826257012170104365274669938022228084492450613161428480917013", "price": "0.08", "size": "0", "side": "BUY", "hash": "50d550980e0ea2a59dcb7f73aab3804d9a5385ea", "best_bid": "0.16", "best_ask": "0.18"}, {"asset_id": "5210147086444382339849101722545511095151948730486562412029285471203011774407", "price": "0.92", "size": "0", "side": "SELL", "hash": "2b9d5d06a5739afa72ea292895d776b7ba85b7d5", "best_bid": "0.82", "best_ask": "0.84"}], "timestamp": "1769384798608", "event_type": "price_change"}}
{"_local_timestamp": "2026-01-25T23:46:38.901354+00:00", "data": {"market": "0x44b642636473fb07f0c2319a1d25729a36134969076ffdbb8979cbfdda612b14", "price_changes": [{"asset_id": "31436003141911636826257012170104365274669938022228084492450613161428480917013", "price": "0.1", "size": "20", "side": "BUY", "hash": "8dcf245ca1c877848a03732683aa33cc25eb6bd3", "best_bid": "0.16", "best_ask": "0.18"}, {"asset_id": "5210147086444382339849101722545511095151948730486562412029285471203011774407", "price": "0.9", "size": "20", "side": "SELL", "hash": "ff4e4880e726947b0c37418c7844c0d978614547", "best_bid": "0.82", "best_ask": "0.84"}], "timestamp": "1769384798636", "event_type": "price_change"}}
{"_local_timestamp": "2026-01-25T23:47:03.726341+00:00", "data": {"market": "0x44b642636473fb07f0c2319a1d25729a36134969076ffdbb8979cbfdda612b14", "price_changes": [{"asset_id": "5210147086444382339849101722545511095151948730486562412029285471203011774407", "price": "0.1", "size": "0", "side": "BUY", "hash": "15c09610030cb988cce7e96470aa93e2a0b13cee", "best_bid": "0.82", "best_ask": "0.84"}, {"asset_id": "31436003141911636826257012170104365274669938022228084492450613161428480917013", "price": "0.9", "size": "0", "side": "SELL", "hash": "fb3446f17ffd3b7117a11b5da72f296762a5ba10", "best_bid": "0.16", "best_ask": "0.18"}], "timestamp": "1769384823602", "event_type": "price_change"}}
{"_local_timestamp": "2026-01-25T23:47:03.901145+00:00", "data": {"market": "0x44b642636473fb07f0c2319a1d25729a36134969076ffdbb8979cbfdda612b14", "price_changes": [{"asset_id": "5210147086444382339849101722545511095151948730486562412029285471203011774407", "price": "0.1", "size": "3049", "side": "BUY", "hash": "0d00bd62442fc88988a6726f0274d5624b2c25a2", "best_bid": "0.82", "best_ask": "0.84"}, {"asset_id": "31436003141911636826257012170104365274669938022228084492450613161428480917013", "price": "0.9", "size": "3049", "side": "SELL", "hash": "b2c6190609f3f52d49e68205d55fccb5d68b0451", "best_bid": "0.16", "best_ask": "0.18"}], "timestamp": "1769384823765", "event_type": "price_change"}}
{"_local_timestamp": "2026-01-25T23:47:04.527497+00:00", "data": {"market": "0xae1d21f8632f37e11493fef7307b4d09c6b27697be5c820806a840559b1b2e06", "price_changes": [{"asset_id": "6282889705019268501830975677564258188191770886711457649647605609853326924852", "price": "0.05", "size": "5.27", "side": "BUY", "hash": "6bc46d0e9c2cd92d683b8e26b5184623eccfeee1", "best_bid": "0.84", "best_ask": "0.85"}, {"asset_id": "70179930004460104520571721963263381325865077807861641105900318902168490512539", "price": "0.95", "size": "5.27", "side": "SELL", "hash": "77602af7480a522d489a4b75b7963ed2d2e1559f", "best_bid": "0.15", "best_ask": "0.16"}], "timestamp": "1769384824395", "event_type": "price_change"}}
{"_local_timestamp": "2026-01-25T23:47:04.699974+00:00", "data": {"market": "0xae1d21f8632f37e11493fef7307b4d09c6b27697be5c820806a840559b1b2e06", "price_changes": [{"asset_id": "6282889705019268501830975677564258188191770886711457649647605609853326924852", "price": "0.05", "size": "3046.27", "side": "BUY", "hash": "643759cf97700a58433060571e9e4a0c7ef4e26f", "best_bid": "0.84", "best_ask": "0.85"}, {"asset_id": "70179930004460104520571721963263381325865077807861641105900318902168490512539", "price": "0.95", "size": "3046.27", "side": "SELL", "hash": "53594f0f09ae426f93559a0a670c82ff748bff9e", "best_bid": "0.15", "best_ask": "0.16"}], "timestamp": "1769384824552", "event_type": "price_change"}}
{"_local_timestamp": "2026-01-25T23:47:05.321602+00:00", "data": {"market": "0xae1d21f8632f37e11493fef7307b4d09c6b27697be5c820806a840559b1b2e06", "price_changes": [{"asset_id": "6282889705019268501830975677564258188191770886711457649647605609853326924852", "price": "0.73", "size": "0", "side": "BUY", "hash": "b2457bdbc8813656391fdf4fbc393a99c87d809d", "best_bid": "0.84", "best_ask": "0.85"}, {"asset_id": "70179930004460104520571721963263381325865077807861641105900318902168490512539", "price": "0.27", "size": "0", "side": "SELL", "hash": "3588f2a01d633dd79b4aaca83e69a67b9baf73df", "best_bid": "0.15", "best_ask": "0.16"}], "timestamp": "1769384825191", "event_type": "price_change"}}
{"_local_timestamp": "2026-01-25T23:47:05.439439+00:00", "data": {"market": "0xae1d21f8632f37e11493fef7307b4d09c6b27697be5c820806a840559b1b2e06", "price_changes": [{"asset_id": "6282889705019268501830975677564258188191770886711457649647605609853326924852", "price": "0.75", "size": "10", "side": "BUY", "hash": "beed27a84f1f0c9e5ede68923482fb8965e28ad4", "best_bid": "0.84", "best_ask": "0.85"}, {"asset_id": "70179930004460104520571721963263381325865077807861641105900318902168490512539", "price": "0.25", "size": "10", "side": "SELL", "hash": "537bf99815aa8915e5c99ad4f62f1627225c11b3", "best_bid": "0.15", "best_ask": "0.16"}], "timestamp": "1769384825304", "event_type": "price_change"}}
{"_local_timestamp": "2026-01-25T23:47:05.947078+00:00", "data": {"market": "0xae1d21f8632f37e11493fef7307b4d09c6b27697be5c820806a840559b1b2e06", "price_changes": [{"asset_id": "6282889705019268501830975677564258188191770886711457649647605609853326924852", "price": "0.74", "size": "0", "side": "BUY", "hash": "a5d1b60f29e087f3782a5b8bb759d13c68f8033a", "best_bid": "0.84", "best_ask": "0.85"}, {"asset_id": "70179930004460104520571721963263381325865077807861641105900318902168490512539", "price": "0.26", "size": "0", "side": "SELL", "hash": "b88ab6f2b77ea5ca3c03280ff0e6623908b60771", "best_bid": "0.15", "best_ask": "0.16"}], "timestamp": "1769384825830", "event_type": "price_change"}}
{"_local_timestamp": "2026-01-25T23:47:05.976155+00:00", "data": {"market": "0xae1d21f8632f37e11493fef7307b4d09c6b27697be5c820806a840559b1b2e06", "price_changes": [{"asset_id": "6282889705019268501830975677564258188191770886711457649647605609853326924852", "price": "0.76", "size": "20", "side": "BUY", "hash": "ec37d373ef90b4936a2753361bfe44ed00924971", "best_bid": "0.84", "best_ask": "0.85"}, {"asset_id": "70179930004460104520571721963263381325865077807861641105900318902168490512539", "price": "0.24", "size": "20", "side": "SELL", "hash": "1c79edbd074d9dbeb86a569a3135aa5bee7e5577", "best_bid": "0.15", "best_ask": "0.16"}], "timestamp": "1769384825860", "event_type": "price_change"}}
{"_local_timestamp": "2026-01-25T23:47:12.958015+00:00", "data": {"market": "0xae1d21f8632f37e11493fef7307b4d09c6b27697be5c820806a840559b1b2e06", "price_changes": [{"asset_id": "70179930004460104520571721963263381325865077807861641105900318902168490512539", "price": "0.05", "size": "0", "side": "BUY", "hash": "6c45e7c19ff6a1bdfbbb0dfa8f0097220c8b6a4c", "best_bid": "0.15", "best_ask": "0.16"}, {"asset_id": "6282889705019268501830975677564258188191770886711457649647605609853326924852", "price": "0.95", "size": "0", "side": "SELL", "hash": "d7b8d2c58aa15ea30b4d02961172b97ac211ec95", "best_bid": "0.84", "best_ask": "0.85"}], "timestamp": "1769384832822", "event_type": "price_change"}}
{"_local_timestamp": "2026-01-25T23:47:13.390609+00:00", "data": {"market": "0xae1d21f8632f37e11493fef7307b4d09c6b27697be5c820806a840559b1b2e06", "price_changes": [{"asset_id": "70179930004460104520571721963263381325865077807861641105900318902168490512539", "price": "0.04", "size": "257.44", "side": "BUY", "hash": "36f2c4f2603b2448b3c809f7ae5f1011b780a049", "best_bid": "0.15", "best_ask": "0.16"}, {"asset_id": "6282889705019268501830975677564258188191770886711457649647605609853326924852", "price": "0.96", "size": "257.44", "side": "SELL", "hash": "fcd5fe15cc91c5c78bf0e7d17c58928d12db0fe9", "best_bid": "0.84", "best_ask": "0.85"}], "timestamp": "1769384833259", "event_type": "price_change"}}
{"_local_timestamp": "2026-01-25T23:47:13.390911+00:00", "data": {"market": "0xae1d21f8632f37e11493fef7307b4d09c6b27697be5c820806a840559b1b2e06", "price_changes": [{"asset_id": "70179930004460104520571721963263381325865077807861641105900318902168490512539", "price": "0.07", "size": "6.81", "side": "BUY", "hash": "d59dc646cff5621435af2aa95b7544b97383bd93", "best_bid": "0.15", "best_ask": "0.16"}, {"asset_id": "6282889705019268501830975677564258188191770886711457649647605609853326924852", "price": "0.93", "size": "6.81", "side": "SELL", "hash": "1ba09850a1b7b1d32d5ef0a1c5b5679f4e70f9d7", "best_bid": "0.84", "best_ask": "0.85"}], "timestamp": "1769384833261", "event_type": "price_change"}}
{"_local_timestamp": "2026-01-25T23:48:08.996087+00:00", "data": {"market": "0xae1d21f8632f37e11493fef7307b4d09c6b27697be5c820806a840559b1b2e06", "price_changes": [{"asset_id": "70179930004460104520571721963263381325865077807861641105900318902168490512539", "price": "0.06", "size": "0", "side": "BUY", "hash": "2a504c18ea5ad9922750ca23bef4f219aa3163db", "best_bid": "0.15", "best_ask": "0.16"}, {"asset_id": "6282889705019268501830975677564258188191770886711457649647605609853326924852", "price": "0.94", "size": "0", "side": "SELL", "hash": "abf60eb2b3b7d3a58b3ebe5534618a95c228f674", "best_bid": "0.84", "best_ask": "0.85"}], "timestamp": "1769384888912", "event_type": "price_change"}}
{"_local_timestamp": "2026-01-25T23:48:09.153206+00:00", "data": {"market": "0xae1d21f8632f37e11493fef7307b4d09c6b27697be5c820806a840559b1b2e06", "price_changes": [{"asset_id": "70179930004460104520571721963263381325865077807861641105900318902168490512539", "price": "0.08", "size": "10", "side": "BUY", "hash": "b53d16152059f0b25268930e785ee66ebe503ba7", "best_bid": "0.15", "best_ask": "0.16"}, {"asset_id": "6282889705019268501830975677564258188191770886711457649647605609853326924852", "price": "0.92", "size": "10", "side": "SELL", "hash": "4accee1e205fd97363b9f78fa49995ebd92e5a14", "best_bid": "0.84", "best_ask": "0.85"}], "timestamp": "1769384889024", "event_type": "price_change"}}
{"_local_timestamp": "2026-01-25T23:48:09.200454+00:00", "data": {"market": "0xae1d21f8632f37e11493fef7307b4d09c6b27697be5c820806a840559b1b2e06", "price_changes": [{"asset_id": "6282889705019268501830975677564258188191770886711457649647605609853326924852", "price": "0.75", "size": "0", "side": "BUY", "hash": "d075f2d0dc12ee7fae5d6ab2cf911706bae10966", "best_bid": "0.84", "best_ask": "0.85"}, {"asset_id": "70179930004460104520571721963263381325865077807861641105900318902168490512539", "price": "0.25", "size": "0", "side": "SELL", "hash": "6c69d6e101242ae9b5fc965412725a180ac15693", "best_bid": "0.15", "best_ask": "0.16"}], "timestamp": "1769384889103", "event_type": "price_change"}}
{"_local_timestamp": "2026-01-25T23:48:09.261539+00:00", "data": {"market": "0xae1d21f8632f37e11493fef7307b4d09c6b27697be5c820806a840559b1b2e06", "price_changes": [{"asset_id": "6282889705019268501830975677564258188191770886711457649647605609853326924852", "price": "0.77", "size": "10", "side": "BUY", "hash": "b7094e552ba5e994ee462e9e64d08c2f5de49879", "best_bid": "0.84", "best_ask": "0.85"}, {"asset_id": "70179930004460104520571721963263381325865077807861641105900318902168490512539", "price": "0.23", "size": "10", "side": "SELL", "hash": "222a1fad75299823b3f7a0626d29c5ea3e034543", "best_bid": "0.15", "best_ask": "0.16"}], "timestamp": "1769384889191", "event_type": "price_change"}}
{"_local_timestamp": "2026-01-25T23:48:09.742253+00:00", "data": {"market": "0xae1d21f8632f37e11493fef7307b4d09c6b27697be5c820806a840559b1b2e06", "price_changes": [{"asset_id": "6282889705019268501830975677564258188191770886711457649647605609853326924852", "price": "0.84", "size": "85.16", "side": "BUY", "hash": "d0d124594714065bc27451c93f874e85790ce1e2", "best_bid": "0.84", "best_ask": "0.85"}, {"asset_id": "70179930004460104520571721963263381325865077807861641105900318902168490512539", "price": "0.16", "size": "85.16", "side": "SELL", "hash": "6877a22a98d8f1796d33368978bef10ada6b270b", "best_bid": "0.15", "best_ask": "0.16"}], "timestamp": "1769384889676", "event_type": "price_change"}}
{"_local_timestamp": "2026-01-25T23:48:09.780531+00:00", "data": {"market": "0xae1d21f8632f37e11493fef7307b4d09c6b27697be5c820806a840559b1b2e06", "price_changes": [{"asset_id": "70179930004460104520571721963263381325865077807861641105900318902168490512539", "price": "0.14", "size": "131.76", "side": "BUY", "hash": "85ea434868c0aed060f24657a325ee1d71bbbc57", "best_bid": "0.15", "best_ask": "0.16"}, {"asset_id": "6282889705019268501830975677564258188191770886711457649647605609853326924852", "price": "0.86", "size": "131.76", "side": "SELL", "hash": "d613a7e0605f49cb3d060ef1c3e8ea50d722c9ef", "best_bid": "0.84", "best_ask": "0.85"}], "timestamp": "1769384889720", "event_type": "price_change"}}
{"_local_timestamp": "2026-01-25T23:48:10.107418+00:00", "data": {"market": "0xae1d21f8632f37e11493fef7307b4d09c6b27697be5c820806a840559b1b2e06", "price_changes": [{"asset_id": "6282889705019268501830975677564258188191770886711457649647605609853326924852", "price": "0.84", "size": "185.16", "side": "BUY", "hash": "cbbd97ccc969e71ab5f8b8d513319e266dac28c3", "best_bid": "0.84", "best_ask": "0.85"}, {"asset_id": "70179930004460104520571721963263381325865077807861641105900318902168490512539", "price": "0.16", "size": "185.16", "side": "SELL", "hash": "001942db7f29f03193beb33bd2fa03d5604e7f11", "best_bid": "0.15", "best_ask": "0.16"}], "timestamp": "1769384890022", "event_type": "price_change"}}
{"_local_timestamp": "2026-01-25T23:48:11.934932+00:00", "data": {"market": "0xae1d21f8632f37e11493fef7307b4d09c6b27697be5c820806a840559b1b2e06", "price_changes": [{"asset_id": "6282889705019268501830975677564258188191770886711457649647605609853326924852", "price": "0.35", "size": "100", "side": "BUY", "hash": "8d71a19d40f3866ee5ba745cd0c37bac315613b2", "best_bid": "0.84", "best_ask": "0.85"}, {"asset_id": "70179930004460104520571721963263381325865077807861641105900318902168490512539", "price": "0.65", "size": "100", "side": "SELL", "hash": "29bc5e1d493d8f4a8c40ee0ba9869aca821a9199", "best_bid": "0.15", "best_ask": "0.16"}], "timestamp": "1769384891867", "event_type": "price_change"}}
{"_local_timestamp": "2026-01-25T23:48:12.028384+00:00", "data": {"market": "0xae1d21f8632f37e11493fef7307b4d09c6b27697be5c820806a840559b1b2e06", "price_changes": [{"asset_id": "6282889705019268501830975677564258188191770886711457649647605609853326924852", "price": "0.76", "size": "0", "side": "BUY", "hash": "3ab36e08cc612c02d16e06a8eb18e780b9e81adb", "best_bid": "0.84", "best_ask": "0.85"}, {"asset_id": "70179930004460104520571721963263381325865077807861641105900318902168490512539", "price": "0.24", "size": "0", "side": "SELL", "hash": "8af5370fcb7247ba4ac41831b4f5d82be6936a52", "best_bid": "0.15", "best_ask": "0.16"}], "timestamp": "1769384891910", "event_type": "price_change"}}
{"_local_timestamp": "2026-01-25T23:48:12.037668+00:00", "data": {"market": "0xae1d21f8632f37e11493fef7307b4d09c6b27697be5c820806a840559b1b2e06", "price_changes": [{"asset_id": "6282889705019268501830975677564258188191770886711457649647605609853326924852", "price": "0.36", "size": "5", "side": "BUY", "hash": "4f6df0661b45379d2f1a3b5168c358800a232fe0", "best_bid": "0.84", "best_ask": "0.85"}, {"asset_id": "70179930004460104520571721963263381325865077807861641105900318902168490512539", "price": "0.64", "size": "5", "side": "SELL", "hash": "d12b9d90cd0635bd3c185a1a3b9e5681e29e7af5", "best_bid": "0.15", "best_ask": "0.16"}], "timestamp": "1769384891914", "event_type": "price_change"}}
{"_local_timestamp": "2026-01-25T23:48:12.045164+00:00", "data": {"market": "0xae1d21f8632f37e11493fef7307b4d09c6b27697be5c820806a840559b1b2e06", "price_changes": [{"asset_id": "6282889705019268501830975677564258188191770886711457649647605609853326924852", "price": "0.61", "size": "20", "side": "BUY", "hash": "333ba927c9ecc505caae58f373f51a76280a198f", "best_bid": "0.84", "best_ask": "0.85"}, {"asset_id": "70179930004460104520571721963263381325865077807861641105900318902168490512539", "price": "0.39", "size": "20", "side": "SELL", "hash": "686c61470aa59093983ed78f091ff5594eb05e92", "best_bid": "0.15", "best_ask": "0.16"}], "timestamp": "1769384891936", "event_type": "price_change"}}
