{"_local_timestamp": "2026-01-25T23:34:21.962210+00:00", "data": [{"market": "0x8533de32e4bcfc22d1c8fe8d79be73b319505c2bc19733f62d2d217695df463d", "asset_id": "10294751913664150954490376491698671979327007140911807306258100671330452028850", "timestamp": "1769384056959", "hash": "2ca324b952ab603fc21cfe3cb966d3b12ae5a412", "bids": [{"price": "0.01", "size": "4307.79"}, {"price": "0.02", "size": "2524"}, {"price": "0.03", "size": "258.01"}, {"price": "0.04", "size": "512"}, {"price": "0.05", "size": "20"}, {"price": "0.08", "size": "1206"}, {"price": "0.09", "size": "7.35"}, {"price": "0.12", "size": "1018.31"}, {"price": "0.15", "size": "213.33"}, {"price": "0.16", "size": "128"}, {"price": "0.17", "size": "1240"}, {"price": "0.18", "size": "100"}, {"price": "0.19", "size": "147.36"}, {"price": "0.22", "size": "210"}, {"price": "0.23", "size": "163.04"}, {"price": "0.24", "size": "1748"}, {"price": "0.27", "size": "238.88"}, {"price": "0.3", "size": "5"}, {"price": "0.31", "size": "64.51"}, {"price": "0.32", "size": "64"}, {"price": "0.33", "size": "31"}, {"price": "0.34", "size": "125"}, {"price": "0.48", "size": "48"}, {"price": "0.49", "size": "5"}, {"price": "0.52", "size": "5"}, {"price": "0.54", "size": "29"}, {"price": "0.55", "size": "702.66"}, {"price": "0.56", "size": "32"}, {"price": "0.57", "size": "5"}, {"price": "0.59", "size": "5"}, {"price": "0.6", "size": "993.76"}, {"price": "0.63", "size": "805"}, {"price": "0.65", "size": "991.48"}, {"price": "0.66", "size": "2066.66"}, {"price": "0.67", "size": "450"}, {"price": "0.68", "size": "62.05"}, {"price": "0.71", "size": "784"}, {"price": "0.72", "size": "1533.65"}, {"price": "0.73", "size": "1042.18"}, {"price": "0.74", "size": "800"}, {"price": "0.75", "size": "2373.53"}, {"price": "0.76", "size": "317.98"}], "asks": [{"price": "0.99", "size": "2600"}, {"price": "0.98", "size": "3767.75"}, {"price": "0.97", "size": "1250"}, {"price": "0.96", "size": "648.29"}, {"price": "0.95", "size": "5"}, {"price": "0.92", "size": "199.02"}, {"price": "0.91", "size": "110.76"}, {"price": "0.9", "size": "100"}, {"price": "0.88", "size": "715.57"}, {"price": "0.87", "size": "5"}, {"price": "0.86", "size": "937.79"}, {"price": "0.85", "size": "3550"}, {"price": "0.84", "size": "474"}, {"price": "0.83", "size": "2064.47"}, {"price": "0.82", "size": "365"}, {"price": "0.81", "size": "962.89"}, {"price": "0.8", "size": "857"}, {"price": "0.79", "size": "3802.51"}, {"price": "0.78", "size": "2128.23"}, {"price": "0.77", "size": "281.93"}], "event_type": "book", "last_trade_price": "0.770"}, {"market": "0x8533de32e4bcfc22d1c8fe8d79be73b319505c2bc19733f62d2d217695df463d", "asset_id": "12264156026971330105547062325942034923644239973332692407872641524835375755855", "timestamp": "1769384056959", "hash": "b3fa65d02f102d1b30c59154a36fdf689b00f62d", "bids": [{"price": "0.01", "size": "2600"}, {"price": "0.02", "size": "3767.75"}, {"price": "0.03", "size": "1250"}, {"price": "0.04", "size": "648.29"}, {"price": "0.05", "size": "5"}, {"price": "0.08", "size": "199.02"}, {"price": "0.09", "size": "110.76"}, {"price": "0.1", "size": "100"}, {"price": "0.12", "size": "715.57"}, {"price": "0.13", "size": "5"}, {"price": "0.14", "size": "937.79"}, {"price": "0.15", "size": "3550"}, {"price": "0.16", "size": "474"}, {"price": "0.17", "size": "2064.47"}, {"price": "0.18", "size": "365"}, {"price": "0.19", "size": "962.89"}, {"price": "0.2", "size": "857"}, {"price": "0.21", "size": "3802.51"}, {"price": "0.22", "size": "2128.23"}, {"price": "0.23", "size": "281.93"}], "asks": [{"price": "0.99", "size": "4307.79"}, {"price": "0.98", "size": "2524"}, {"price": "0.97", "size": "258.01"}, {"price": "0.96", "size": "512"}, {"price": "0.95", "size": "20"}, {"price": "0.92", "size": "1206"}, {"price": "0.91", "size": "7.35"}, {"price": "0.88", "size": "1018.31"}, {"price": "0.85", "size": "213.33"}, {"price": "0.84", "size": "128"}, {"price": "0.83", "size": "1240"}, {"price": "0.82", "size": "100"}, {"price": "0.81", "size": "147.36"}, {"price": "0.78", "size": "210"}, {"price": "0.77", "size": "163.04"}, {"price": "0.76", "size": "1748"}, {"price": "0.73", "size": "238.88"}, {"price": "0.7", "size": "5"}, {"price": "0.69", "size": "64.51"}, {"price": "0.68", "size": "64"}, {"price": "0.67", "size": "31"}, {"price": "0.66", "size": "125"}, {"price": "0.52", "size": "48"}, {"price": "0.51", "size": "5"}, {"price": "0.48", "size": "5"}, {"price": "0.46", "size": "29"}, {"price": "0.45", "size": "702.66"}, {"price": "0.44", "size": "32"}, {"price": "0.43", "size": "5"}, {"price": "0.41", "size": "5"}, {"price": "0.4", "size": "993.76"}, {"price": "0.37", "size": "805"}, {"price": "0.35", "size": "991.48"}, {"price": "0.34", "size": "2066.66"}, {"price": "0.33", "size": "450"}, {"price": "0.32", "size": "62.05"}, {"price": "0.29", "size": "784"}, {"price": "0.28", "size": "1533.65"}, {"price": "0.27", "size": "1042.18"}, {"price": "0.26", "size": "800"}, {"price": "0.25", "size": "2373.53"}, {"price": "0.24", "size": "317.98"}], "event_type": "book", "last_trade_price": "0.770"}]}
{"_local_timestamp": "2026-01-25T23:34:22.747394+00:00", "data": {"market": "0x8533de32e4bcfc22d1c8fe8d79be73b319505c2bc19733f62d2d217695df463d", "price_changes": [{"asset_id": "12264156026971330105547062325942034923644239973332692407872641524835375755855", "price": "0.16", "size": "674", "side": "BUY", "hash": "9ef79ac580ccf224a7bbac445d1d10ff6dc16218", "best_bid": "0.23", "best_ask": "0.24"}, {"asset_id": "10294751913664150954490376491698671979327007140911807306258100671330452028850", "price": "0.84", "size": "674", "side": "SELL", "hash": "a7b17d4d15711559fa04d68e02524bb6c2076d9b", "best_bid": "0.76", "best_ask": "0.77"}], "timestamp": "1769384062655", "event_type": "price_change"}}
{"_local_timestamp": "2026-01-25T23:34:27.614800+00:00", "data": {"market": "0x8533de32e4bcfc22d1c8fe8d79be73b319505c2bc19733f62d2d217695df463d", "price_changes": [{"asset_id": "10294751913664150954490376491698671979327007140911807306258100671330452028850", "price": "0.17", "size": "1090", "side": "BUY", "hash": "acdb375715139b0d260e1d9178e7f4048570e33d", "best_bid": "0.76", "best_ask": "0.77"}, {"asset_id": "12264156026971330105547062325942034923644239973332692407872641524835375755855", "price": "0.83", "size": "1090", "side": "SELL", "hash": "eff2ad9e2dd9b8360a978d83bee801f6d48799aa", "best_bid": "0.23", "best_ask": "0.24"}], "timestamp": "1769384067498", "event_type": "price_change"}}
{"_local_timestamp": "2026-01-25T23:34:27.615254+00:00", "data": {"market": "0x8533de32e4bcfc22d1c8fe8d79be73b319505c2bc19733f62d2d217695df463d", "price_changes": [{"asset_id": "10294751913664150954490376491698671979327007140911807306258100671330452028850", "price": "0.22", "size": "110", "side": "BUY", "hash": "acdb375715139b0d260e1d9178e7f4048570e33d", "best_bid": "0.76", "best_ask": "0.77"}, {"asset_id": "12264156026971330105547062325942034923644239973332692407872641524835375755855", "price": "0.78", "size": "110", "side": "SELL", "hash": "eff2ad9e2dd9b8360a978d83bee801f6d48799aa", "best_bid": "0.23", "best_ask": "0.24"}], "timestamp": "1769384067498", "event_type": "price_change"}}
{"_local_timestamp": "2026-01-25T23:34:28.322288+00:00", "data": {"market": "0x8533de32e4bcfc22d1c8fe8d79be73b319505c2bc19733f62d2d217695df463d", "price_changes": [{"asset_id": "10294751913664150954490376491698671979327007140911807306258100671330452028850", "price": "0.18", "size": "250", "side": "BUY", "hash": "611fa4e208902f551e86db925c6b9f8906feb1d9", "best_bid": "0.76", "best_ask": "0.77"}, {"asset_id": "12264156026971330105547062325942034923644239973332692407872641524835375755855", "price": "0.82", "size": "250", "side": "SELL", "hash": "8e4c8646dc7581d4e3b950b0bba62ac406596167", "best_bid": "0.23", "best_ask": "0.24"}], "timestamp": "1769384068083", "event_type": "price_change"}}
{"_local_timestamp": "2026-01-25T23:34:28.639179+00:00", "data": {"market": "0x8533de32e4bcfc22d1c8fe8d79be73b319505c2bc19733f62d2d217695df463d", "price_changes": [{"asset_id": "10294751913664150954490376491698671979327007140911807306258100671330452028850", "price": "0.27", "size": "338.88", "side": "BUY", "hash": "c2b7ea933e6fa329f20d9714528a75d7476ecd0d", "best_bid": "0.76", "best_ask": "0.77"}, {"asset_id": "12264156026971330105547062325942034923644239973332692407872641524835375755855", "price": "0.73", "size": "338.88", "side": "SELL", "hash": "6b554566693ac939eed9e6e8d23585acd5abca1b", "best_bid": "0.23", "best_ask": "0.24"}], "timestamp": "1769384068188", "event_type": "price_change"}}
{"_local_timestamp": "2026-01-25T23:34:33.389857+00:00", "data": {"market": "0x8533de32e4bcfc22d1c8fe8d79be73b319505c2bc19733f62d2d217695df463d", "price_changes": [{"asset_id": "10294751913664150954490376491698671979327007140911807306258100671330452028850", "price": "0.74", "size": "600", "side": "BUY", "hash": "a6ff8fdf4c1fbfa0687d3e981e4f6cab62609548", "best_bid": "0.76", "best_ask": "0.77"}, {"asset_id": "12264156026971330105547062325942034923644239973332692407872641524835375755855", "price": "0.26", "size": "600", "side": "SELL", "hash": "5df9284710013a59bcfd0c550692b3b23e2cccef", "best_bid": "0.23", "best_ask": "0.24"}], "timestamp": "1769384073316", "event_type": "price_change"}}
{"_local_timestamp": "2026-01-25T23:34:33.900204+00:00", "data": {"market": "0x8533de32e4bcfc22d1c8fe8d79be73b319505c2bc19733f62d2d217695df463d", "price_changes": [{"asset_id": "10294751913664150954490376491698671979327007140911807306258100671330452028850", "price": "0.75", "size": "2573.53", "side": "BUY", "hash": "d00adc3e05fde7d39831bdd5f2af3873a676afea", "best_bid": "0.76", "best_ask": "0.77"}, {"asset_id": "12264156026971330105547062325942034923644239973332692407872641524835375755855", "price": "0.25", "size": "2573.53", "side": "SELL", "hash": "ebeaf1545ef27ba8481357253f2b600fd698ba28", "best_bid": "0.23", "best_ask": "0.24"}], "timestamp": "1769384073819", "event_type": "price_change"}}
{"_local_timestamp": "2026-01-25T23:34:43.614539+00:00", "data": {"market": "0x8533de32e4bcfc22d1c8fe8d79be73b319505c2bc19733f62d2d217695df463d", "price_changes": [{"asset_id": "10294751913664150954490376491698671979327007140911807306258100671330452028850", "price": "0.22", "size": "10", "side": "BUY", "hash": "a34f0acb048007b6d157aaa47e85f4519b9f6378", "best_bid": "0.76", "best_ask": "0.77"}, {"asset_id": "12264156026971330105547062325942034923644239973332692407872641524835375755855", "price": "0.78", "size": "10", "side": "SELL", "hash": "45493858bb36bfca2e5644696510522557cda89e", "best_bid": "0.23", "best_ask": "0.24"}], "timestamp": "1769384083542", "event_type": "price_change"}}
{"_local_timestamp": "2026-01-25T23:34:43.877688+00:00", "data": {"market": "0x8533de32e4bcfc22d1c8fe8d79be73b319505c2bc19733f62d2d217695df463d", "price_changes": [{"asset_id": "10294751913664150954490376491698671979327007140911807306258100671330452028850", "price": "0.24", "size": "1848", "side": "BUY", "hash": "7b776be8a138dc4669f2662353e49f0fb2c9af26", "best_bid": "0.76", "best_ask": "0.77"}, {"asset_id": "12264156026971330105547062325942034923644239973332692407872641524835375755855", "price": "0.76", "size": "1848", "side": "SELL", "hash": "03970a06f21077bb88b6a758f125740d6171d35d", "best_bid": "0.23", "best_ask": "0.24"}], "timestamp": "1769384083796", "event_type": "price_change"}}
{"_local_timestamp": "2026-01-25T23:35:26.819014+00:00", "data": {"market": "0x8533de32e4bcfc22d1c8fe8d79be73b319505c2bc19733f62d2d217695df463d", "price_changes": [{"asset_id": "10294751913664150954490376491698671979327007140911807306258100671330452028850", "price": "0.27", "size": "288.88", "side": "BUY", "hash": "8b4ee438f61af48219f67471aa5d9b3ac6d53506", "best_bid": "0.76", "best_ask": "0.77"}, {"asset_id": "12264156026971330105547062325942034923644239973332692407872641524835375755855", "price": "0.73", "size": "288.88", "side": "SELL", "hash": "d0426ad5e2b9ad34dcd1aa5c47b6442a545ce36d", "best_bid": "0.23", "best_ask": "0.24"}], "timestamp": "1769384126561", "event_type": "price_change"}}
{"_local_timestamp": "2026-01-25T23:35:26.820993+00:00", "data": {"market": "0x8533de32e4bcfc22d1c8fe8d79be73b319505c2bc19733f62d2d217695df463d", "price_changes": [{"asset_id": "10294751913664150954490376491698671979327007140911807306258100671330452028850", "price": "0.18", "size": "150", "side": "BUY", "hash": "8b4ee438f61af48219f67471aa5d9b3ac6d53506", "best_bid": "0.76", "best_ask": "0.77"}, {"asset_id": "12264156026971330105547062325942034923644239973332692407872641524835375755855", "price": "0.82", "size": "150", "side": "SELL", "hash": "d0426ad5e2b9ad34dcd1aa5c47b6442a545ce36d", "best_bid": "0.23", "best_ask": "0.24"}], "timestamp": "1769384126561", "event_type": "price_change"}}
{"_local_timestamp": "2026-01-25T23:35:27.161082+00:00", "data": {"market": "0x8533de32e4bcfc22d1c8fe8d79be73b319505c2bc19733f62d2d217695df463d", "price_changes": [{"asset_id": "10294751913664150954490376491698671979327007140911807306258100671330452028850", "price": "0.17", "size": "1190", "side": "BUY", "hash": "98ddf64994d24f466b7463189f867479136239d2", "best_bid": "0.76", "best_ask": "0.77"}, {"asset_id": "12264156026971330105547062325942034923644239973332692407872641524835375755855", "price": "0.83", "size": "1190", "side": "SELL", "hash": "6b1de67b3df6aa733c076326a9446b0ebae1ff64", "best_bid": "0.23", "best_ask": "0.24"}], "timestamp": "1769384126870", "event_type": "price_change"}}
{"_local_timestamp": "2026-01-25T23:35:27.302417+00:00", "data": {"market": "0x8533de32e4bcfc22d1c8fe8d79be73b319505c2bc19733f62d2d217695df463d", "price_changes": [{"asset_id": "10294751913664150954490376491698671979327007140911807306258100671330452028850", "price": "0.24", "size": "1898", "side": "BUY", "hash": "70d79550795641a43d80bdf826d900b1afd4e492", "best_bid": "0.76", "best_ask": "0.77"}, {"asset_id": "12264156026971330105547062325942034923644239973332692407872641524835375755855", "price": "0.76", "size": "1898", "side": "SELL", "hash": "785ff37516b6042eb920edff1149c9966ce7ac41", "best_bid": "0.23", "best_ask": "0.24"}], "timestamp": "1769384126912", "event_type": "price_change"}}
{"_local_timestamp": "2026-01-25T23:35:56.455148+00:00", "data": {"market": "0x8533de32e4bcfc22d1c8fe8d79be73b319505c2bc19733f62d2d217695df463d", "price_changes": [{"asset_id": "10294751913664150954490376491698671979327007140911807306258100671330452028850", "price": "0.23", "size": "113.04", "side": "BUY", "hash": "e2ef2432a92877a23a1e71369c3d850782a96513", "best_bid": "0.76", "best_ask": "0.77"}, {"asset_id": "12264156026971330105547062325942034923644239973332692407872641524835375755855", "price": "0.77", "size": "113.04", "side": "SELL", "hash": "388eec80e6727d3b787fa982dc5a18b4c00e4f1a", "best_bid": "0.23", "best_ask": "0.24"}], "timestamp": "1769384156294", "event_type": "price_change"}}
{"_local_timestamp": "2026-01-25T23:35:56.893050+00:00", "data": {"market": "0x8533de32e4bcfc22d1c8fe8d79be73b319505c2bc19733f62d2d217695df463d", "price_changes": [{"asset_id": "10294751913664150954490376491698671979327007140911807306258100671330452028850", "price": "0.24", "size": "1948", "side": "BUY", "hash": "1c5e369bae7e90429fa52676a18be8cbe3910cc7", "best_bid": "0.76", "best_ask": "0.77"}, {"asset_id": "12264156026971330105547062325942034923644239973332692407872641524835375755855", "price": "0.76", "size": "1948", "side": "SELL", "hash": "aba2b3dcdae4591f6d98eef601126624ef6209f0", "best_bid": "0.23", "best_ask": "0.24"}], "timestamp": "1769384156747", "event_type": "price_change"}}
{"_local_timestamp": "2026-01-25T23:36:00.298667+00:00", "data": {"market": "0x8533de32e4bcfc22d1c8fe8d79be73b319505c2bc19733f62d2d217695df463d", "price_changes": [{"asset_id": "12264156026971330105547062325942034923644239973332692407872641524835375755855", "price": "0.19", "size": "941.89", "side": "BUY", "hash": "57df14791b3c807addcacc4ab1b6c6d3ccecfcce", "best_bid": "0.23", "best_ask": "0.24"}, {"asset_id": "10294751913664150954490376491698671979327007140911807306258100671330452028850", "price": "0.81", "size": "941.89", "side": "SELL", "hash": "eed9ecb07e87fbae5aaa9d1f68587830b373f3a0", "best_bid": "0.76", "best_ask": "0.77"}], "timestamp": "1769384160225", "event_type": "price_change"}}
{"_local_timestamp": "2026-01-25T23:36:00.299152+00:00", "data": {"market": "0x8533de32e4bcfc22d1c8fe8d79be73b319505c2bc19733f62d2d217695df463d", "price_changes": [{"asset_id": "12264156026971330105547062325942034923644239973332692407872641524835375755855", "price": "0.21", "size": "3797.51", "side": "BUY", "hash": "57df14791b3c807addcacc4ab1b6c6d3ccecfcce", "best_bid": "0.23", "best_ask": "0.24"}, {"asset_id": "10294751913664150954490376491698671979327007140911807306258100671330452028850", "price": "0.79", "size": "3797.51", "side": "SELL", "hash": "eed9ecb07e87fbae5aaa9d1f68587830b373f3a0", "best_bid": "0.76", "best_ask": "0.77"}], "timestamp": "1769384160225", "event_type": "price_change"}}
{"_local_timestamp": "2026-01-25T23:36:00.299521+00:00", "data": {"market": "0x8533de32e4bcfc22d1c8fe8d79be73b319505c2bc19733f62d2d217695df463d", "price_changes": [{"asset_id": "12264156026971330105547062325942034923644239973332692407872641524835375755855", "price": "0.2", "size": "847", "side": "BUY", "hash": "57df14791b3c807addcacc4ab1b6c6d3ccecfcce", "best_bid": "0.23", "best_ask": "0.24"}, {"asset_id": "10294751913664150954490376491698671979327007140911807306258100671330452028850", "price": "0.8", "size": "847", "side": "SELL", "hash": "eed9ecb07e87fbae5aaa9d1f68587830b373f3a0", "best_bid": "0.76", "best_ask": "0.77"}], "timestamp": "1769384160225", "event_type": "price_change"}}
{"_local_timestamp": "2026-01-25T23:36:00.299865+00:00", "data": {"market": "0x8533de32e4bcfc22d1c8fe8d79be73b319505c2bc19733f62d2d217695df463d", "price_changes": [{"asset_id": "12264156026971330105547062325942034923644239973332692407872641524835375755855", "price": "0.17", "size": "2046.47", "side": "BUY", "hash": "57df14791b3c807addcacc4ab1b6c6d3ccecfcce", "best_bid": "0.23", "best_ask": "0.24"}, {"asset_id": "10294751913664150954490376491698671979327007140911807306258100671330452028850", "price": "0.83", "size": "2046.47", "side": "SELL", "hash": "eed9ecb07e87fbae5aaa9d1f68587830b373f3a0", "best_bid": "0.76", "best_ask": "0.77"}], "timestamp": "1769384160225", "event_type": "price_change"}}
{"_local_timestamp": "2026-01-25T23:36:00.314489+00:00", "data": {"market": "0x8533de32e4bcfc22d1c8fe8d79be73b319505c2bc19733f62d2d217695df463d", "price_changes": [{"asset_id": "12264156026971330105547062325942034923644239973332692407872641524835375755855", "price": "0.19", "size": "951.89", "side": "BUY", "hash": "517a24c32e0dca58ffb3991465ec11219c8a5195", "best_bid": "0.23", "best_ask": "0.24"}, {"asset_id": "10294751913664150954490376491698671979327007140911807306258100671330452028850", "price": "0.81", "size": "951.89", "side": "SELL", "hash": "a98c9d3659e72a632bc78783ee01d0bceca9e28d", "best_bid": "0.76", "best_ask": "0.77"}], "timestamp": "1769384160238", "event_type": "price_change"}}
{"_local_timestamp": "2026-01-25T23:36:00.314874+00:00", "data": {"market": "0x8533de32e4bcfc22d1c8fe8d79be73b319505c2bc19733f62d2d217695df463d", "price_changes": [{"asset_id": "12264156026971330105547062325942034923644239973332692407872641524835375755855", "price": "0.2", "size": "852", "side": "BUY", "hash": "f53e6dde25a06e44a50c466e6959acd6850a01c7", "best_bid": "0.23", "best_ask": "0.24"}, {"asset_id": "10294751913664150954490376491698671979327007140911807306258100671330452028850", "price": "0.8", "size": "852", "side": "SELL", "hash": "2dba5eaa838f049e3edd1754a2030fbd94060bd7", "best_bid": "0.76", "best_ask": "0.77"}], "timestamp": "1769384160239", "event_type": "price_change"}}
{"_local_timestamp": "2026-01-25T23:36:06.075865+00:00", "data": {"market": "0x8533de32e4bcfc22d1c8fe8d79be73b319505c2bc19733f62d2d217695df463d", "price_changes": [{"asset_id": "12264156026971330105547062325942034923644239973332692407872641524835375755855", "price": "0.19", "size": "88.89", "side": "BUY", "hash": "ba602cfe9625aa959ca591af000d97b38aec0a30", "best_bid": "0.23", "best_ask": "0.24"}, {"asset_id": "10294751913664150954490376491698671979327007140911807306258100671330452028850", "price": "0.81", "size": "88.89", "side": "SELL", "hash": "caac8c09022192e6976c4654f8fe6daa7c68e9df", "best_bid": "0.76", "best_ask": "0.77"}], "timestamp": "1769384166000", "event_type": "price_change"}}
{"_local_timestamp": "2026-01-25T23:36:06.090015+00:00", "data": {"market": "0x8533de32e4bcfc22d1c8fe8d79be73b319505c2bc19733f62d2d217695df463d", "price_changes": [{"asset_id": "12264156026971330105547062325942034923644239973332692407872641524835375755855", "price": "0.17", "size": "1116.47", "side": "BUY", "hash": "1f914653b7caffb14128f49fc72ef9dee394f3e0", "best_bid": "0.23", "best_ask": "0.24"}, {"asset_id": "10294751913664150954490376491698671979327007140911807306258100671330452028850", "price": "0.83", "size": "1116.47", "side": "SELL", "hash": "1581cf7f5156cd7a9ba5e094a74cfe4fd42925a7", "best_bid": "0.76", "best_ask": "0.77"}], "timestamp": "1769384166001", "event_type": "price_change"}}
{"_local_timestamp": "2026-01-25T23:36:06.090413+00:00", "data": {"market": "0x8533de32e4bcfc22d1c8fe8d79be73b319505c2bc19733f62d2d217695df463d", "price_changes": [{"asset_id": "12264156026971330105547062325942034923644239973332692407872641524835375755855", "price": "0.2", "size": "437", "side": "BUY", "hash": "8babee0538edcfc55c6d312acc693896e39a2028", "best_bid": "0.23", "best_ask": "0.24"}, {"asset_id": "10294751913664150954490376491698671979327007140911807306258100671330452028850", "price": "0.8", "size": "437", "side": "SELL", "hash": "fd2913904adb2526706653b3cc99c0b4f008516f", "best_bid": "0.76", "best_ask": "0.77"}], "timestamp": "1769384166003", "event_type": "price_change"}}
{"_local_timestamp": "2026-01-25T23:36:19.544882+00:00", "data": {"market": "0x8533de32e4bcfc22d1c8fe8d79be73b319505c2bc19733f62d2d217695df463d", "price_changes": [{"asset_id": "12264156026971330105547062325942034923644239973332692407872641524835375755855", "price": "0.19", "size": "951.89", "side": "BUY", "hash": "23b12009617c906ac705ff6df84151c51659bd98", "best_bid": "0.23", "best_ask": "0.24"}, {"asset_id": "10294751913664150954490376491698671979327007140911807306258100671330452028850", "price": "0.81", "size": "951.89", "side": "SELL", "hash": "5fb5b8414409745955eb06b81b12f1765b8db94c", "best_bid": "0.76", "best_ask": "0.77"}], "timestamp": "1769384179474", "event_type": "price_change"}}
{"_local_timestamp": "2026-01-25T23:36:19.545532+00:00", "data": {"market": "0x8533de32e4bcfc22d1c8fe8d79be73b319505c2bc19733f62d2d217695df463d", "price_changes": [{"asset_id": "12264156026971330105547062325942034923644239973332692407872641524835375755855", "price": "0.2", "size": "852", "side": "BUY", "hash": "4524443e1e2732f35b67fee2c781c68783d7ce04", "best_bid": "0.23", "best_ask": "0.24"}, {"asset_id": "10294751913664150954490376491698671979327007140911807306258100671330452028850", "price": "0.8", "size": "852", "side": "SELL", "hash": "425e3be6b8d6a4c81b2f69d6c8c9f8ab815701cc", "best_bid": "0.76", "best_ask": "0.77"}], "timestamp": "1769384179475", "event_type": "price_change"}}
{"_local_timestamp": "2026-01-25T23:36:19.547067+00:00", "data": {"market": "0x8533de32e4bcfc22d1c8fe8d79be73b319505c2bc19733f62d2d217695df463d", "price_changes": [{"asset_id": "12264156026971330105547062325942034923644239973332692407872641524835375755855", "price": "0.17", "size": "2046.47", "side": "BUY", "hash": "6f16a97ba97b1e0b17df11fe2ef817c8a8199876", "best_bid": "0.23", "best_ask": "0.24"}, {"asset_id": "10294751913664150954490376491698671979327007140911807306258100671330452028850", "price": "0.83", "size": "2046.47", "side": "SELL", "hash": "3fc2c0c29decae12b39d108c16ac8980f1426b98", "best_bid": "0.76", "best_ask": "0.77"}], "timestamp": "1769384179476", "event_type": "price_change"}}
{"_local_timestamp": "2026-01-25T23:36:54.987297+00:00", "data": {"market": "0x8533de32e4bcfc22d1c8fe8d79be73b319505c2bc19733f62d2d217695df463d", "price_changes": [{"asset_id": "10294751913664150954490376491698671979327007140911807306258100671330452028850", "price": "0.18", "size": "0", "side": "BUY", "hash": "d9d1566e9ce6ee17b592a7f0d82fb9008dee4b40", "best_bid": "0.76", "best_ask": "0.77"}, {"asset_id": "12264156026971330105547062325942034923644239973332692407872641524835375755855", "price": "0.82", "size": "0", "side": "SELL", "hash": "5ec2a8ce8e4e0cc8a782db09acd4b733cf06c9b1", "best_bid": "0.23", "best_ask": "0.24"}], "timestamp": "1769384214915", "event_type": "price_change"}}
{"_local_timestamp": "2026-01-25T23:36:54.988947+00:00", "data": {"market": "0x8533de32e4bcfc22d1c8fe8d79be73b319505c2bc19733f62d2d217695df463d", "price_changes": [{"asset_id": "10294751913664150954490376491698671979327007140911807306258100671330452028850", "price": "0.27", "size": "188.88", "side": "BUY", "hash": "d9d1566e9ce6ee17b592a7f0d82fb9008dee4b40", "best_bid": "0.76", "best_ask": "0.77"}, {"asset_id": "12264156026971330105547062325942034923644239973332692407872641524835375755855", "price": "0.73", "size": "188.88", "side": "SELL", "hash": "5ec2a8ce8e4e0cc8a782db09acd4b733cf06c9b1", "best_bid": "0.23", "best_ask": "0.24"}], "timestamp": "1769384214915", "event_type": "price_change"}}
{"_local_timestamp": "2026-01-25T23:36:55.739144+00:00", "data": {"market": "0x8533de32e4bcfc22d1c8fe8d79be73b319505c2bc19733f62d2d217695df463d", "price_changes": [{"asset_id": "10294751913664150954490376491698671979327007140911807306258100671330452028850", "price": "0.24", "size": "2048", "side": "BUY", "hash": "38ff53d046792af0567b2c107ba30bdfd354c58a", "best_bid": "0.76", "best_ask": "0.77"}, {"asset_id": "12264156026971330105547062325942034923644239973332692407872641524835375755855", "price": "0.76", "size": "2048", "side": "SELL", "hash": "a57b409080d8f9698cb4445fe385cc5721c7befd", "best_bid": "0.23", "best_ask": "0.24"}], "timestamp": "1769384215599", "event_type": "price_change"}}
{"_local_timestamp": "2026-01-25T23:36:56.006779+00:00", "data": {"market": "0x8533de32e4bcfc22d1c8fe8d79be73b319505c2bc19733f62d2d217695df463d", "price_changes": [{"asset_id": "10294751913664150954490376491698671979327007140911807306258100671330452028850", "price": "0.17", "size": "1340", "side": "BUY", "hash": "9351fa904aab17c4f100ddd0535bf9747218ea5e", "best_bid": "0.76", "best_ask": "0.77"}, {"asset_id": "12264156026971330105547062325942034923644239973332692407872641524835375755855", "price": "0.83", "size": "1340", "side": "SELL", "hash": "ec50e6dce9a93045e82e042ff48f2572cf56b86a", "best_bid": "0.23", "best_ask": "0.24"}], "timestamp": "1769384215661", "event_type": "price_change"}}
{"_local_timestamp": "2026-01-25T23:37:35.208468+00:00", "data": {"market": "0x8533de32e4bcfc22d1c8fe8d79be73b319505c2bc19733f62d2d217695df463d", "price_changes": [{"asset_id": "10294751913664150954490376491698671979327007140911807306258100671330452028850", "price": "0.24", "size": "300", "side": "BUY", "hash": "2012c705ff4561581b8c3c028d710b5815899554", "best_bid": "0.76", "best_ask": "0.77"}, {"asset_id": "12264156026971330105547062325942034923644239973332692407872641524835375755855", "price": "0.76", "size": "300", "side": "SELL", "hash": "fc26727a710fb8a0b01bffd11b60694d1436bd5b", "best_bid": "0.23", "best_ask": "0.24"}], "timestamp": "1769384255118", "event_type": "price_change"}}
{"_local_timestamp": "2026-01-25T23:38:04.211111+00:00", "data": {"market": "0x8533de32e4bcfc22d1c8fe8d79be73b319505c2bc19733f62d2d217695df463d", "price_changes": [{"asset_id": "12264156026971330105547062325942034923644239973332692407872641524835375755855", "price": "0.24", "size": "313.81", "side": "SELL", "hash": "0d04c8075ad5e61a3bc81d7ad591eb64dd7f782f", "best_bid": "0.23", "best_ask": "0.24"}, {"asset_id": "10294751913664150954490376491698671979327007140911807306258100671330452028850", "price": "0.76", "size": "313.81", "side": "BUY", "hash": "241a26397a71f516bdcfc8c2e841e2af9cd25e08", "best_bid": "0.76", "best_ask": "0.77"}], "timestamp": "1769384284137", "event_type": "price_change"}}
{"_local_timestamp": "2026-01-25T23:38:04.211870+00:00", "data": {"market": "0x8533de32e4bcfc22d1c8fe8d79be73b319505c2bc19733f62d2d217695df463d", "asset_id": "12264156026971330105547062325942034923644239973332692407872641524835375755855", "bids": [{"price": "0.01", "size": "2600"}, {"price": "0.02", "size": "3767.75"}, {"price": "0.03", "size": "1250"}, {"price": "0.04", "size": "648.29"}, {"price": "0.05", "size": "5"}, {"price": "0.08", "size": "199.02"}, {"price": "0.09", "size": "110.76"}, {"price": "0.1", "size": "100"}, {"price": "0.12", "size": "715.57"}, {"price": "0.13", "size": "5"}, {"price": "0.14", "size": "937.79"}, {"price": "0.15", "size": "3550"}, {"price": "0.16", "size": "674"}, {"price": "0.17", "size": "2046.47"}, {"price": "0.18", "size": "365"}, {"price": "0.19", "size": "951.89"}, {"price": "0.2", "size": "852"}, {"price": "0.21", "size": "3797.51"}, {"price": "0.22", "size": "2128.23"}, {"price": "0.23", "size": "281.93"}], "asks": [{"price": "0.99", "size": "4307.79"}, {"price": "0.98", "size": "2524"}, {"price": "0.97", "size": "258.01"}, {"price": "0.96", "size": "512"}, {"price": "0.95", "size": "20"}, {"price": "0.92", "size": "1206"}, {"price": "0.91", "size": "7.35"}, {"price": "0.88", "size": "1018.31"}, {"price": "0.85", "size": "213.33"}, {"price": "0.84", "size": "128"}, {"price": "0.83", "size": "1340"}, {"price": "0.81", "size": "147.36"}, {"price": "0.78", "size": "10"}, {"price": "0.77", "size": "113.04"}, {"price": "0.76", "size": "300"}, {"price": "0.73", "size": "188.88"}, {"price": "0.7", "size": "5"}, {"price": "0.69", "size": "64.51"}, {"price": "0.68", "size": "64"}, {"price": "0.67", "size": "31"}, {"price": "0.66", "size": "125"}, {"price": "0.52", "size": "48"}, {"price": "0.51", "size": "5"}, {"price": "0.48", "size": "5"}, {"price": "0.46", "size": "29"}, {"price": "0.45", "size": "702.66"}, {"price": "0.44", "size": "32"}, {"price": "0.43", "size": "5"}, {"price": "0.41", "size": "5"}, {"price": "0.4", "size": "993.76"}, {"price": "0.37", "size": "805"}, {"price": "0.35", "size": "991.48"}, {"price": "0.34", "size": "2066.66"}, {"price": "0.33", "size": "450"}, {"price": "0.32", "size": "62.05"}, {"price": "0.29", "size": "784"}, {"price": "0.28", "size": "1533.65"}, {"price": "0.27", "size": "1042.18"}, {"price": "0.26", "size": "600"}, {"price": "0.25", "size": "2573.53"}, {"price": "0.24", "size": "313.81"}], "hash": "0d04c8075ad5e61a3bc81d7ad591eb64dd7f782f", "timestamp": "1769384284137", "event_type": "book"}}
{"_local_timestamp": "2026-01-25T23:38:04.212553+00:00", "data": {"market": "0x8533de32e4bcfc22d1c8fe8d79be73b319505c2bc19733f62d2d217695df463d", "asset_id": "10294751913664150954490376491698671979327007140911807306258100671330452028850", "bids": [{"price": "0.01", "size": "4307.79"}, {"price": "0.02", "size": "2524"}, {"price": "0.03", "size": "258.01"}, {"price": "0.04", "size": "512"}, {"price": "0.05", "size": "20"}, {"price": "0.08", "size": "1206"}, {"price": "0.09", "size": "7.35"}, {"price": "0.12", "size": "1018.31"}, {"price": "0.15", "size": "213.33"}, {"price": "0.16", "size": "128"}, {"price": "0.17", "size": "1340"}, {"price": "0.19", "size": "147.36"}, {"price": "0.22", "size": "10"}, {"price": "0.23", "size": "113.04"}, {"price": "0.24", "size": "300"}, {"price": "0.27", "size": "188.88"}, {"price": "0.3", "size": "5"}, {"price": "0.31", "size": "64.51"}, {"price": "0.32", "size": "64"}, {"price": "0.33", "size": "31"}, {"price": "0.34", "size": "125"}, {"price": "0.48", "size": "48"}, {"price": "0.49", "size": "5"}, {"price": "0.52", "size": "5"}, {"price": "0.54", "size": "29"}, {"price": "0.55", "size": "702.66"}, {"price": "0.56", "size": "32"}, {"price": "0.57", "size": "5"}, {"price": "0.59", "size": "5"}, {"price": "0.6", "size": "993.76"}, {"price": "0.63", "size": "805"}, {"price": "0.65", "size": "991.48"}, {"price": "0.66", "size": "2066.66"}, {"price": "0.67", "size": "450"}, {"price": "0.68", "size": "62.05"}, {"price": "0.71", "size": "784"}, {"price": "0.72", "size": "1533.65"}, {"price": "0.73", "size": "1042.18"}, {"price": "0.74", "size": "600"}, {"price": "0.75", "size": "2573.53"}, {"price": "0.76", "size": "313.81"}], "asks": [{"price": "0.99", "size": "2600"}, {"price": "0.98", "size": "3767.75"}, {"price": "0.97", "size": "1250"}, {"price": "0.96", "size": "648.29"}, {"price": "0.95", "size": "5"}, {"price": "0.92", "size": "199.02"}, {"price": "0.91", "size": "110.76"}, {"price": "0.9", "size": "100"}, {"price": "0.88", "size": "715.57"}, {"price": "0.87", "size": "5"}, {"price": "0.86", "size": "937.79"}, {"price": "0.85", "size": "3550"}, {"price": "0.84", "size": "674"}, {"price": "0.83", "size": "2046.47"}, {"price": "0.82", "size": "365"}, {"price": "0.81", "size": "951.89"}, {"price": "0.8", "size": "852"}, {"price": "0.79", "size": "3797.51"}, {"price": "0.78", "size": "2128.23"}, {"price": "0.77", "size": "281.93"}], "hash": "241a26397a71f516bdcfc8c2e841e2af9cd25e08", "timestamp": "1769384284137", "event_type": "book"}}
{"_local_timestamp": "2026-01-25T23:38:04.247212+00:00", "data": {"market": "0x8533de32e4bcfc22d1c8fe8d79be73b319505c2bc19733f62d2d217695df463d", "asset_id": "12264156026971330105547062325942034923644239973332692407872641524835375755855", "price": "0.24", "size": "4.166665", "fee_rate_bps": "0", "side": "BUY", "timestamp": "1769384284170", "event_type": "last_trade_price", "transaction_hash": "0x69a5ffa12771da4ab0a2f62fc91328189331d71d32dc7663188df11ecf5712cb"}}
{"_local_timestamp": "2026-01-25T23:38:07.889520+00:00", "data": {"market": "0x8533de32e4bcfc22d1c8fe8d79be73b319505c2bc19733f62d2d217695df463d", "price_changes": [{"asset_id": "10294751913664150954490376491698671979327007140911807306258100671330452028850", "price": "0.19", "size": "2357.36", "side": "BUY", "hash": "edccb7cd94f97ce6bf5ccda0ba385599adad8300", "best_bid": "0.76", "best_ask": "0.77"}, {"asset_id": "12264156026971330105547062325942034923644239973332692407872641524835375755855", "price": "0.81", "size": "2357.36", "side": "SELL", "hash": "efda77447d8cd57573ad01debaa33f094f0b2336", "best_bid": "0.23", "best_ask": "0.24"}], "timestamp": "1769384287818", "event_type": "price_change"}}
{"_local_timestamp": "2026-01-25T23:38:41.535397+00:00", "data": {"market": "0x8533de32e4bcfc22d1c8fe8d79be73b319505c2bc19733f62d2d217695df463d", "price_changes": [{"asset_id": "10294751913664150954490376491698671979327007140911807306258100671330452028850", "price": "0.17", "size": "1190", "side": "BUY", "hash": "65a4670aaf2ede990c22d52e9ea836d70aac0b6a", "best_bid": "0.76", "best_ask": "0.77"}, {"asset_id": "12264156026971330105547062325942034923644239973332692407872641524835375755855", "price": "0.83", "size": "1190", "side": "SELL", "hash": "30b2edb6c4e551dbf4df7d3375c0cf8af68b2ef8", "best_bid": "0.23", "best_ask": "0.24"}], "timestamp": "1769384321396", "event_type": "price_change"}}
{"_local_timestamp": "2026-01-25T23:38:41.848565+00:00", "data": {"market": "0x8533de32e4bcfc22d1c8fe8d79be73b319505c2bc19733f62d2d217695df463d", "price_changes": [{"asset_id": "10294751913664150954490376491698671979327007140911807306258100671330452028850", "price": "0.19", "size": "2507.36", "side": "BUY", "hash": "e274ad25e66e0f32d3ed57a767d9a5c08c6c4b57", "best_bid": "0.76", "best_ask": "0.77"}, {"asset_id": "12264156026971330105547062325942034923644239973332692407872641524835375755855", "price": "0.81", "size": "2507.36", "side": "SELL", "hash": "23b12345493cb197102a0ca0d8ffaf30f3b694c5", "best_bid": "0.23", "best_ask": "0.24"}], "timestamp": "1769384321675", "event_type": "price_change"}}
{"_local_timestamp": "2026-01-25T23:38:41.910232+00:00", "data": {"market": "0x8533de32e4bcfc22d1c8fe8d79be73b319505c2bc19733f62d2d217695df463d", "price_changes": [{"asset_id": "12264156026971330105547062325942034923644239973332692407872641524835375755855", "price": "0.22", "size": "2178.23", "side": "BUY", "hash": "caa4190c85eea9f20fdfd40d6f984da1adbe727e", "best_bid": "0.23", "best_ask": "0.24"}, {"asset_id": "10294751913664150954490376491698671979327007140911807306258100671330452028850", "price": "0.78", "size": "2178.23", "side": "SELL", "hash": "29b38647dc57b80cffd626ff1bad5375b7bf8dcf", "best_bid": "0.76", "best_ask": "0.77"}], "timestamp": "1769384321748", "event_type": "price_change"}}
{"_local_timestamp": "2026-01-25T23:38:55.087519+00:00", "data": {"market": "0x8533de32e4bcfc22d1c8fe8d79be73b319505c2bc19733f62d2d217695df463d", "price_changes": [{"asset_id": "12264156026971330105547062325942034923644239973332692407872641524835375755855", "price": "0.17", "size": "1058.47", "side": "BUY", "hash": "a3e0615036780b3bf448ee9d6dd058f33975e259", "best_bid": "0.23", "best_ask": "0.24"}, {"asset_id": "10294751913664150954490376491698671979327007140911807306258100671330452028850", "price": "0.83", "size": "1058.47", "side": "SELL", "hash": "64aea1f717f814e1fb796dfe24d6c1708c6854d3", "best_bid": "0.76", "best_ask": "0.77"}], "timestamp": "1769384335000", "event_type": "price_change"}}
{"_local_timestamp": "2026-01-25T23:38:55.108833+00:00", "data": {"market": "0x8533de32e4bcfc22d1c8fe8d79be73b319505c2bc19733f62d2d217695df463d", "price_changes": [{"asset_id": "12264156026971330105547062325942034923644239973332692407872641524835375755855", "price": "0.15", "size": "216", "side": "BUY", "hash": "20eee17f1ce878a29cd646c878f0e25a2145e43a", "best_bid": "0.23", "best_ask": "0.24"}, {"asset_id": "10294751913664150954490376491698671979327007140911807306258100671330452028850", "price": "0.85", "size": "216", "side": "SELL", "hash": "a8fb5a3e5bcd82659fcf57f90ff387292893c971", "best_bid": "0.76", "best_ask": "0.77"}], "timestamp": "1769384335002", "event_type": "price_change"}}
{"_local_timestamp": "2026-01-25T23:38:55.110268+00:00", "data": {"market": "0x8533de32e4bcfc22d1c8fe8d79be73b319505c2bc19733f62d2d217695df463d", "price_changes": [{"asset_id": "12264156026971330105547062325942034923644239973332692407872641524835375755855", "price": "0.19", "size": "945.89", "side": "BUY", "hash": "810b68f6b8d549bef1833bd05663007bd941b2e7", "best_bid": "0.23", "best_ask": "0.24"}, {"asset_id": "10294751913664150954490376491698671979327007140911807306258100671330452028850", "price": "0.81", "size": "945.89", "side": "SELL", "hash": "34be1424ac8a9c3fffc59b9db12c7cf4142de1a4", "best_bid": "0.76", "best_ask": "0.77"}], "timestamp": "1769384335005", "event_type": "price_change"}}
{"_local_timestamp": "2026-01-25T23:39:00.289212+00:00", "data": {"market": "0x8533de32e4bcfc22d1c8fe8d79be73b319505c2bc19733f62d2d217695df463d", "price_changes": [{"asset_id": "12264156026971330105547062325942034923644239973332692407872641524835375755855", "price": "0.15", "size": "3550", "side": "BUY", "hash": "1416445b25b419e0aca5aede267a3864a12d1073", "best_bid": "0.23", "best_ask": "0.24"}, {"asset_id": "10294751913664150954490376491698671979327007140911807306258100671330452028850", "price": "0.85", "size": "3550", "side": "SELL", "hash": "1378c22dd95a3231fc436e2912cac70024f05e2b", "best_bid": "0.76", "best_ask": "0.77"}], "timestamp": "1769384340218", "event_type": "price_change"}}
{"_local_timestamp": "2026-01-25T23:39:00.289637+00:00", "data": {"market": "0x8533de32e4bcfc22d1c8fe8d79be73b319505c2bc19733f62d2d217695df463d", "price_changes": [{"asset_id": "12264156026971330105547062325942034923644239973332692407872641524835375755855", "price": "0.17", "size": "2046.47", "side": "BUY", "hash": "cd2ec369a13927e5fa3776c81f93a21a780d525c", "best_bid": "0.23", "best_ask": "0.24"}, {"asset_id": "10294751913664150954490376491698671979327007140911807306258100671330452028850", "price": "0.83", "size": "2046.47", "side": "SELL", "hash": "538df80f0eec85572ef3d70d8bdb21fa1239c6a4", "best_bid": "0.76", "best_ask": "0.77"}], "timestamp": "1769384340219", "event_type": "price_change"}}
{"_local_timestamp": "2026-01-25T23:39:00.290001+00:00", "data": {"market": "0x8533de32e4bcfc22d1c8fe8d79be73b319505c2bc19733f62d2d217695df463d", "price_changes": [{"asset_id": "12264156026971330105547062325942034923644239973332692407872641524835375755855", "price": "0.19", "size": "951.89", "side": "BUY", "hash": "29ee5c4eb2de1761af6b3d1ca98f4d8fb3b1eb78", "best_bid": "0.23", "best_ask": "0.24"}, {"asset_id": "10294751913664150954490376491698671979327007140911807306258100671330452028850", "price": "0.81", "size": "951.89", "side": "SELL", "hash": "012f9a3467cdd88ddacefdc23a81d47f9e395e5e", "best_bid": "0.76", "best_ask": "0.77"}], "timestamp": "1769384340220", "event_type": "price_change"}}
{"_local_timestamp": "2026-01-25T23:39:09.957831+00:00", "data": {"market": "0x8533de32e4bcfc22d1c8fe8d79be73b319505c2bc19733f62d2d217695df463d", "price_changes": [{"asset_id": "12264156026971330105547062325942034923644239973332692407872641524835375755855", "price": "0.18", "size": "265", "side": "BUY", "hash": "fa3eabb4c5f4faa2e597b80edf3ff5e961b3be91", "best_bid": "0.23", "best_ask": "0.24"}, {"asset_id": "10294751913664150954490376491698671979327007140911807306258100671330452028850", "price": "0.82", "size": "265", "side": "SELL", "hash": "21030f4781e7fe246ad2548bc688b59d4debf685", "best_bid": "0.76", "best_ask": "0.77"}], "timestamp": "1769384349887", "event_type": "price_change"}}
{"_local_timestamp": "2026-01-25T23:39:09.971363+00:00", "data": {"market": "0x8533de32e4bcfc22d1c8fe8d79be73b319505c2bc19733f62d2d217695df463d", "price_changes": [{"asset_id": "12264156026971330105547062325942034923644239973332692407872641524835375755855", "price": "0.16", "size": "474", "side": "BUY", "hash": "26de7f0e0435ca4997245271472f83b2e5fd1be7", "best_bid": "0.23", "best_ask": "0.24"}, {"asset_id": "10294751913664150954490376491698671979327007140911807306258100671330452028850", "price": "0.84", "size": "474", "side": "SELL", "hash": "16463dde50a1279baed02c7f1d9406a967ea9c43", "best_bid": "0.76", "best_ask": "0.77"}], "timestamp": "1769384349893", "event_type": "price_change"}}
{"_local_timestamp": "2026-01-25T23:39:20.459917+00:00", "data": {"market": "0x8533de32e4bcfc22d1c8fe8d79be73b319505c2bc19733f62d2d217695df463d", "price_changes": [{"asset_id": "10294751913664150954490376491698671979327007140911807306258100671330452028850", "price": "0.19", "size": "297.36", "side": "BUY", "hash": "fe29ae542e75058f6e4d603f9991778bc740d1a2", "best_bid": "0.76", "best_ask": "0.77"}, {"asset_id": "12264156026971330105547062325942034923644239973332692407872641524835375755855", "price": "0.81", "size": "297.36", "side": "SELL", "hash": "dc4cbffb2db283c6dd0f39b990c29c81ee2ce562", "best_bid": "0.23", "best_ask": "0.24"}], "timestamp": "1769384360337", "event_type": "price_change"}}
{"_local_timestamp": "2026-01-25T23:39:49.514806+00:00", "data": {"market": "0x8533de32e4bcfc22d1c8fe8d79be73b319505c2bc19733f62d2d217695df463d", "price_changes": [{"asset_id": "10294751913664150954490376491698671979327007140911807306258100671330452028850", "price": "0.18", "size": "2332", "side": "BUY", "hash": "dd082a0b8aa029c2e30ca5bd7573f15cda087eea", "best_bid": "0.76", "best_ask": "0.77"}, {"asset_id": "12264156026971330105547062325942034923644239973332692407872641524835375755855", "price": "0.82", "size": "2332", "side": "SELL", "hash": "4a14bfb4927633e8e88b6b865ecaf6632092bf7d", "best_bid": "0.23", "best_ask": "0.24"}], "timestamp": "1769384389436", "event_type": "price_change"}}
{"_local_timestamp": "2026-01-25T23:39:56.434585+00:00", "data": {"market": "0x8533de32e4bcfc22d1c8fe8d79be73b319505c2bc19733f62d2d217695df463d", "price_changes": [{"asset_id": "10294751913664150954490376491698671979327007140911807306258100671330452028850", "price": "0.19", "size": "147.36", "side": "BUY", "hash": "081800fc9593acbd41e5f214921c4fb43770995d", "best_bid": "0.76", "best_ask": "0.77"}, {"asset_id": "12264156026971330105547062325942034923644239973332692407872641524835375755855", "price": "0.81", "size": "147.36", "side": "SELL", "hash": "bc9bbd91bba1a7f9f77dcc5fce80e6b7b3681d7d", "best_bid": "0.23", "best_ask": "0.24"}], "timestamp": "1769384396332", "event_type": "price_change"}}
{"_local_timestamp": "2026-01-25T23:39:56.779592+00:00", "data": {"market": "0x8533de32e4bcfc22d1c8fe8d79be73b319505c2bc19733f62d2d217695df463d", "price_changes": [{"asset_id": "10294751913664150954490376491698671979327007140911807306258100671330452028850", "price": "0.17", "size": "1340", "side": "BUY", "hash": "1b391d6323b655ffb56f09c071857eda0edc9036", "best_bid": "0.76", "best_ask": "0.77"}, {"asset_id": "12264156026971330105547062325942034923644239973332692407872641524835375755855", "price": "0.83", "size": "1340", "side": "SELL", "hash": "700fd8d0b02757f9d25de4652f3543a228f95efe", "best_bid": "0.23", "best_ask": "0.24"}], "timestamp": "1769384396614", "event_type": "price_change"}}
{"_local_timestamp": "2026-01-25T23:39:58.073952+00:00", "data": {"market": "0x8533de32e4bcfc22d1c8fe8d79be73b319505c2bc19733f62d2d217695df463d", "price_changes": [{"asset_id": "12264156026971330105547062325942034923644239973332692407872641524835375755855", "price": "0.17", "size": "1999.47", "side": "BUY", "hash": "90ac3a5d6e3a49e0cac500af924fedb09868d346", "best_bid": "0.23", "best_ask": "0.24"}, {"asset_id": "10294751913664150954490376491698671979327007140911807306258100671330452028850", "price": "0.83", "size": "1999.47", "side": "SELL", "hash": "3351e6dd9d2b60215a6f36cb476cab60d42d0b47", "best_bid": "0.76", "best_ask": "0.77"}], "timestamp": "1769384398001", "event_type": "price_change"}}
{"_local_timestamp": "2026-01-25T23:40:11.047613+00:00", "data": {"market": "0x8533de32e4bcfc22d1c8fe8d79be73b319505c2bc19733f62d2d217695df463d", "price_changes": [{"asset_id": "12264156026971330105547062325942034923644239973332692407872641524835375755855", "price": "0.22", "size": "2128.23", "side": "BUY", "hash": "f5a7472d2b115560e1174f5fc513db48a1019906", "best_bid": "0.23", "best_ask": "0.24"}, {"asset_id": "10294751913664150954490376491698671979327007140911807306258100671330452028850", "price": "0.78", "size": "2128.23", "side": "SELL", "hash": "5090ef4a5e6d31151cb4c402c8f5aef0d0650678", "best_bid": "0.76", "best_ask": "0.77"}], "timestamp": "1769384410979", "event_type": "price_change"}}
