{"_local_timestamp": "2026-01-25T23:40:31.897559+00:00", "data": [{"market": "0xae1d21f8632f37e11493fef7307b4d09c6b27697be5c820806a840559b1b2e06", "asset_id": "6282889705019268501830975677564258188191770886711457649647605609853326924852", "timestamp": "1769384389196", "hash": "1afb9743e476b61d9e75d8ac0ece8a53d6656ae7", "bids": [{"price": "0.01", "size": "310007.85"}, {"price": "0.02", "size": "405011.38"}, {"price": "0.04", "size": "20000"}, {"price": "0.05", "size": "3049.27"}, {"price": "0.06", "size": "100000"}, {"price": "0.09", "size": "405.1"}, {"price": "0.13", "size": "261.53"}, {"price": "0.14", "size": "1142"}, {"price": "0.17", "size": "188.23"}, {"price": "0.18", "size": "893.39"}, {"price": "0.19", "size": "2210"}, {"price": "0.21", "size": "133.33"}, {"price": "0.26", "size": "100"}, {"price": "0.27", "size": "50"}, {"price": "0.3", "size": "180"}, {"price": "0.34", "size": "58.82"}, {"price": "0.35", "size": "5"}, {"price": "0.57", "size": "100"}, {"price": "0.58", "size": "20"}, {"price": "0.7", "size": "5"}, {"price": "0.8", "size": "10"}, {"price": "0.81", "size": "211"}, {"price": "0.84", "size": "185.16"}], "asks": [{"price": "0.99", "size": "110000"}, {"price": "0.98", "size": "11.25"}, {"price": "0.97", "size": "4000"}, {"price": "0.96", "size": "257.44"}, {"price": "0.93", "size": "6.81"}, {"price": "0.92", "size": "10"}, {"price": "0.87", "size": "611"}, {"price": "0.86", "size": "953.18"}], "event_type": "book", "last_trade_price": "0.160"}, {"market": "0xae1d21f8632f37e11493fef7307b4d09c6b27697be5c820806a840559b1b2e06", "asset_id": "70179930004460104520571721963263381325865077807861641105900318902168490512539", "timestamp": "1769384389196", "hash": "dfc91c357fd5276596c14fd9bd1e81c1810a514e", "bids": [{"price": "0.01", "size": "110000"}, {"price": "0.02", "size": "11.25"}, {"price": "0.03", "size": "4000"}, {"price": "0.04", "size": "257.44"}, {"price": "0.07", "size": "6.81"}, {"price": "0.08", "size": "10"}, {"price": "0.13", "size": "611"}, {"price": "0.14", "size": "953.18"}], "asks": [{"price": "0.99", "size": "310007.85"}, {"price": "0.98", "size": "405011.38"}, {"price": "0.96", "size": "20000"}, {"price": "0.95", "size": "3049.27"}, {"price": "0.94", "size": "100000"}, {"price": "0.91", "size": "405.1"}, {"price": "0.87", "size": "261.53"}, {"price": "0.86", "size": "1142"}, {"price": "0.83", "size": "188.23"}, {"price": "0.82", "size": "893.39"}, {"price": "0.81", "size": "2210"}, {"price": "0.79", "size": "133.33"}, {"price": "0.74", "size": "100"}, {"price": "0.73", "size": "50"}, {"price": "0.7", "size": "180"}, {"price": "0.66", "size": "58.82"}, {"price": "0.65", "size": "5"}, {"price": "0.43", "size": "100"}, {"price": "0.42", "size": "20"}, {"price": "0.3", "size": "5"}, {"price": "0.2", "size": "10"}, {"price": "0.19", "size": "211"}, {"price": "0.16", "size": "185.16"}], "event_type": "book", "last_trade_price": "0.160"}, {"market": "0x44b642636473fb07f0c2319a1d25729a36134969076ffdbb8979cbfdda612b14", "asset_id": "5210147086444382339849101722545511095151948730486562412029285471203011774407", "timestamp": "1769384384866", "hash": "74ebc79458cbd80151eb6d88de6b52b6ff6f4cc9", "bids": [{"price": "0.01", "size": "210009.74"}, {"price": "0.02", "size": "400000"}, {"price": "0.03", "size": "9.11"}, {"price": "0.05", "size": "10"}, {"price": "0.07", "size": "20000"}, {"price": "0.08", "size": "450"}, {"price": "0.09", "size": "70000"}, {"price": "0.1", "size": "3020"}, {"price": "0.11", "size": "5.72"}, {"price": "0.13", "size": "261.53"}, {"price": "0.16", "size": "30000"}, {"price": "0.17", "size": "188.23"}, {"price": "0.18", "size": "888"}, {"price": "0.19", "size": "2210"}, {"price": "0.21", "size": "133.33"}, {"price": "0.26", "size": "100"}, {"price": "0.27", "size": "50"}, {"price": "0.3", "size": "80"}, {"price": "0.34", "size": "58.82"}, {"price": "0.35", "size": "10"}, {"price": "0.8", "size": "322"}, {"price": "0.81", "size": "100"}, {"price": "0.82", "size": "352.22"}], "asks": [{"price": "0.99", "size": "110006.63"}, {"price": "0.98", "size": "5008.85"}, {"price": "0.97", "size": "5011.11"}, {"price": "0.96", "size": "250"}, {"price": "0.95", "size": "14.23"}, {"price": "0.94", "size": "20"}, {"price": "0.9", "size": "7.11"}, {"price": "0.89", "size": "264.4"}, {"price": "0.87", "size": "642.5"}, {"price": "0.86", "size": "369.91"}, {"price": "0.85", "size": "124.41"}, {"price": "0.84", "size": "13.41"}], "event_type": "book", "last_trade_price": "0.160"}, {"market": "0x44b642636473fb07f0c2319a1d25729a36134969076ffdbb8979cbfdda612b14", "asset_id": "31436003141911636826257012170104365274669938022228084492450613161428480917013", "timestamp": "1769384384866", "hash": "dca09078a380ac4935d95fbebbbc74a5d2149f67", "bids": [{"price": "0.01", "size": "110006.63"}, {"price": "0.02", "size": "5008.85"}, {"price": "0.03", "size": "5011.11"}, {"price": "0.04", "size": "250"}, {"price": "0.05", "size": "14.23"}, {"price": "0.06", "size": "20"}, {"price": "0.1", "size": "7.11"}, {"price": "0.11", "size": "264.4"}, {"price": "0.13", "size": "642.5"}, {"price": "0.14", "size": "369.91"}, {"price": "0.15", "size": "124.41"}, {"price": "0.16", "size": "13.41"}], "asks": [{"price": "0.99", "size": "210009.74"}, {"price": "0.98", "size": "400000"}, {"price": "0.97", "size": "9.11"}, {"price": "0.95", "size": "10"}, {"price": "0.93", "size": "20000"}, {"price": "0.92", "size": "450"}, {"price": "0.91", "size": "70000"}, {"price": "0.9", "size": "3020"}, {"price": "0.89", "size": "5.72"}, {"price": "0.87", "size": "261.53"}, {"price": "0.84", "size": "30000"}, {"price": "0.83", "size": "188.23"}, {"price": "0.82", "size": "888"}, {"price": "0.81", "size": "2210"}, {"price": "0.79", "size": "133.33"}, {"price": "0.74", "size": "100"}, {"price": "0.73", "size": "50"}, {"price": "0.7", "size": "80"}, {"price": "0.66", "size": "58.82"}, {"price": "0.65", "size": "10"}, {"price": "0.2", "size": "322"}, {"price": "0.19", "size": "100"}, {"price": "0.18", "size": "352.22"}], "event_type": "book", "last_trade_price": "0.160"}]}
{"_local_timestamp": "2026-01-25T23:40:41.531383+00:00", "data": {"market": "0xae1d21f8632f37e11493fef7307b4d09c6b27697be5c820806a840559b1b2e06", "price_changes": [{"asset_id": "70179930004460104520571721963263381325865077807861641105900318902168490512539", "price": "0.08", "size": "0", "side": "BUY", "hash": "55259ae24c346afb5acc425091fa426cfd0a96be", "best_bid": "0.14", "best_ask": "0.16"}, {"asset_id": "6282889705019268501830975677564258188191770886711457649647605609853326924852", "price": "0.92", "size": "0", "side": "SELL", "hash": "a8796e24c5e1f3d2b8d371feb685ededd7750a52", "best_bid": "0.84", "best_ask": "0.86"}], "timestamp": "1769384441460", "event_type": "price_change"}}
{"_local_timestamp": "2026-01-25T23:40:41.619139+00:00", "data": {"market": "0xae1d21f8632f37e11493fef7307b4d09c6b27697be5c820806a840559b1b2e06", "price_changes": [{"asset_id": "70179930004460104520571721963263381325865077807861641105900318902168490512539", "price": "0.07", "size": "16.81", "side": "BUY", "hash": "a859ea66434cc8c279012b1bfde0f92096e05be0", "best_bid": "0.14", "best_ask": "0.16"}, {"asset_id": "6282889705019268501830975677564258188191770886711457649647605609853326924852", "price": "0.93", "size": "16.81", "side": "SELL", "hash": "f564ed730280a005406b8a422fd89fd96213d6c4", "best_bid": "0.84", "best_ask": "0.86"}], "timestamp": "1769384441555", "event_type": "price_change"}}
{"_local_timestamp": "2026-01-25T23:40:41.706423+00:00", "data": {"market": "0xae1d21f8632f37e11493fef7307b4d09c6b27697be5c820806a840559b1b2e06", "price_changes": [{"asset_id": "6282889705019268501830975677564258188191770886711457649647605609853326924852", "price": "0.8", "size": "0", "side": "BUY", "hash": "cb44ee1a75cabe917e7d1e51c847359b67b04a8d", "best_bid": "0.84", "best_ask": "0.86"}, {"asset_id": "70179930004460104520571721963263381325865077807861641105900318902168490512539", "price": "0.2", "size": "0", "side": "SELL", "hash": "931df0bc2c0750bcb69ad1d5fbe3311786ace539", "best_bid": "0.14", "best_ask": "0.16"}], "timestamp": "1769384441639", "event_type": "price_change"}}
{"_local_timestamp": "2026-01-25T23:40:41.865286+00:00", "data": {"market": "0xae1d21f8632f37e11493fef7307b4d09c6b27697be5c820806a840559b1b2e06", "price_changes": [{"asset_id": "6282889705019268501830975677564258188191770886711457649647605609853326924852", "price": "0.71", "size": "10", "side": "BUY", "hash": "3a0842e996f00a72d3062fc26c53202926d8c67b", "best_bid": "0.84", "best_ask": "0.86"}, {"asset_id": "70179930004460104520571721963263381325865077807861641105900318902168490512539", "price": "0.29", "size": "10", "side": "SELL", "hash": "09a4a830e2f624127c8a8282eef6a45cf2fc7a98", "best_bid": "0.14", "best_ask": "0.16"}], "timestamp": "1769384441789", "event_type": "price_change"}}
{"_local_timestamp": "2026-01-25T23:40:44.177146+00:00", "data": {"market": "0xae1d21f8632f37e11493fef7307b4d09c6b27697be5c820806a840559b1b2e06", "price_changes": [{"asset_id": "6282889705019268501830975677564258188191770886711457649647605609853326924852", "price": "0.58", "size": "0", "side": "BUY", "hash": "7f0e27ecd32c8c21f5a043aaa6ed81ea395bb7cf", "best_bid": "0.84", "best_ask": "0.86"}, {"asset_id": "70179930004460104520571721963263381325865077807861641105900318902168490512539", "price": "0.42", "size": "0", "side": "SELL", "hash": "851cda6d77699cf7db1a8a203238c6741891c33a", "best_bid": "0.14", "best_ask": "0.16"}], "timestamp": "1769384444104", "event_type": "price_change"}}
{"_local_timestamp": "2026-01-25T23:40:44.202291+00:00", "data": {"market": "0xae1d21f8632f37e11493fef7307b4d09c6b27697be5c820806a840559b1b2e06", "price_changes": [{"asset_id": "6282889705019268501830975677564258188191770886711457649647605609853326924852", "price": "0.72", "size": "20", "side": "BUY", "hash": "a6308cf166a6310e69f765e68c128604ce0178ac", "best_bid": "0.84", "best_ask": "0.86"}, {"asset_id": "70179930004460104520571721963263381325865077807861641105900318902168490512539", "price": "0.28", "size": "20", "side": "SELL", "hash": "22b3146f3644afbc5148f6ab2603365569fb3086", "best_bid": "0.14", "best_ask": "0.16"}], "timestamp": "1769384444131", "event_type": "price_change"}}
{"_local_timestamp": "2026-01-25T23:41:14.665928+00:00", "data": {"market": "0x44b642636473fb07f0c2319a1d25729a36134969076ffdbb8979cbfdda612b14", "price_changes": [{"asset_id": "5210147086444382339849101722545511095151948730486562412029285471203011774407", "price": "0.19", "size": "0", "side": "BUY", "hash": "6bc0dcab3c4f213d4948a2cf79bb06c3a91dce62", "best_bid": "0.82", "best_ask": "0.84"}, {"asset_id": "31436003141911636826257012170104365274669938022228084492450613161428480917013", "price": "0.81", "size": "0", "side": "SELL", "hash": "ebdadcc899587787cc15959a6f82f9ce88011dea", "best_bid": "0.16", "best_ask": "0.18"}], "timestamp": "1769384474531", "event_type": "price_change"}}
{"_local_timestamp": "2026-01-25T23:41:14.780724+00:00", "data": {"market": "0xae1d21f8632f37e11493fef7307b4d09c6b27697be5c820806a840559b1b2e06", "price_changes": [{"asset_id": "6282889705019268501830975677564258188191770886711457649647605609853326924852", "price": "0.82", "size": "200", "side": "BUY", "hash": "fbd242c8f7954d37e8f226c8da2bb6b33a10b06b", "best_bid": "0.84", "best_ask": "0.86"}, {"asset_id": "70179930004460104520571721963263381325865077807861641105900318902168490512539", "price": "0.18", "size": "200", "side": "SELL", "hash": "050e976be383e7edb774886c6df0ba8bedf14cc9", "best_bid": "0.14", "best_ask": "0.16"}], "timestamp": "1769384474559", "event_type": "price_change"}}
{"_local_timestamp": "2026-01-25T23:41:14.783719+00:00", "data": {"market": "0x44b642636473fb07f0c2319a1d25729a36134969076ffdbb8979cbfdda612b14", "price_changes": [{"asset_id": "31436003141911636826257012170104365274669938022228084492450613161428480917013", "price": "0.14", "size": "769.91", "side": "BUY", "hash": "f60858c8f1f672352fdb16a0739e63c2477912d1", "best_bid": "0.16", "best_ask": "0.18"}, {"asset_id": "5210147086444382339849101722545511095151948730486562412029285471203011774407", "price": "0.86", "size": "769.91", "side": "SELL", "hash": "90e7ca37f9e0855b0fef1444a6e041f9af1d4b28", "best_bid": "0.82", "best_ask": "0.84"}], "timestamp": "1769384474559", "event_type": "price_change"}}
{"_local_timestamp": "2026-01-25T23:41:14.784497+00:00", "data": {"market": "0xae1d21f8632f37e11493fef7307b4d09c6b27697be5c820806a840559b1b2e06", "price_changes": [{"asset_id": "6282889705019268501830975677564258188191770886711457649647605609853326924852", "price": "0.73", "size": "400", "side": "BUY", "hash": "fb60c4df02b4f756e09747fc672051b5fdae4260", "best_bid": "0.84", "best_ask": "0.86"}, {"asset_id": "70179930004460104520571721963263381325865077807861641105900318902168490512539", "price": "0.27", "size": "400", "side": "SELL", "hash": "98c64eadb4d628e928e50a79f21353c9ce89f1ba", "best_bid": "0.14", "best_ask": "0.16"}], "timestamp": "1769384474560", "event_type": "price_change"}}
{"_local_timestamp": "2026-01-25T23:41:14.797494+00:00", "data": {"market": "0x44b642636473fb07f0c2319a1d25729a36134969076ffdbb8979cbfdda612b14", "price_changes": [{"asset_id": "31436003141911636826257012170104365274669938022228084492450613161428480917013", "price": "0.12", "size": "400", "side": "BUY", "hash": "1de46bc74c5a0d486005ec2797b2a3b10d58e678", "best_bid": "0.16", "best_ask": "0.18"}, {"asset_id": "5210147086444382339849101722545511095151948730486562412029285471203011774407", "price": "0.88", "size": "400", "side": "SELL", "hash": "67759d19950036c9709886b2d12ec7c38900fc76", "best_bid": "0.82", "best_ask": "0.84"}], "timestamp": "1769384474560", "event_type": "price_change"}}
{"_local_timestamp": "2026-01-25T23:41:16.135671+00:00", "data": {"market": "0xae1d21f8632f37e11493fef7307b4d09c6b27697be5c820806a840559b1b2e06", "price_changes": [{"asset_id": "6282889705019268501830975677564258188191770886711457649647605609853326924852", "price": "0.72", "size": "0", "side": "BUY", "hash": "c4e9fba815ff799d788c5a9e325e2c8911562f01", "best_bid": "0.84", "best_ask": "0.86"}, {"asset_id": "70179930004460104520571721963263381325865077807861641105900318902168490512539", "price": "0.28", "size": "0", "side": "SELL", "hash": "8a0844d70ee78dadcaa145bf9408a64c2a2d9646", "best_bid": "0.14", "best_ask": "0.16"}], "timestamp": "1769384476043", "event_type": "price_change"}}
{"_local_timestamp": "2026-01-25T23:41:16.181845+00:00", "data": {"market": "0xae1d21f8632f37e11493fef7307b4d09c6b27697be5c820806a840559b1b2e06", "price_changes": [{"asset_id": "6282889705019268501830975677564258188191770886711457649647605609853326924852", "price": "0.74", "size": "20", "side": "BUY", "hash": "a4561cc7abc1fe27e976b885cfac69b91570bea9", "best_bid": "0.84", "best_ask": "0.86"}, {"asset_id": "70179930004460104520571721963263381325865077807861641105900318902168490512539", "price": "0.26", "size": "20", "side": "SELL", "hash": "cc5a5758c0875104bad4e9ea9c1c6afcae3a6809", "best_bid": "0.14", "best_ask": "0.16"}], "timestamp": "1769384476077", "event_type": "price_change"}}
{"_local_timestamp": "2026-01-25T23:41:23.228005+00:00", "data": {"market": "0xae1d21f8632f37e11493fef7307b4d09c6b27697be5c820806a840559b1b2e06", "price_changes": [{"asset_id": "6282889705019268501830975677564258188191770886711457649647605609853326924852", "price": "0.81", "size": "231", "side": "BUY", "hash": "2febdca89253252ef76aea25cc6e0a8b2887b7eb", "best_bid": "0.84", "best_ask": "0.86"}, {"asset_id": "70179930004460104520571721963263381325865077807861641105900318902168490512539", "price": "0.19", "size": "231", "side": "SELL", "hash": "1f317b6494724974a22c660cc986799b6a3aab8d", "best_bid": "0.14", "best_ask": "0.16"}], "timestamp": "1769384483114", "event_type": "price_change"}}
