{"_local_timestamp": "2026-01-25T23:34:21.962210+00:00", "data": [{"market": "0x8533de32e4bcfc22d1c8fe8d79be73b319505c2bc19733f62d2d217695df463d", "asset_id": "10294751913664150954490376491698671979327007140911807306258100671330452028850", "timestamp": "1769384056959", "hash": "2ca324b952ab603fc21cfe3cb966d3b12ae5a412", "bids": [{"price": "0.01", "size": "4307.79"}, {"price": "0.02", "size": "2524"}, {"price": "0.03", "size": "258.01"}, {"price": "0.04", "size": "512"}, {"price": "0.05", "size": "20"}, {"price": "0.08", "size": "1206"}, {"price": "0.09", "size": "7.35"}, {"price": "0.12", "size": "1018.31"}, {"price": "0.15", "size": "213.33"}, {"price": "0.16", "size": "128"}, {"price": "0.17", "size": "1240"}, {"price": "0.18", "size": "100"}, {"price": "0.19", "size": "147.36"}, {"price": "0.22", "size": "210"}, {"price": "0.23", "size": "163.04"}, {"price": "0.24", "size": "1748"}, {"price": "0.27", "size": "238.88"}, {"price": "0.3", "size": "5"}, {"price": "0.31", "size": "64.51"}, {"price": "0.32", "size": "64"}, {"price": "0.33", "size": "31"}, {"price": "0.34", "size": "125"}, {"price": "0.48", "size": "48"}, {"price": "0.49", "size": "5"}, {"price": "0.52", "size": "5"}, {"price": "0.54", "size": "29"}, {"price": "0.55", "size": "702.66"}, {"price": "0.56", "size": "32"}, {"price": "0.57", "size": "5"}, {"price": "0.59", "size": "5"}, {"price": "0.6", "size": "993.76"}, {"price": "0.63", "size": "805"}, {"price": "0.65", "size": "991.48"}, {"price": "0.66", "size": "2066.66"}, {"price": "0.67", "size": "450"}, {"price": "0.68", "size": "62.05"}, {"price": "0.71", "size": "784"}, {"price": "0.72", "size": "1533.65"}, {"price": "0.73", "size": "1042.18"}, {"price": "0.74", "size": "800"}, {"price": "0.75", "size": "2373.53"}, {"price": "0.76", "size": "317.98"}], "asks": [{"price": "0.99", "size": "2600"}, {"price": "0.98", "size": "3767.75"}, {"price": "0.97", "size": "1250"}, {"price": "0.96", "size": "648.29"}, {"price": "0.95", "size": "5"}, {"price": "0.92", "size": "199.02"}, {"price": "0.91", "size": "110.76"}, {"price": "0.9", "size": "100"}, {"price": "0.88", "size": "715.57"}, {"price": "0.87", "size": "5"}, {"price": "0.86", "size": "937.79"}, {"price": "0.85", "size": "3550"}, {"price": "0.84", "size": "474"}, {"price": "0.83", "size": "2064.47"}, {"price": "0.82", "size": "365"}, {"price": "0.81", "size": "962.89"}, {"price": "0.8", "size": "857"}, {"price": "0.79", "size": "3802.51"}, {"price": "0.78", "size": "2128.23"}, {"price": "0.77", "size": "281.93"}], "event_type": "book", "last_trade_price": "0.770"}, {"market": "0x8533de32e4bcfc22d1c8fe8d79be73b319505c2bc19733f62d2d217695df463d", "asset_id": "12264156026971330105547062325942034923644239973332692407872641524835375755855", "timestamp": "1769384056959", "hash": "b3fa65d02f102d1b30c59154a36fdf689b00f62d", "bids": [{"price": "0.01", "size": "2600"}, {"price": "0.02", "size": "3767.75"}, {"price": "0.03", "size": "1250"}, {"price": "0.04", "size": "648.29"}, {"price": "0.05", "size": "5"}, {"price": "0.08", "size": "199.02"}, {"price": "0.09", "size": "110.76"}, {"price": "0.1", "size": "100"}, {"price": "0.12", "size": "715.57"}, {"price": "0.13", "size": "5"}, {"price": "0.14", "size": "937.79"}, {"price": "0.15", "size": "3550"}, {"price": "0.16", "size": "474"}, {"price": "0.17", "size": "2064.47"}, {"price": "0.18", "size": "365"}, {"price": "0.19", "size": "962.89"}, {"price": "0.2", "size": "857"}, {"price": "0.21", "size": "3802.51"}, {"price": "0.22", "size": "2128.23"}, {"price": "0.23", "size": "281.93"}], "asks": [{"price": "0.99", "size": "4307.79"}, {"price": "0.98", "size": "2524"}, {"price": "0.97", "size": "258.01"}, {"price": "0.96", "size": "512"}, {"price": "0.95", "size": "20"}, {"price": "0.92", "size": "1206"}, {"price": "0.91", "size": "7.35"}, {"price": "0.88", "size": "1018.31"}, {"price": "0.85", "size": "213.33"}, {"price": "0.84", "size": "128"}, {"price": "0.83", "size": "1240"}, {"price": "0.82", "size": "100"}, {"price": "0.81", "size": "147.36"}, {"price": "0.78", "size": "210"}, {"price": "0.77", "size": "163.04"}, {"price": "0.76", "size": "1748"}, {"price": "0.73", "size": "238.88"}, {"price": "0.7", "size": "5"}, {"price": "0.69", "size": "64.51"}, {"price": "0.68", "size": "64"}, {"price": "0.67", "size": "31"}, {"price": "0.66", "size": "125"}, {"price": "0.52", "size": "48"}, {"price": "0.51", "size": "5"}, {"price": "0.48", "size": "5"}, {"price": "0.46", "size": "29"}, {"price": "0.45", "size": "702.66"}, {"price": "0.44", "size": "32"}, {"price": "0.43", "size": "5"}, {"price": "0.41", "size": "5"}, {"price": "0.4", "size": "993.76"}, {"price": "0.37", "size": "805"}, {"price": "0.35", "size": "991.48"}, {"price": "0.34", "size": "2066.66"}, {"price": "0.33", "size": "450"}, {"price": "0.32", "size": "62.05"}, {"price": "0.29", "size": "784"}, {"price": "0.28", "size": "1533.65"}, {"price": "0.27", "size": "1042.18"}, {"price": "0.26", "size": "800"}, {"price": "0.25", "size": "2373.53"}, {"price": "0.24", "size": "317.98"}], "event_type": "book", "last_trade_price": "0.770"}]}
{"_local_timestamp": "2026-01-25T23:34:22.747394+00:00", "data": {"market": "0x8533de32e4bcfc22d1c8fe8d79be73b319505c2bc19733f62d2d217695df463d", "price_changes": [{"asset_id": "12264156026971330105547062325942034923644239973332692407872641524835375755855", "price": "0.16", "size": "674", "side": "BUY", "hash": "9ef79ac580ccf224a7bbac445d1d10ff6dc16218", "best_bid": "0.23", "best_ask": "0.24"}, {"asset_id": "10294751913664150954490376491698671979327007140911807306258100671330452028850", "price": "0.84", "size": "674", "side": "SELL", "hash": "a7b17d4d15711559fa04d68e02524bb6c2076d9b", "best_bid": "0.76", "best_ask": "0.77"}], "timestamp": "1769384062655", "event_type": "price_change"}}
{"_local_timestamp": "2026-01-25T23:34:27.614800+00:00", "data": {"market": "0x8533de32e4bcfc22d1c8fe8d79be73b319505c2bc19733f62d2d217695df463d", "price_changes": [{"asset_id": "10294751913664150954490376491698671979327007140911807306258100671330452028850", "price": "0.17", "size": "1090", "side": "BUY", "hash": "acdb375715139b0d260e1d9178e7f4048570e33d", "best_bid": "0.76", "best_ask": "0.77"}, {"asset_id": "12264156026971330105547062325942034923644239973332692407872641524835375755855", "price": "0.83", "size": "1090", "side": "SELL", "hash": "eff2ad9e2dd9b8360a978d83bee801f6d48799aa", "best_bid": "0.23", "best_ask": "0.24"}], "timestamp": "1769384067498", "event_type": "price_change"}}
{"_local_timestamp": "2026-01-25T23:34:27.615254+00:00", "data": {"market": "0x8533de32e4bcfc22d1c8fe8d79be73b319505c2bc19733f62d2d217695df463d", "price_changes": [{"asset_id": "10294751913664150954490376491698671979327007140911807306258100671330452028850", "price": "0.22", "size": "110", "side": "BUY", "hash": "acdb375715139b0d260e1d9178e7f4048570e33d", "best_bid": "0.76", "best_ask": "0.77"}, {"asset_id": "12264156026971330105547062325942034923644239973332692407872641524835375755855", "price": "0.78", "size": "110", "side": "SELL", "hash": "eff2ad9e2dd9b8360a978d83bee801f6d48799aa", "best_bid": "0.23", "best_ask": "0.24"}], "timestamp": "1769384067498", "event_type": "price_change"}}
{"_local_timestamp": "2026-01-25T23:34:28.322288+00:00", "data": {"market": "0x8533de32e4bcfc22d1c8fe8d79be73b319505c2bc19733f62d2d217695df463d", "price_changes": [{"asset_id": "10294751913664150954490376491698671979327007140911807306258100671330452028850", "price": "0.18", "size": "250", "side": "BUY", "hash": "611fa4e208902f551e86db925c6b9f8906feb1d9", "best_bid": "0.76", "best_ask": "0.77"}, {"asset_id": "12264156026971330105547062325942034923644239973332692407872641524835375755855", "price": "0.82", "size": "250", "side": "SELL", "hash": "8e4c8646dc7581d4e3b950b0bba62ac406596167", "best_bid": "0.23", "best_ask": "0.24"}], "timestamp": "1769384068083", "event_type": "price_change"}}
{"_local_timestamp": "2026-01-25T23:34:28.639179+00:00", "data": {"market": "0x8533de32e4bcfc22d1c8fe8d79be73b319505c2bc19733f62d2d217695df463d", "price_changes": [{"asset_id": "10294751913664150954490376491698671979327007140911807306258100671330452028850", "price": "0.27", "size": "338.88", "side": "BUY", "hash": "c2b7ea933e6fa329f20d9714528a75d7476ecd0d", "best_bid": "0.76", "best_ask": "0.77"}, {"asset_id": "12264156026971330105547062325942034923644239973332692407872641524835375755855", "price": "0.73", "size": "338.88", "side": "SELL", "hash": "6b554566693ac939eed9e6e8d23585acd5abca1b", "best_bid": "0.23", "best_ask": "0.24"}], "timestamp": "1769384068188", "event_type": "price_change"}}
{"_local_timestamp": "2026-01-25T23:34:33.389857+00:00", "data": {"market": "0x8533de32e4bcfc22d1c8fe8d79be73b319505c2bc19733f62d2d217695df463d", "price_changes": [{"asset_id": "10294751913664150954490376491698671979327007140911807306258100671330452028850", "price": "0.74", "size": "600", "side": "BUY", "hash": "a6ff8fdf4c1fbfa0687d3e981e4f6cab62609548", "best_bid": "0.76", "best_ask": "0.77"}, {"asset_id": "12264156026971330105547062325942034923644239973332692407872641524835375755855", "price": "0.26", "size": "600", "side": "SELL", "hash": "5df9284710013a59bcfd0c550692b3b23e2cccef", "best_bid": "0.23", "best_ask": "0.24"}], "timestamp": "1769384073316", "event_type": "price_change"}}
{"_local_timestamp": "2026-01-25T23:34:33.900204+00:00", "data": {"market": "0x8533de32e4bcfc22d1c8fe8d79be73b319505c2bc19733f62d2d217695df463d", "price_changes": [{"asset_id": "10294751913664150954490376491698671979327007140911807306258100671330452028850", "price": "0.75", "size": "2573.53", "side": "BUY", "hash": "d00adc3e05fde7d39831bdd5f2af3873a676afea", "best_bid": "0.76", "best_ask": "0.77"}, {"asset_id": "12264156026971330105547062325942034923644239973332692407872641524835375755855", "price": "0.25", "size": "2573.53", "side": "SELL", "hash": "ebeaf1545ef27ba8481357253f2b600fd698ba28", "best_bid": "0.23", "best_ask": "0.24"}], "timestamp": "1769384073819", "event_type": "price_change"}}
{"_local_timestamp": "2026-01-25T23:34:43.614539+00:00", "data": {"market": "0x8533de32e4bcfc22d1c8fe8d79be73b319505c2bc19733f62d2d217695df463d", "price_changes": [{"asset_id": "10294751913664150954490376491698671979327007140911807306258100671330452028850", "price": "0.22", "size": "10", "side": "BUY", "hash": "a34f0acb048007b6d157aaa47e85f4519b9f6378", "best_bid": "0.76", "best_ask": "0.77"}, {"asset_id": "12264156026971330105547062325942034923644239973332692407872641524835375755855", "price": "0.78", "size": "10", "side": "SELL", "hash": "45493858bb36bfca2e5644696510522557cda89e", "best_bid": "0.23", "best_ask": "0.24"}], "timestamp": "1769384083542", "event_type": "price_change"}}
{"_local_timestamp": "2026-01-25T23:34:43.877688+00:00", "data": {"market": "0x8533de32e4bcfc22d1c8fe8d79be73b319505c2bc19733f62d2d217695df463d", "price_changes": [{"asset_id": "10294751913664150954490376491698671979327007140911807306258100671330452028850", "price": "0.24", "size": "1848", "side": "BUY", "hash": "7b776be8a138dc4669f2662353e49f0fb2c9af26", "best_bid": "0.76", "best_ask": "0.77"}, {"asset_id": "12264156026971330105547062325942034923644239973332692407872641524835375755855", "price": "0.76", "size": "1848", "side": "SELL", "hash": "03970a06f21077bb88b6a758f125740d6171d35d", "best_bid": "0.23", "best_ask": "0.24"}], "timestamp": "1769384083796", "event_type": "price_change"}}
{"_local_timestamp": "2026-01-25T23:35:26.819014+00:00", "data": {"market": "0x8533de32e4bcfc22d1c8fe8d79be73b319505c2bc19733f62d2d217695df463d", "price_changes": [{"asset_id": "10294751913664150954490376491698671979327007140911807306258100671330452028850", "price": "0.27", "size": "288.88", "side": "BUY", "hash": "8b4ee438f61af48219f67471aa5d9b3ac6d53506", "best_bid": "0.76", "best_ask": "0.77"}, {"asset_id": "12264156026971330105547062325942034923644239973332692407872641524835375755855", "price": "0.73", "size": "288.88", "side": "SELL", "hash": "d0426ad5e2b9ad34dcd1aa5c47b6442a545ce36d", "best_bid": "0.23", "best_ask": "0.24"}], "timestamp": "1769384126561", "event_type": "price_change"}}
{"_local_timestamp": "2026-01-25T23:35:26.820993+00:00", "data": {"market": "0x8533de32e4bcfc22d1c8fe8d79be73b319505c2bc19733f62d2d217695df463d", "price_changes": [{"asset_id": "10294751913664150954490376491698671979327007140911807306258100671330452028850", "price": "0.18", "size": "150", "side": "BUY", "hash": "8b4ee438f61af48219f67471aa5d9b3ac6d53506", "best_bid": "0.76", "best_ask": "0.77"}, {"asset_id": "12264156026971330105547062325942034923644239973332692407872641524835375755855", "price": "0.82", "size": "150", "side": "SELL", "hash": "d0426ad5e2b9ad34dcd1aa5c47b6442a545ce36d", "best_bid": "0.23", "best_ask": "0.24"}], "timestamp": "1769384126561", "event_type": "price_change"}}
{"_local_timestamp": "2026-01-25T23:35:27.161082+00:00", "data": {"market": "0x8533de32e4bcfc22d1c8fe8d79be73b319505c2bc19733f62d2d217695df463d", "price_changes": [{"asset_id": "10294751913664150954490376491698671979327007140911807306258100671330452028850", "price": "0.17", "size": "1190", "side": "BUY", "hash": "98ddf64994d24f466b7463189f867479136239d2", "best_bid": "0.76", "best_ask": "0.77"}, {"asset_id": "12264156026971330105547062325942034923644239973332692407872641524835375755855", "price": "0.83", "size": "1190", "side": "SELL", "hash": "6b1de67b3df6aa733c076326a9446b0ebae1ff64", "best_bid": "0.23", "best_ask": "0.24"}], "timestamp": "1769384126870", "event_type": "price_change"}}
{"_local_timestamp": "2026-01-25T23:35:27.302417+00:00", "data": {"market": "0x8533de32e4bcfc22d1c8fe8d79be73b319505c2bc19733f62d2d217695df463d", "price_changes": [{"asset_id": "10294751913664150954490376491698671979327007140911807306258100671330452028850", "price": "0.24", "size": "1898", "side": "BUY", "hash": "70d79550795641a43d80bdf826d900b1afd4e492", "best_bid": "0.76", "best_ask": "0.77"}, {"asset_id": "12264156026971330105547062325942034923644239973332692407872641524835375755855", "price": "0.76", "size": "1898", "side": "SELL", "hash": "785ff37516b6042eb920edff1149c9966ce7ac41", "best_bid": "0.23", "best_ask": "0.24"}], "timestamp": "1769384126912", "event_type": "price_change"}}
{"_local_timestamp": "2026-01-25T23:35:56.455148+00:00", "data": {"market": "0x8533de32e4bcfc22d1c8fe8d79be73b319505c2bc19733f62d2d217695df463d", "price_changes": [{"asset_id": "10294751913664150954490376491698671979327007140911807306258100671330452028850", "price": "0.23", "size": "113.04", "side": "BUY", "hash": "e2ef2432a92877a23a1e71369c3d850782a96513", "best_bid": "0.76", "best_ask": "0.77"}, {"asset_id": "12264156026971330105547062325942034923644239973332692407872641524835375755855", "price": "0.77", "size": "113.04", "side": "SELL", "hash": "388eec80e6727d3b787fa982dc5a18b4c00e4f1a", "best_bid": "0.23", "best_ask": "0.24"}], "timestamp": "1769384156294", "event_type": "price_change"}}
{"_local_timestamp": "2026-01-25T23:35:56.893050+00:00", "data": {"market": "0x8533de32e4bcfc22d1c8fe8d79be73b319505c2bc19733f62d2d217695df463d", "price_changes": [{"asset_id": "10294751913664150954490376491698671979327007140911807306258100671330452028850", "price": "0.24", "size": "1948", "side": "BUY", "hash": "1c5e369bae7e90429fa52676a18be8cbe3910cc7", "best_bid": "0.76", "best_ask": "0.77"}, {"asset_id": "12264156026971330105547062325942034923644239973332692407872641524835375755855", "price": "0.76", "size": "1948", "side": "SELL", "hash": "aba2b3dcdae4591f6d98eef601126624ef6209f0", "best_bid": "0.23", "best_ask": "0.24"}], "timestamp": "1769384156747", "event_type": "price_change"}}
{"_local_timestamp": "2026-01-25T23:36:00.298667+00:00", "data": {"market": "0x8533de32e4bcfc22d1c8fe8d79be73b319505c2bc19733f62d2d217695df463d", "price_changes": [{"asset_id": "12264156026971330105547062325942034923644239973332692407872641524835375755855", "price": "0.19", "size": "941.89", "side": "BUY", "hash": "57df14791b3c807addcacc4ab1b6c6d3ccecfcce", "best_bid": "0.23", "best_ask": "0.24"}, {"asset_id": "10294751913664150954490376491698671979327007140911807306258100671330452028850", "price": "0.81", "size": "941.89", "side": "SELL", "hash": "eed9ecb07e87fbae5aaa9d1f68587830b373f3a0", "best_bid": "0.76", "best_ask": "0.77"}], "timestamp": "1769384160225", "event_type": "price_change"}}
{"_local_timestamp": "2026-01-25T23:36:00.299152+00:00", "data": {"market": "0x8533de32e4bcfc22d1c8fe8d79be73b319505c2bc19733f62d2d217695df463d", "price_changes": [{"asset_id": "12264156026971330105547062325942034923644239973332692407872641524835375755855", "price": "0.21", "size": "3797.51", "side": "BUY", "hash": "57df14791b3c807addcacc4ab1b6c6d3ccecfcce", "best_bid": "0.23", "best_ask": "0.24"}, {"asset_id": "10294751913664150954490376491698671979327007140911807306258100671330452028850", "price": "0.79", "size": "3797.51", "side": "SELL", "hash": "eed9ecb07e87fbae5aaa9d1f68587830b373f3a0", "best_bid": "0.76", "best_ask": "0.77"}], "timestamp": "1769384160225", "event_type": "price_change"}}
{"_local_timestamp": "2026-01-25T23:36:00.299521+00:00", "data": {"market": "0x8533de32e4bcfc22d1c8fe8d79be73b319505c2bc19733f62d2d217695df463d", "price_changes": [{"asset_id": "12264156026971330105547062325942034923644239973332692407872641524835375755855", "price": "0.2", "size": "847", "side": "BUY", "hash": "57df14791b3c807addcacc4ab1b6c6d3ccecfcce", "best_bid": "0.23", "best_ask": "0.24"}, {"asset_id": "10294751913664150954490376491698671979327007140911807306258100671330452028850", "price": "0.8", "size": "847", "side": "SELL", "hash": "eed9ecb07e87fbae5aaa9d1f68587830b373f3a0", "best_bid": "0.76", "best_ask": "0.77"}], "timestamp": "1769384160225", "event_type": "price_change"}}
{"_local_timestamp": "2026-01-25T23:36:00.299865+00:00", "data": {"market": "0x8533de32e4bcfc22d1c8fe8d79be73b319505c2bc19733f62d2d217695df463d", "price_changes": [{"asset_id": "12264156026971330105547062325942034923644239973332692407872641524835375755855", "price": "0.17", "size": "2046.47", "side": "BUY", "hash": "57df14791b3c807addcacc4ab1b6c6d3ccecfcce", "best_bid": "0.23", "best_ask": "0.24"}, {"asset_id": "10294751913664150954490376491698671979327007140911807306258100671330452028850", "price": "0.83", "size": "2046.47", "side": "SELL", "hash": "eed9ecb07e87fbae5aaa9d1f68587830b373f3a0", "best_bid": "0.76", "best_ask": "0.77"}], "timestamp": "1769384160225", "event_type": "price_change"}}
{"_local_timestamp": "2026-01-25T23:36:00.314489+00:00", "data": {"market": "0x8533de32e4bcfc22d1c8fe8d79be73b319505c2bc19733f62d2d217695df463d", "price_changes": [{"asset_id": "12264156026971330105547062325942034923644239973332692407872641524835375755855", "price": "0.19", "size": "951.89", "side": "BUY", "hash": "517a24c32e0dca58ffb3991465ec11219c8a5195", "best_bid": "0.23", "best_ask": "0.24"}, {"asset_id": "10294751913664150954490376491698671979327007140911807306258100671330452028850", "price": "0.81", "size": "951.89", "side": "SELL", "hash": "a98c9d3659e72a632bc78783ee01d0bceca9e28d", "best_bid": "0.76", "best_ask": "0.77"}], "timestamp": "1769384160238", "event_type": "price_change"}}
{"_local_timestamp": "2026-01-25T23:36:00.314874+00:00", "data": {"market": "0x8533de32e4bcfc22d1c8fe8d79be73b319505c2bc19733f62d2d217695df463d", "price_changes": [{"asset_id": "12264156026971330105547062325942034923644239973332692407872641524835375755855", "price": "0.2", "size": "852", "side": "BUY", "hash": "f53e6dde25a06e44a50c466e6959acd6850a01c7", "best_bid": "0.23", "best_ask": "0.24"}, {"asset_id": "10294751913664150954490376491698671979327007140911807306258100671330452028850", "price": "0.8", "size": "852", "side": "SELL", "hash": "2dba5eaa838f049e3edd1754a2030fbd94060bd7", "best_bid": "0.76", "best_ask": "0.77"}], "timestamp": "1769384160239", "event_type": "price_change"}}
{"_local_timestamp": "2026-01-25T23:36:06.075865+00:00", "data": {"market": "0x8533de32e4bcfc22d1c8fe8d79be73b319505c2bc19733f62d2d217695df463d", "price_changes": [{"asset_id": "12264156026971330105547062325942034923644239973332692407872641524835375755855", "price": "0.19", "size": "88.89", "side": "BUY", "hash": "ba602cfe9625aa959ca591af000d97b38aec0a30", "best_bid": "0.23", "best_ask": "0.24"}, {"asset_id": "10294751913664150954490376491698671979327007140911807306258100671330452028850", "price": "0.81", "size": "88.89", "side": "SELL", "hash": "caac8c09022192e6976c4654f8fe6daa7c68e9df", "best_bid": "0.76", "best_ask": "0.77"}], "timestamp": "1769384166000", "event_type": "price_change"}}
{"_local_timestamp": "2026-01-25T23:36:06.090015+00:00", "data": {"market": "0x8533de32e4bcfc22d1c8fe8d79be73b319505c2bc19733f62d2d217695df463d", "price_changes": [{"asset_id": "12264156026971330105547062325942034923644239973332692407872641524835375755855", "price": "0.17", "size": "1116.47", "side": "BUY", "hash": "1f914653b7caffb14128f49fc72ef9dee394f3e0", "best_bid": "0.23", "best_ask": "0.24"}, {"asset_id": "10294751913664150954490376491698671979327007140911807306258100671330452028850", "price": "0.83", "size": "1116.47", "side": "SELL", "hash": "1581cf7f5156cd7a9ba5e094a74cfe4fd42925a7", "best_bid": "0.76", "best_ask": "0.77"}], "timestamp": "1769384166001", "event_type": "price_change"}}
{"_local_timestamp": "2026-01-25T23:36:06.090413+00:00", "data": {"market": "0x8533de32e4bcfc22d1c8fe8d79be73b319505c2bc19733f62d2d217695df463d", "price_changes": [{"asset_id": "12264156026971330105547062325942034923644239973332692407872641524835375755855", "price": "0.2", "size": "437", "side": "BUY", "hash": "8babee0538edcfc55c6d312acc693896e39a2028", "best_bid": "0.23", "best_ask": "0.24"}, {"asset_id": "10294751913664150954490376491698671979327007140911807306258100671330452028850", "price": "0.8", "size": "437", "side": "SELL", "hash": "fd2913904adb2526706653b3cc99c0b4f008516f", "best_bid": "0.76", "best_ask": "0.77"}], "timestamp": "1769384166003", "event_type": "price_change"}}
{"_local_timestamp": "2026-01-25T23:36:19.544882+00:00", "data": {"market": "0x8533de32e4bcfc22d1c8fe8d79be73b319505c2bc19733f62d2d217695df463d", "price_changes": [{"asset_id": "12264156026971330105547062325942034923644239973332692407872641524835375755855", "price": "0.19", "size": "951.89", "side": "BUY", "hash": "23b12009617c906ac705ff6df84151c51659bd98", "best_bid": "0.23", "best_ask": "0.24"}, {"asset_id": "10294751913664150954490376491698671979327007140911807306258100671330452028850", "price": "0.81", "size": "951.89", "side": "SELL", "hash": "5fb5b8414409745955eb06b81b12f1765b8db94c", "best_bid": "0.76", "best_ask": "0.77"}], "timestamp": "1769384179474", "event_type": "price_change"}}
{"_local_timestamp": "2026-01-25T23:36:19.545532+00:00", "data": {"market": "0x8533de32e4bcfc22d1c8fe8d79be73b319505c2bc19733f62d2d217695df463d", "price_changes": [{"asset_id": "12264156026971330105547062325942034923644239973332692407872641524835375755855", "price": "0.2", "size": "852", "side": "BUY", "hash": "4524443e1e2732f35b67fee2c781c68783d7ce04", "best_bid": "0.23", "best_ask": "0.24"}, {"asset_id": "10294751913664150954490376491698671979327007140911807306258100671330452028850", "price": "0.8", "size": "852", "side": "SELL", "hash": "425e3be6b8d6a4c81b2f69d6c8c9f8ab815701cc", "best_bid": "0.76", "best_ask": "0.77"}], "timestamp": "1769384179475", "event_type": "price_change"}}
{"_local_timestamp": "2026-01-25T23:36:19.547067+00:00", "data": {"market": "0x8533de32e4bcfc22d1c8fe8d79be73b319505c2bc19733f62d2d217695df463d", "price_changes": [{"asset_id": "12264156026971330105547062325942034923644239973332692407872641524835375755855", "price": "0.17", "size": "2046.47", "side": "BUY", "hash": "6f16a97ba97b1e0b17df11fe2ef817c8a8199876", "best_bid": "0.23", "best_ask": "0.24"}, {"asset_id": "10294751913664150954490376491698671979327007140911807306258100671330452028850", "price": "0.83", "size": "2046.47", "side": "SELL", "hash": "3fc2c0c29decae12b39d108c16ac8980f1426b98", "best_bid": "0.76", "best_ask": "0.77"}], "timestamp": "1769384179476", "event_type": "price_change"}}
{"_local_timestamp": "2026-01-25T23:36:54.987297+00:00", "data": {"market": "0x8533de32e4bcfc22d1c8fe8d79be73b319505c2bc19733f62d2d217695df463d", "price_changes": [{"asset_id": "10294751913664150954490376491698671979327007140911807306258100671330452028850", "price": "0.18", "size": "0", "side": "BUY", "hash": "d9d1566e9ce6ee17b592a7f0d82fb9008dee4b40", "best_bid": "0.76", "best_ask": "0.77"}, {"asset_id": "12264156026971330105547062325942034923644239973332692407872641524835375755855", "price": "0.82", "size": "0", "side": "SELL", "hash": "5ec2a8ce8e4e0cc8a782db09acd4b733cf06c9b1", "best_bid": "0.23", "best_ask": "0.24"}], "timestamp": "1769384214915", "event_type": "price_change"}}
{"_local_timestamp": "2026-01-25T23:36:54.988947+00:00", "data": {"market": "0x8533de32e4bcfc22d1c8fe8d79be73b319505c2bc19733f62d2d217695df463d", "price_changes": [{"asset_id": "10294751913664150954490376491698671979327007140911807306258100671330452028850", "price": "0.27", "size": "188.88", "side": "BUY", "hash": "d9d1566e9ce6ee17b592a7f0d82fb9008dee4b40", "best_bid": "0.76", "best_ask": "0.77"}, {"asset_id": "12264156026971330105547062325942034923644239973332692407872641524835375755855", "price": "0.73", "size": "188.88", "side": "SELL", "hash": "5ec2a8ce8e4e0cc8a782db09acd4b733cf06c9b1", "best_bid": "0.23", "best_ask": "0.24"}], "timestamp": "1769384214915", "event_type": "price_change"}}
{"_local_timestamp": "2026-01-25T23:36:55.739144+00:00", "data": {"market": "0x8533de32e4bcfc22d1c8fe8d79be73b319505c2bc19733f62d2d217695df463d", "price_changes": [{"asset_id": "10294751913664150954490376491698671979327007140911807306258100671330452028850", "price": "0.24", "size": "2048", "side": "BUY", "hash": "38ff53d046792af0567b2c107ba30bdfd354c58a", "best_bid": "0.76", "best_ask": "0.77"}, {"asset_id": "12264156026971330105547062325942034923644239973332692407872641524835375755855", "price": "0.76", "size": "2048", "side": "SELL", "hash": "a57b409080d8f9698cb4445fe385cc5721c7befd", "best_bid": "0.23", "best_ask": "0.24"}], "timestamp": "1769384215599", "event_type": "price_change"}}
{"_local_timestamp": "2026-01-25T23:36:56.006779+00:00", "data": {"market": "0x8533de32e4bcfc22d1c8fe8d79be73b319505c2bc19733f62d2d217695df463d", "price_changes": [{"asset_id": "10294751913664150954490376491698671979327007140911807306258100671330452028850", "price": "0.17", "size": "1340", "side": "BUY", "hash": "9351fa904aab17c4f100ddd0535bf9747218ea5e", "best_bid": "0.76", "best_ask": "0.77"}, {"asset_id": "12264156026971330105547062325942034923644239973332692407872641524835375755855", "price": "0.83", "size": "1340", "side": "SELL", "hash": "ec50e6dce9a93045e82e042ff48f2572cf56b86a", "best_bid": "0.23", "best_ask": "0.24"}], "timestamp": "1769384215661", "event_type": "price_change"}}
{"_local_timestamp": "2026-01-25T23:37:35.208468+00:00", "data": {"market": "0x8533de32e4bcfc22d1c8fe8d79be73b319505c2bc19733f62d2d217695df463d", "price_changes": [{"asset_id": "10294751913664150954490376491698671979327007140911807306258100671330452028850", "price": "0.24", "size": "300", "side": "BUY", "hash": "2012c705ff4561581b8c3c028d710b5815899554", "best_bid": "0.76", "best_ask": "0.77"}, {"asset_id": "12264156026971330105547062325942034923644239973332692407872641524835375755855", "price": "0.76", "size": "300", "side": "SELL", "hash": "fc26727a710fb8a0b01bffd11b60694d1436bd5b", "best_bid": "0.23", "best_ask": "0.24"}], "timestamp": "1769384255118", "event_type": "price_change"}}
