{"_local_timestamp": "2026-01-25T23:33:27.843909+00:00", "data": [{"market": "0x67acc35274a5cb7e320b148823f38c2ca967332a9c17b538c3bbcbb5b3c00359", "asset_id": "109286213859935923857823217103419608812353896654116387103621862930971960581243", "timestamp": "1769383963274", "hash": "647a8197b44712f28e7a51e803c47410293fc0b6", "bids": [{"price": "0.001", "size": "6847.18"}, {"price": "0.002", "size": "339.68"}, {"price": "0.003", "size": "330.59"}, {"price": "0.004", "size": "222.82"}, {"price": "0.005", "size": "76.5"}, {"price": "0.006", "size": "44.06"}, {"price": "0.007", "size": "25.63"}, {"price": "0.008", "size": "58.33"}, {"price": "0.009", "size": "26.96"}, {"price": "0.01", "size": "10"}, {"price": "0.011", "size": "9.83"}, {"price": "0.012", "size": "58.33"}], "asks": [{"price": "0.999", "size": "3423.31"}, {"price": "0.998", "size": "1258.27"}, {"price": "0.997", "size": "1166"}, {"price": "0.996", "size": "14.22"}, {"price": "0.994", "size": "83"}, {"price": "0.99", "size": "9550"}, {"price": "0.989", "size": "7.14"}, {"price": "0.98", "size": "3700"}, {"price": "0.979", "size": "100"}, {"price": "0.978", "size": "16.01"}, {"price": "0.96", "size": "250"}, {"price": "0.95", "size": "30"}, {"price": "0.949", "size": "39"}, {"price": "0.932", "size": "100"}, {"price": "0.93", "size": "900"}, {"price": "0.929", "size": "6.87"}, {"price": "0.89", "size": "550"}, {"price": "0.84", "size": "450"}, {"price": "0.838", "size": "6.17"}, {"price": "0.79", "size": "350"}, {"price": "0.67", "size": "200"}, {"price": "0.66", "size": "50"}, {"price": "0.658", "size": "33"}, {"price": "0.529", "size": "100"}, {"price": "0.51", "size": "5"}, {"price": "0.28", "size": "10"}, {"price": "0.279", "size": "20"}], "event_type": "book", "last_trade_price": ""}, {"market": "0x3800e95f8d6701cacbe82e0cfacb78b271c041888760d35bc388ff52a9a4ae2a", "asset_id": "58602963220420670425783751637393414618305186860684300547301797658996776550030", "timestamp": "1769383752043", "hash": "b188c3410d49f5b333647ddde1c5047ce33f3d9b", "bids": [{"price": "0.001", "size": "3075.12"}, {"price": "0.002", "size": "1250"}, {"price": "0.003", "size": "1172.65"}, {"price": "0.006", "size": "83"}, {"price": "0.007", "size": "9.54"}, {"price": "0.01", "size": "5500"}, {"price": "0.02", "size": "2200"}, {"price": "0.021", "size": "14.47"}, {"price": "0.05", "size": "30"}, {"price": "0.051", "size": "39"}, {"price": "0.06", "size": "500"}, {"price": "0.1", "size": "860"}, {"price": "0.101", "size": "5.93"}, {"price": "0.15", "size": "776.66"}, {"price": "0.2", "size": "660"}, {"price": "0.24", "size": "366.66"}, {"price": "0.241", "size": "202.14"}, {"price": "0.29", "size": "189.65"}, {"price": "0.34", "size": "220.58"}, {"price": "0.343", "size": "50"}, {"price": "0.39", "size": "126.28"}, {"price": "0.644", "size": "100"}, {"price": "0.71", "size": "200"}, {"price": "0.711", "size": "25"}, {"price": "0.712", "size": "5.09"}, {"price": "0.945", "size": "50"}, {"price": "0.946", "size": "28.74"}], "asks": [{"price": "0.999", "size": "1714.99"}, {"price": "0.998", "size": "169.39"}, {"price": "0.99", "size": "1250"}, {"price": "0.989", "size": "250"}, {"price": "0.988", "size": "31.86"}, {"price": "0.98", "size": "750"}, {"price": "0.979", "size": "428"}, {"price": "0.978", "size": "221.18"}], "event_type": "book", "last_trade_price": "0.023"}, {"market": "0x67acc35274a5cb7e320b148823f38c2ca967332a9c17b538c3bbcbb5b3c00359", "asset_id": "42430674753657595077753917568029379890244012350018839616887145725991555316764", "timestamp": "1769383963274", "hash": "1b0fe21f5914d66888e46bf95a14f1aadb588801", "bids": [{"price": "0.001", "size": "3423.31"}, {"price": "0.002", "size": "1258.27"}, {"price": "0.003", "size": "1166"}, {"price": "0.004", "size": "14.22"}, {"price": "0.006", "size": "83"}, {"price": "0.01", "size": "9550"}, {"price": "0.011", "size": "7.14"}, {"price": "0.02", "size": "3700"}, {"price": "0.021", "size": "100"}, {"price": "0.022", "size": "16.01"}, {"price": "0.04", "size": "250"}, {"price": "0.05", "size": "30"}, {"price": "0.051", "size": "39"}, {"price": "0.068", "size": "100"}, {"price": "0.07", "size": "900"}, {"price": "0.071", "size": "6.87"}, {"price": "0.11", "size": "550"}, {"price": "0.16", "size": "450"}, {"price": "0.162", "size": "6.17"}, {"price": "0.21", "size": "350"}, {"price": "0.33", "size": "200"}, {"price": "0.34", "size": "50"}, {"price": "0.342", "size": "33"}, {"price": "0.471", "size": "100"}, {"price": "0.49", "size": "5"}, {"price": "0.72", "size": "10"}, {"price": "0.721", "size": "20"}], "asks": [{"price": "0.999", "size": "6847.18"}, {"price": "0.998", "size": "339.68"}, {"price": "0.997", "size": "330.59"}, {"price": "0.996", "size": "222.82"}, {"price": "0.995", "size": "76.5"}, {"price": "0.994", "size": "44.06"}, {"price": "0.993", "size": "25.63"}, {"price": "0.992", "size": "58.33"}, {"price": "0.991", "size": "26.96"}, {"price": "0.99", "size": "10"}, {"price": "0.989", "size": "9.83"}, {"price": "0.988", "size": "58.33"}], "event_type": "book", "last_trade_price": ""}, {"market": "0x3800e95f8d6701cacbe82e0cfacb78b271c041888760d35bc388ff52a9a4ae2a", "asset_id": "77960752481168300389721494568390236401241269036142692751063789301978117107512", "timestamp": "1769383752043", "hash": "6255add13138908dd2587421b485dfaeb2542078", "bids": [{"price": "0.001", "size": "1714.99"}, {"price": "0.002", "size": "169.39"}, {"price": "0.01", "size": "1250"}, {"price": "0.011", "size": "250"}, {"price": "0.012", "size": "31.86"}, {"price": "0.02", "size": "750"}, {"price": "0.021", "size": "428"}, {"price": "0.022", "size": "221.18"}], "asks": [{"price": "0.999", "size": "3075.12"}, {"price": "0.998", "size": "1250"}, {"price": "0.997", "size": "1172.65"}, {"price": "0.994", "size": "83"}, {"price": "0.993", "size": "9.54"}, {"price": "0.99", "size": "5500"}, {"price": "0.98", "size": "2200"}, {"price": "0.979", "size": "14.47"}, {"price": "0.95", "size": "30"}, {"price": "0.949", "size": "39"}, {"price": "0.94", "size": "500"}, {"price": "0.9", "size": "860"}, {"price": "0.899", "size": "5.93"}, {"price": "0.85", "size": "776.66"}, {"price": "0.8", "size": "660"}, {"price": "0.76", "size": "366.66"}, {"price": "0.759", "size": "202.14"}, {"price": "0.71", "size": "189.65"}, {"price": "0.66", "size": "220.58"}, {"price": "0.657", "size": "50"}, {"price": "0.61", "size": "126.28"}, {"price": "0.356", "size": "100"}, {"price": "0.29", "size": "200"}, {"price": "0.289", "size": "25"}, {"price": "0.288", "size": "5.09"}, {"price": "0.055", "size": "50"}, {"price": "0.054", "size": "28.74"}], "event_type": "book", "last_trade_price": "0.023"}]}
{"_local_timestamp": "2026-01-25T23:33:40.323791+00:00", "data": {"market": "0x67acc35274a5cb7e320b148823f38c2ca967332a9c17b538c3bbcbb5b3c00359", "price_changes": [{"asset_id": "42430674753657595077753917568029379890244012350018839616887145725991555316764", "price": "0.11", "size": "425", "side": "BUY", "hash": "e927c9db9d765967dc3f3bcbd1d45f5b7644d4ed", "best_bid": "0.721", "best_ask": "0.988"}, {"asset_id": "109286213859935923857823217103419608812353896654116387103621862930971960581243", "price": "0.89", "size": "425", "side": "SELL", "hash": "4aede32667d5d449463973bdb66ca1c35c32ceb2", "best_bid": "0.012", "best_ask": "0.279"}], "timestamp": "1769384020098", "event_type": "price_change"}}
{"_local_timestamp": "2026-01-25T23:33:40.326103+00:00", "data": {"market": "0x67acc35274a5cb7e320b148823f38c2ca967332a9c17b538c3bbcbb5b3c00359", "price_changes": [{"asset_id": "42430674753657595077753917568029379890244012350018839616887145725991555316764", "price": "0.16", "size": "350", "side": "BUY", "hash": "e927c9db9d765967dc3f3bcbd1d45f5b7644d4ed", "best_bid": "0.721", "best_ask": "0.988"}, {"asset_id": "109286213859935923857823217103419608812353896654116387103621862930971960581243", "price": "0.84", "size": "350", "side": "SELL", "hash": "4aede32667d5d449463973bdb66ca1c35c32ceb2", "best_bid": "0.012", "best_ask": "0.279"}], "timestamp": "1769384020098", "event_type": "price_change"}}
{"_local_timestamp": "2026-01-25T23:33:44.495578+00:00", "data": {"market": "0x67acc35274a5cb7e320b148823f38c2ca967332a9c17b538c3bbcbb5b3c00359", "price_changes": [{"asset_id": "42430674753657595077753917568029379890244012350018839616887145725991555316764", "price": "0.49", "size": "0", "side": "BUY", "hash": "55456c4f629d4e18fa27dbf3c4f159a11369bec4", "best_bid": "0.721", "best_ask": "0.988"}, {"asset_id": "109286213859935923857823217103419608812353896654116387103621862930971960581243", "price": "0.51", "size": "0", "side": "SELL", "hash": "f3370fc4628dc735f1517a23de2ed84ac27aac09", "best_bid": "0.012", "best_ask": "0.279"}], "timestamp": "1769384024419", "event_type": "price_change"}}
{"_local_timestamp": "2026-01-25T23:33:44.562243+00:00", "data": {"market": "0x67acc35274a5cb7e320b148823f38c2ca967332a9c17b538c3bbcbb5b3c00359", "price_changes": [{"asset_id": "42430674753657595077753917568029379890244012350018839616887145725991555316764", "price": "0.472", "size": "5", "side": "BUY", "hash": "a024032e93d100d8ed83a6b122a7c8ea41c7b150", "best_bid": "0.721", "best_ask": "0.988"}, {"asset_id": "109286213859935923857823217103419608812353896654116387103621862930971960581243", "price": "0.528", "size": "5", "side": "SELL", "hash": "0bae5c03dab0d57affdc3958b9c1a4ddcd5ffc6b", "best_bid": "0.012", "best_ask": "0.279"}], "timestamp": "1769384024487", "event_type": "price_change"}}
{"_local_timestamp": "2026-01-25T23:34:01.391202+00:00", "data": {"market": "0x67acc35274a5cb7e320b148823f38c2ca967332a9c17b538c3bbcbb5b3c00359", "price_changes": [{"asset_id": "42430674753657595077753917568029379890244012350018839616887145725991555316764", "price": "0.07", "size": "700", "side": "BUY", "hash": "aec0dcb83db1fae31bdf9a09271c822234d10291", "best_bid": "0.721", "best_ask": "0.988"}, {"asset_id": "109286213859935923857823217103419608812353896654116387103621862930971960581243", "price": "0.93", "size": "700", "side": "SELL", "hash": "9b6d1a9e06119083fa9710d6b86022e0e96423a3", "best_bid": "0.012", "best_ask": "0.279"}], "timestamp": "1769384041280", "event_type": "price_change"}}
{"_local_timestamp": "2026-01-25T23:34:28.017983+00:00", "data": {"market": "0x67acc35274a5cb7e320b148823f38c2ca967332a9c17b538c3bbcbb5b3c00359", "price_changes": [{"asset_id": "42430674753657595077753917568029379890244012350018839616887145725991555316764", "price": "0.11", "size": "225", "side": "BUY", "hash": "920a86ef78722814c18e44989455210667a4bf66", "best_bid": "0.721", "best_ask": "0.988"}, {"asset_id": "109286213859935923857823217103419608812353896654116387103621862930971960581243", "price": "0.89", "size": "225", "side": "SELL", "hash": "cbc85efd9dc32d77c7e43c2421e263c01d2f3cb2", "best_bid": "0.012", "best_ask": "0.279"}], "timestamp": "1769384067610", "event_type": "price_change"}}
{"_local_timestamp": "2026-01-25T23:34:28.020367+00:00", "data": {"market": "0x67acc35274a5cb7e320b148823f38c2ca967332a9c17b538c3bbcbb5b3c00359", "price_changes": [{"asset_id": "42430674753657595077753917568029379890244012350018839616887145725991555316764", "price": "0.16", "size": "200", "side": "BUY", "hash": "920a86ef78722814c18e44989455210667a4bf66", "best_bid": "0.721", "best_ask": "0.988"}, {"asset_id": "109286213859935923857823217103419608812353896654116387103621862930971960581243", "price": "0.84", "size": "200", "side": "SELL", "hash": "cbc85efd9dc32d77c7e43c2421e263c01d2f3cb2", "best_bid": "0.012", "best_ask": "0.279"}], "timestamp": "1769384067610", "event_type": "price_change"}}
{"_local_timestamp": "2026-01-25T23:34:28.020940+00:00", "data": {"market": "0x67acc35274a5cb7e320b148823f38c2ca967332a9c17b538c3bbcbb5b3c00359", "price_changes": [{"asset_id": "42430674753657595077753917568029379890244012350018839616887145725991555316764", "price": "0.21", "size": "250", "side": "BUY", "hash": "920a86ef78722814c18e44989455210667a4bf66", "best_bid": "0.721", "best_ask": "0.988"}, {"asset_id": "109286213859935923857823217103419608812353896654116387103621862930971960581243", "price": "0.79", "size": "250", "side": "SELL", "hash": "cbc85efd9dc32d77c7e43c2421e263c01d2f3cb2", "best_bid": "0.012", "best_ask": "0.279"}], "timestamp": "1769384067610", "event_type": "price_change"}}
{"_local_timestamp": "2026-01-25T23:34:31.275255+00:00", "data": {"market": "0x3800e95f8d6701cacbe82e0cfacb78b271c041888760d35bc388ff52a9a4ae2a", "price_changes": [{"asset_id": "77960752481168300389721494568390236401241269036142692751063789301978117107512", "price": "0.002", "size": "131.46", "side": "BUY", "hash": "8585f0de52ac8ce1b8467cc10ab1d0e1eb57aa01", "best_bid": "0.022", "best_ask": "0.054"}, {"asset_id": "58602963220420670425783751637393414618305186860684300547301797658996776550030", "price": "0.998", "size": "131.46", "side": "SELL", "hash": "5559c077cd91703c271c9ad738b2f112d3f8ec1d", "best_bid": "0.946", "best_ask": "0.978"}], "timestamp": "1769384071047", "event_type": "price_change"}}
{"_local_timestamp": "2026-01-25T23:34:31.555661+00:00", "data": {"market": "0x3800e95f8d6701cacbe82e0cfacb78b271c041888760d35bc388ff52a9a4ae2a", "price_changes": [{"asset_id": "77960752481168300389721494568390236401241269036142692751063789301978117107512", "price": "0.003", "size": "25.28", "side": "BUY", "hash": "bbd423b81a8d2365f067a080df99ea686b97e6e2", "best_bid": "0.022", "best_ask": "0.054"}, {"asset_id": "58602963220420670425783751637393414618305186860684300547301797658996776550030", "price": "0.997", "size": "25.28", "side": "SELL", "hash": "f91b28ec828036effc3db13870ece78608796304", "best_bid": "0.946", "best_ask": "0.978"}], "timestamp": "1769384071327", "event_type": "price_change"}}
{"_local_timestamp": "2026-01-25T23:34:33.025504+00:00", "data": {"market": "0x67acc35274a5cb7e320b148823f38c2ca967332a9c17b538c3bbcbb5b3c00359", "price_changes": [{"asset_id": "42430674753657595077753917568029379890244012350018839616887145725991555316764", "price": "0.022", "size": "6.49", "side": "BUY", "hash": "bdd3594266f7b8c8a2cfed659429a8ea887964ba", "best_bid": "0.721", "best_ask": "0.988"}, {"asset_id": "109286213859935923857823217103419608812353896654116387103621862930971960581243", "price": "0.978", "size": "6.49", "side": "SELL", "hash": "06f8b05f8c5afe097821a6b8e735f73c860a32bf", "best_bid": "0.012", "best_ask": "0.279"}], "timestamp": "1769384072786", "event_type": "price_change"}}
{"_local_timestamp": "2026-01-25T23:34:33.029326+00:00", "data": {"market": "0x67acc35274a5cb7e320b148823f38c2ca967332a9c17b538c3bbcbb5b3c00359", "price_changes": [{"asset_id": "42430674753657595077753917568029379890244012350018839616887145725991555316764", "price": "0.162", "size": "0", "side": "BUY", "hash": "bdd3594266f7b8c8a2cfed659429a8ea887964ba", "best_bid": "0.721", "best_ask": "0.988"}, {"asset_id": "109286213859935923857823217103419608812353896654116387103621862930971960581243", "price": "0.838", "size": "0", "side": "SELL", "hash": "06f8b05f8c5afe097821a6b8e735f73c860a32bf", "best_bid": "0.012", "best_ask": "0.279"}], "timestamp": "1769384072786", "event_type": "price_change"}}
{"_local_timestamp": "2026-01-25T23:34:33.430874+00:00", "data": {"market": "0x67acc35274a5cb7e320b148823f38c2ca967332a9c17b538c3bbcbb5b3c00359", "price_changes": [{"asset_id": "42430674753657595077753917568029379890244012350018839616887145725991555316764", "price": "0.041", "size": "5.05", "side": "BUY", "hash": "9754b0f3ae12423ebddb1a0348aa567ea79f8b81", "best_bid": "0.721", "best_ask": "0.988"}, {"asset_id": "109286213859935923857823217103419608812353896654116387103621862930971960581243", "price": "0.959", "size": "5.05", "side": "SELL", "hash": "c238707856dd3bbd3ea9aa2057e2d29a3c3b34cf", "best_bid": "0.012", "best_ask": "0.279"}], "timestamp": "1769384073194", "event_type": "price_change"}}
{"_local_timestamp": "2026-01-25T23:34:33.441580+00:00", "data": {"market": "0x67acc35274a5cb7e320b148823f38c2ca967332a9c17b538c3bbcbb5b3c00359", "price_changes": [{"asset_id": "42430674753657595077753917568029379890244012350018839616887145725991555316764", "price": "0.161", "size": "6.22", "side": "BUY", "hash": "ee41bd7afb7dc4ec6bb7c9a514388ecd40723dd0", "best_bid": "0.721", "best_ask": "0.988"}, {"asset_id": "109286213859935923857823217103419608812353896654116387103621862930971960581243", "price": "0.839", "size": "6.22", "side": "SELL", "hash": "dd48fabf1c8eb55396ee3249f43075af9df8790e", "best_bid": "0.012", "best_ask": "0.279"}], "timestamp": "1769384073202", "event_type": "price_change"}}
{"_local_timestamp": "2026-01-25T23:34:39.483396+00:00", "data": {"market": "0x67acc35274a5cb7e320b148823f38c2ca967332a9c17b538c3bbcbb5b3c00359", "price_changes": [{"asset_id": "42430674753657595077753917568029379890244012350018839616887145725991555316764", "price": "0.07", "size": "600", "side": "BUY", "hash": "4931b384acdabce0de7acc2676d14726684fe936", "best_bid": "0.721", "best_ask": "0.988"}, {"asset_id": "109286213859935923857823217103419608812353896654116387103621862930971960581243", "price": "0.93", "size": "600", "side": "SELL", "hash": "decf556e0b517943bfd2d3fb400f5fd198dca288", "best_bid": "0.012", "best_ask": "0.279"}], "timestamp": "1769384079400", "event_type": "price_change"}}
{"_local_timestamp": "2026-01-25T23:34:39.765853+00:00", "data": {"market": "0x67acc35274a5cb7e320b148823f38c2ca967332a9c17b538c3bbcbb5b3c00359", "price_changes": [{"asset_id": "42430674753657595077753917568029379890244012350018839616887145725991555316764", "price": "0.071", "size": "106.87", "side": "BUY", "hash": "6d00f18e3b222e959402ce1813c365e19d79ede1", "best_bid": "0.721", "best_ask": "0.988"}, {"asset_id": "109286213859935923857823217103419608812353896654116387103621862930971960581243", "price": "0.929", "size": "106.87", "side": "SELL", "hash": "0f884cd9e202dc7661e3637855b31f2ea1cc4cbf", "best_bid": "0.012", "best_ask": "0.279"}], "timestamp": "1769384079694", "event_type": "price_change"}}
{"_local_timestamp": "2026-01-25T23:34:47.394690+00:00", "data": {"market": "0x67acc35274a5cb7e320b148823f38c2ca967332a9c17b538c3bbcbb5b3c00359", "price_changes": [{"asset_id": "42430674753657595077753917568029379890244012350018839616887145725991555316764", "price": "0.471", "size": "0", "side": "BUY", "hash": "2bc3b6f7cd56d2e0991d6fe21c87bec74efe5647", "best_bid": "0.721", "best_ask": "0.988"}, {"asset_id": "109286213859935923857823217103419608812353896654116387103621862930971960581243", "price": "0.529", "size": "0", "side": "SELL", "hash": "27b663d22095eb12f0efa140ebb500d901996026", "best_bid": "0.012", "best_ask": "0.279"}], "timestamp": "1769384087321", "event_type": "price_change"}}
{"_local_timestamp": "2026-01-25T23:34:47.395850+00:00", "data": {"market": "0x67acc35274a5cb7e320b148823f38c2ca967332a9c17b538c3bbcbb5b3c00359", "price_changes": [{"asset_id": "42430674753657595077753917568029379890244012350018839616887145725991555316764", "price": "0.21", "size": "150", "side": "BUY", "hash": "2bc3b6f7cd56d2e0991d6fe21c87bec74efe5647", "best_bid": "0.721", "best_ask": "0.988"}, {"asset_id": "109286213859935923857823217103419608812353896654116387103621862930971960581243", "price": "0.79", "size": "150", "side": "SELL", "hash": "27b663d22095eb12f0efa140ebb500d901996026", "best_bid": "0.012", "best_ask": "0.279"}], "timestamp": "1769384087321", "event_type": "price_change"}}
{"_local_timestamp": "2026-01-25T23:34:47.729634+00:00", "data": {"market": "0x67acc35274a5cb7e320b148823f38c2ca967332a9c17b538c3bbcbb5b3c00359", "price_changes": [{"asset_id": "42430674753657595077753917568029379890244012350018839616887145725991555316764", "price": "0.161", "size": "106.22", "side": "BUY", "hash": "71e17efb1bb88492fe39291203f2dcc805982072", "best_bid": "0.721", "best_ask": "0.988"}, {"asset_id": "109286213859935923857823217103419608812353896654116387103621862930971960581243", "price": "0.839", "size": "106.22", "side": "SELL", "hash": "0393bb3dd9879c4b841df98eddb90125efd1f586", "best_bid": "0.012", "best_ask": "0.279"}], "timestamp": "1769384087665", "event_type": "price_change"}}
{"_local_timestamp": "2026-01-25T23:34:47.889484+00:00", "data": {"market": "0x67acc35274a5cb7e320b148823f38c2ca967332a9c17b538c3bbcbb5b3c00359", "price_changes": [{"asset_id": "42430674753657595077753917568029379890244012350018839616887145725991555316764", "price": "0.441", "size": "100", "side": "BUY", "hash": "02f37782e17ad4c06e70ae116d032a2cbe764566", "best_bid": "0.721", "best_ask": "0.988"}, {"asset_id": "109286213859935923857823217103419608812353896654116387103621862930971960581243", "price": "0.559", "size": "100", "side": "SELL", "hash": "e3dc3fda5a8328febfa442665abd9bd22c448c3e", "best_bid": "0.012", "best_ask": "0.279"}], "timestamp": "1769384087817", "event_type": "price_change"}}
{"_local_timestamp": "2026-01-25T23:34:50.041038+00:00", "data": {"market": "0x67acc35274a5cb7e320b148823f38c2ca967332a9c17b538c3bbcbb5b3c00359", "price_changes": [{"asset_id": "42430674753657595077753917568029379890244012350018839616887145725991555316764", "price": "0.068", "size": "0", "side": "BUY", "hash": "467e050327148d0e5a59e2f7e97d94969ccccd40", "best_bid": "0.721", "best_ask": "0.988"}, {"asset_id": "109286213859935923857823217103419608812353896654116387103621862930971960581243", "price": "0.932", "size": "0", "side": "SELL", "hash": "58610bd880575ddabbf5c051b28ca47113fdb3a1", "best_bid": "0.012", "best_ask": "0.279"}], "timestamp": "1769384089923", "event_type": "price_change"}}
{"_local_timestamp": "2026-01-25T23:35:23.768625+00:00", "data": {"market": "0x67acc35274a5cb7e320b148823f38c2ca967332a9c17b538c3bbcbb5b3c00359", "price_changes": [{"asset_id": "42430674753657595077753917568029379890244012350018839616887145725991555316764", "price": "0.16", "size": "50", "side": "BUY", "hash": "3a18bfe74c8f95caa2350c19b2fcfd041d04a607", "best_bid": "0.721", "best_ask": "0.988"}, {"asset_id": "109286213859935923857823217103419608812353896654116387103621862930971960581243", "price": "0.84", "size": "50", "side": "SELL", "hash": "46a0d3b515440afa796776a76db6a86bb6a002e2", "best_bid": "0.012", "best_ask": "0.279"}], "timestamp": "1769384123670", "event_type": "price_change"}}
{"_local_timestamp": "2026-01-25T23:35:23.771175+00:00", "data": {"market": "0x67acc35274a5cb7e320b148823f38c2ca967332a9c17b538c3bbcbb5b3c00359", "price_changes": [{"asset_id": "42430674753657595077753917568029379890244012350018839616887145725991555316764", "price": "0.21", "size": "50", "side": "BUY", "hash": "3a18bfe74c8f95caa2350c19b2fcfd041d04a607", "best_bid": "0.721", "best_ask": "0.988"}, {"asset_id": "109286213859935923857823217103419608812353896654116387103621862930971960581243", "price": "0.79", "size": "50", "side": "SELL", "hash": "46a0d3b515440afa796776a76db6a86bb6a002e2", "best_bid": "0.012", "best_ask": "0.279"}], "timestamp": "1769384123670", "event_type": "price_change"}}
{"_local_timestamp": "2026-01-25T23:35:24.267425+00:00", "data": {"market": "0x67acc35274a5cb7e320b148823f38c2ca967332a9c17b538c3bbcbb5b3c00359", "price_changes": [{"asset_id": "42430674753657595077753917568029379890244012350018839616887145725991555316764", "price": "0.161", "size": "256.22", "side": "BUY", "hash": "2b18201708ea5a479aa71d9c22d69da355733601", "best_bid": "0.721", "best_ask": "0.988"}, {"asset_id": "109286213859935923857823217103419608812353896654116387103621862930971960581243", "price": "0.839", "size": "256.22", "side": "SELL", "hash": "7565d59fabf3acf8a658450c194e4f1eeae9bd3a", "best_bid": "0.012", "best_ask": "0.279"}], "timestamp": "1769384123988", "event_type": "price_change"}}
{"_local_timestamp": "2026-01-25T23:35:30.788247+00:00", "data": {"market": "0x67acc35274a5cb7e320b148823f38c2ca967332a9c17b538c3bbcbb5b3c00359", "price_changes": [{"asset_id": "42430674753657595077753917568029379890244012350018839616887145725991555316764", "price": "0.07", "size": "100", "side": "BUY", "hash": "959c2a36ee6fdb0193166da5fc56f7bb3b0e386c", "best_bid": "0.721", "best_ask": "0.988"}, {"asset_id": "109286213859935923857823217103419608812353896654116387103621862930971960581243", "price": "0.93", "size": "100", "side": "SELL", "hash": "8cae15adc7f92d4169f0a97b340099c3311b944c", "best_bid": "0.012", "best_ask": "0.279"}], "timestamp": "1769384130711", "event_type": "price_change"}}
{"_local_timestamp": "2026-01-25T23:35:30.788736+00:00", "data": {"market": "0x67acc35274a5cb7e320b148823f38c2ca967332a9c17b538c3bbcbb5b3c00359", "price_changes": [{"asset_id": "42430674753657595077753917568029379890244012350018839616887145725991555316764", "price": "0.16", "size": "0", "side": "BUY", "hash": "959c2a36ee6fdb0193166da5fc56f7bb3b0e386c", "best_bid": "0.721", "best_ask": "0.988"}, {"asset_id": "109286213859935923857823217103419608812353896654116387103621862930971960581243", "price": "0.84", "size": "0", "side": "SELL", "hash": "8cae15adc7f92d4169f0a97b340099c3311b944c", "best_bid": "0.012", "best_ask": "0.279"}], "timestamp": "1769384130711", "event_type": "price_change"}}
{"_local_timestamp": "2026-01-25T23:35:31.129844+00:00", "data": {"market": "0x67acc35274a5cb7e320b148823f38c2ca967332a9c17b538c3bbcbb5b3c00359", "price_changes": [{"asset_id": "42430674753657595077753917568029379890244012350018839616887145725991555316764", "price": "0.11", "size": "275", "side": "BUY", "hash": "08ecc3a5d287e6c8278fbc6b54f6883ba2b12750", "best_bid": "0.721", "best_ask": "0.988"}, {"asset_id": "109286213859935923857823217103419608812353896654116387103621862930971960581243", "price": "0.89", "size": "275", "side": "SELL", "hash": "0c53b75d8c9d79df936d469c7a312e115bcffaaa", "best_bid": "0.012", "best_ask": "0.279"}], "timestamp": "1769384131047", "event_type": "price_change"}}
{"_local_timestamp": "2026-01-25T23:35:31.130271+00:00", "data": {"market": "0x67acc35274a5cb7e320b148823f38c2ca967332a9c17b538c3bbcbb5b3c00359", "price_changes": [{"asset_id": "42430674753657595077753917568029379890244012350018839616887145725991555316764", "price": "0.071", "size": "406.87", "side": "BUY", "hash": "810669648f29a63df82e67e8cab1640dfbf80695", "best_bid": "0.721", "best_ask": "0.988"}, {"asset_id": "109286213859935923857823217103419608812353896654116387103621862930971960581243", "price": "0.929", "size": "406.87", "side": "SELL", "hash": "bf55614fbe0f77a768cbd058d3b324495265ee2b", "best_bid": "0.012", "best_ask": "0.279"}], "timestamp": "1769384131048", "event_type": "price_change"}}
{"_local_timestamp": "2026-01-25T23:35:53.430344+00:00", "data": {"market": "0x67acc35274a5cb7e320b148823f38c2ca967332a9c17b538c3bbcbb5b3c00359", "price_changes": [{"asset_id": "42430674753657595077753917568029379890244012350018839616887145725991555316764", "price": "0.721", "size": "220", "side": "BUY", "hash": "23bc63c76a96d01cd162f6dc8edafcd18ead8265", "best_bid": "0.721", "best_ask": "0.988"}, {"asset_id": "109286213859935923857823217103419608812353896654116387103621862930971960581243", "price": "0.279", "size": "220", "side": "SELL", "hash": "2adb812edc8cef5431d55c742287632d4932b9c5", "best_bid": "0.012", "best_ask": "0.279"}], "timestamp": "1769384153356", "event_type": "price_change"}}
{"_local_timestamp": "2026-01-25T23:35:53.430991+00:00", "data": {"market": "0x67acc35274a5cb7e320b148823f38c2ca967332a9c17b538c3bbcbb5b3c00359", "price_changes": [{"asset_id": "42430674753657595077753917568029379890244012350018839616887145725991555316764", "price": "0.722", "size": "400", "side": "BUY", "hash": "f3a90a200dc561bd3521d9ee726fd478eab4ad71", "best_bid": "0.722", "best_ask": "0.988"}, {"asset_id": "109286213859935923857823217103419608812353896654116387103621862930971960581243", "price": "0.278", "size": "400", "side": "SELL", "hash": "d564dacb416c6fcd7c077971c1dc952fe7291083", "best_bid": "0.012", "best_ask": "0.278"}], "timestamp": "1769384153357", "event_type": "price_change"}}
{"_local_timestamp": "2026-01-25T23:35:56.335539+00:00", "data": {"market": "0x67acc35274a5cb7e320b148823f38c2ca967332a9c17b538c3bbcbb5b3c00359", "price_changes": [{"asset_id": "42430674753657595077753917568029379890244012350018839616887145725991555316764", "price": "0.34", "size": "0", "side": "BUY", "hash": "d3b89e5baf4b63643ead133d579a0525a332f478", "best_bid": "0.722", "best_ask": "0.988"}, {"asset_id": "109286213859935923857823217103419608812353896654116387103621862930971960581243", "price": "0.66", "size": "0", "side": "SELL", "hash": "7f5ca1b274102e86845114a7295423cd3af90722", "best_bid": "0.012", "best_ask": "0.278"}], "timestamp": "1769384156256", "event_type": "price_change"}}
{"_local_timestamp": "2026-01-25T23:35:56.336444+00:00", "data": {"market": "0x67acc35274a5cb7e320b148823f38c2ca967332a9c17b538c3bbcbb5b3c00359", "price_changes": [{"asset_id": "42430674753657595077753917568029379890244012350018839616887145725991555316764", "price": "0.33", "size": "150", "side": "BUY", "hash": "d3b89e5baf4b63643ead133d579a0525a332f478", "best_bid": "0.722", "best_ask": "0.988"}, {"asset_id": "109286213859935923857823217103419608812353896654116387103621862930971960581243", "price": "0.67", "size": "150", "side": "SELL", "hash": "7f5ca1b274102e86845114a7295423cd3af90722", "best_bid": "0.012", "best_ask": "0.278"}], "timestamp": "1769384156256", "event_type": "price_change"}}
{"_local_timestamp": "2026-01-25T23:35:56.336963+00:00", "data": {"market": "0x67acc35274a5cb7e320b148823f38c2ca967332a9c17b538c3bbcbb5b3c00359", "price_changes": [{"asset_id": "42430674753657595077753917568029379890244012350018839616887145725991555316764", "price": "0.21", "size": "0", "side": "BUY", "hash": "d3b89e5baf4b63643ead133d579a0525a332f478", "best_bid": "0.722", "best_ask": "0.988"}, {"asset_id": "109286213859935923857823217103419608812353896654116387103621862930971960581243", "price": "0.79", "size": "0", "side": "SELL", "hash": "7f5ca1b274102e86845114a7295423cd3af90722", "best_bid": "0.012", "best_ask": "0.278"}], "timestamp": "1769384156256", "event_type": "price_change"}}
{"_local_timestamp": "2026-01-25T23:35:57.557992+00:00", "data": {"market": "0x67acc35274a5cb7e320b148823f38c2ca967332a9c17b538c3bbcbb5b3c00359", "price_changes": [{"asset_id": "42430674753657595077753917568029379890244012350018839616887145725991555316764", "price": "0.721", "size": "200", "side": "BUY", "hash": "6f8b11543ad5621ca8a6d87c18a5247c0d154d63", "best_bid": "0.722", "best_ask": "0.988"}, {"asset_id": "109286213859935923857823217103419608812353896654116387103621862930971960581243", "price": "0.279", "size": "200", "side": "SELL", "hash": "e6c248795e46aed3667a5e2cc29dd7d657145685", "best_bid": "0.012", "best_ask": "0.278"}], "timestamp": "1769384157489", "event_type": "price_change"}}
{"_local_timestamp": "2026-01-25T23:35:57.593860+00:00", "data": {"market": "0x67acc35274a5cb7e320b148823f38c2ca967332a9c17b538c3bbcbb5b3c00359", "price_changes": [{"asset_id": "42430674753657595077753917568029379890244012350018839616887145725991555316764", "price": "0.723", "size": "20", "side": "BUY", "hash": "d994bd54561b99f16d52f35dd93f0b419718909a", "best_bid": "0.723", "best_ask": "0.988"}, {"asset_id": "109286213859935923857823217103419608812353896654116387103621862930971960581243", "price": "0.277", "size": "20", "side": "SELL", "hash": "c7989be2cdeabb44ca146b7972601b5be7649ab7", "best_bid": "0.012", "best_ask": "0.277"}], "timestamp": "1769384157524", "event_type": "price_change"}}
{"_local_timestamp": "2026-01-25T23:36:11.342566+00:00", "data": {"market": "0x67acc35274a5cb7e320b148823f38c2ca967332a9c17b538c3bbcbb5b3c00359", "price_changes": [{"asset_id": "42430674753657595077753917568029379890244012350018839616887145725991555316764", "price": "0.11", "size": "225", "side": "BUY", "hash": "ca991fc1b0144bc3013ffa40ed017e9f06c35c86", "best_bid": "0.723", "best_ask": "0.988"}, {"asset_id": "109286213859935923857823217103419608812353896654116387103621862930971960581243", "price": "0.89", "size": "225", "side": "SELL", "hash": "d13e2b3465f5e35083527914bffe591dab7aeb70", "best_bid": "0.012", "best_ask": "0.277"}], "timestamp": "1769384171269", "event_type": "price_change"}}
{"_local_timestamp": "2026-01-25T23:36:11.638760+00:00", "data": {"market": "0x67acc35274a5cb7e320b148823f38c2ca967332a9c17b538c3bbcbb5b3c00359", "price_changes": [{"asset_id": "42430674753657595077753917568029379890244012350018839616887145725991555316764", "price": "0.161", "size": "306.22", "side": "BUY", "hash": "867dec50ecc4841ffd61e2d64e5109992deb75d3", "best_bid": "0.723", "best_ask": "0.988"}, {"asset_id": "109286213859935923857823217103419608812353896654116387103621862930971960581243", "price": "0.839", "size": "306.22", "side": "SELL", "hash": "109a1221d26dc9bf8791767bced1cd25f31829b3", "best_bid": "0.012", "best_ask": "0.277"}], "timestamp": "1769384171566", "event_type": "price_change"}}
