{"_local_timestamp": "2026-01-25T23:41:38.319698+00:00", "data": [{"market": "0x8cf40e31edb03b2c6446a16b22e3c165a24ca05a29ccb39f846c581756f4d12a", "asset_id": "35974714781945592617679369901421961521767143555351095324746625165213853144580", "timestamp": "1769384424961", "hash": "67da3cd78a7c96e2317d24cf5e4e0f35e6d4271d", "bids": [{"price": "0.01", "size": "3067.31"}, {"price": "0.02", "size": "700"}, {"price": "0.03", "size": "5.39"}, {"price": "0.05", "size": "760"}, {"price": "0.06", "size": "9.93"}, {"price": "0.08", "size": "68.75"}, {"price": "0.09", "size": "34"}, {"price": "0.13", "size": "8.22"}, {"price": "0.3", "size": "50"}, {"price": "0.31", "size": "150"}], "asks": [{"price": "0.99", "size": "1000"}, {"price": "0.98", "size": "706.43"}, {"price": "0.95", "size": "520"}, {"price": "0.94", "size": "8.96"}, {"price": "0.86", "size": "218"}, {"price": "0.56", "size": "10"}, {"price": "0.54", "size": "28.26"}, {"price": "0.53", "size": "23.4"}, {"price": "0.43", "size": "150"}, {"price": "0.42", "size": "50"}], "event_type": "book", "last_trade_price": ""}, {"market": "0x57ac34e892ca2ce3825c1d84af302eb5d67567d060de5e78c9e3344eb8dfb945", "asset_id": "1501258272688503191857958803701146529662046889211204514464449029106975582344", "timestamp": "1769383832968", "hash": "0650f988c239d33276b809ef60bfe222a21770fd", "bids": [{"price": "0.01", "size": "3425.67"}, {"price": "0.02", "size": "287.36"}, {"price": "0.03", "size": "20.78"}, {"price": "0.05", "size": "20"}, {"price": "0.06", "size": "6.13"}, {"price": "0.07", "size": "158"}, {"price": "0.08", "size": "164.31"}, {"price": "0.09", "size": "466.66"}], "asks": [{"price": "0.99", "size": "206.16"}, {"price": "0.98", "size": "8.37"}, {"price": "0.96", "size": "1025"}, {"price": "0.95", "size": "60"}, {"price": "0.94", "size": "40.29"}, {"price": "0.93", "size": "84.04"}, {"price": "0.91", "size": "12"}, {"price": "0.86", "size": "60"}, {"price": "0.85", "size": "150"}], "event_type": "book", "last_trade_price": ""}, {"market": "0x45be831f054d6d28cbdf08596843538ac5499956278f90318949f4384c5ff26b", "asset_id": "41990395471891218522724985279866465691590307248688927835281344470304730626443", "timestamp": "1769383993282", "hash": "602d2e9fe77bd45cc138f93af343a55741083c8e", "bids": [{"price": "0.01", "size": "208.26"}, {"price": "0.02", "size": "11.22"}, {"price": "0.03", "size": "433.33"}, {"price": "0.04", "size": "137.5"}, {"price": "0.05", "size": "100"}, {"price": "0.06", "size": "44.46"}, {"price": "0.08", "size": "17"}, {"price": "0.1", "size": "50"}, {"price": "0.11", "size": "10"}, {"price": "0.12", "size": "150"}], "asks": [{"price": "0.99", "size": "3426.18"}, {"price": "0.98", "size": "282.14"}, {"price": "0.97", "size": "19.12"}, {"price": "0.95", "size": "20"}, {"price": "0.94", "size": "16.9"}, {"price": "0.93", "size": "8.68"}, {"price": "0.92", "size": "316.66"}, {"price": "0.91", "size": "466.66"}], "event_type": "book", "last_trade_price": ""}, {"market": "0x57ac34e892ca2ce3825c1d84af302eb5d67567d060de5e78c9e3344eb8dfb945", "asset_id": "20344076833488865550200326288246218589541115285332239053668598476745987989695", "timestamp": "1769383832968", "hash": "74f1dcf73594aa13f7a82f8c5c4596e6f6031eee", "bids": [{"price": "0.01", "size": "206.16"}, {"price": "0.02", "size": "8.37"}, {"price": "0.04", "size": "1025"}, {"price": "0.05", "size": "60"}, {"price": "0.06", "size": "40.29"}, {"price": "0.07", "size": "84.04"}, {"price": "0.09", "size": "12"}, {"price": "0.14", "size": "60"}, {"price": "0.15", "size": "150"}], "asks": [{"price": "0.99", "size": "3425.67"}, {"price": "0.98", "size": "287.36"}, {"price": "0.97", "size": "20.78"}, {"price": "0.95", "size": "20"}, {"price": "0.94", "size": "6.13"}, {"price": "0.93", "size": "158"}, {"price": "0.92", "size": "164.31"}, {"price": "0.91", "size": "466.66"}], "event_type": "book", "last_trade_price": ""}, {"market": "0x8cf40e31edb03b2c6446a16b22e3c165a24ca05a29ccb39f846c581756f4d12a", "asset_id": "100867442622388169563846776794770644831139725223799679931645668331289763210010", "timestamp": "1769384424961", "hash": "ecee0d5668a505b947e2f1430ddac21338d96984", "bids": [{"price": "0.01", "size": "1000"}, {"price": "0.02", "size": "706.43"}, {"price": "0.05", "size": "520"}, {"price": "0.06", "size": "8.96"}, {"price": "0.14", "size": "218"}, {"price": "0.44", "size": "10"}, {"price": "0.46", "size": "28.26"}, {"price": "0.47", "size": "23.4"}, {"price": "0.57", "size": "150"}, {"price": "0.58", "size": "50"}], "asks": [{"price": "0.99", "size": "3067.31"}, {"price": "0.98", "size": "700"}, {"price": "0.97", "size": "5.39"}, {"price": "0.95", "size": "760"}, {"price": "0.94", "size": "9.93"}, {"price": "0.92", "size": "68.75"}, {"price": "0.91", "size": "34"}, {"price": "0.87", "size": "8.22"}, {"price": "0.7", "size": "50"}, {"price": "0.69", "size": "150"}], "event_type": "book", "last_trade_price": ""}, {"market": "0x45be831f054d6d28cbdf08596843538ac5499956278f90318949f4384c5ff26b", "asset_id": "13152252586832688237342532377586250829652903084018243268197690907312865669178", "timestamp": "1769383993282", "hash": "639448f8e579176797cf698738bcfde12ab44806", "bids": [{"price": "0.01", "size": "3426.18"}, {"price": "0.02", "size": "282.14"}, {"price": "0.03", "size": "19.12"}, {"price": "0.05", "size": "20"}, {"price": "0.06", "size": "16.9"}, {"price": "0.07", "size": "8.68"}, {"price": "0.08", "size": "316.66"}, {"price": "0.09", "size": "466.66"}], "asks": [{"price": "0.99", "size": "208.26"}, {"price": "0.98", "size": "11.22"}, {"price": "0.97", "size": "433.33"}, {"price": "0.96", "size": "137.5"}, {"price": "0.95", "size": "100"}, {"price": "0.94", "size": "44.46"}, {"price": "0.92", "size": "17"}, {"price": "0.9", "size": "50"}, {"price": "0.89", "size": "10"}, {"price": "0.88", "size": "150"}], "event_type": "book", "last_trade_price": ""}]}
{"_local_timestamp": "2026-01-25T23:42:52.873188+00:00", "data": {"market": "0x45be831f054d6d28cbdf08596843538ac5499956278f90318949f4384c5ff26b", "price_changes": [{"asset_id": "13152252586832688237342532377586250829652903084018243268197690907312865669178", "price": "0.01", "size": "3411.21", "side": "BUY", "hash": "ed5da137329f2c2052ea77ebaebcdeb37840b388", "best_bid": "0.09", "best_ask": "0.88"}, {"asset_id": "41990395471891218522724985279866465691590307248688927835281344470304730626443", "price": "0.99", "size": "3411.21", "side": "SELL", "hash": "061d38d92c8ae5782fcc59d666029a2015280769", "best_bid": "0.12", "best_ask": "0.91"}], "timestamp": "1769384572696", "event_type": "price_change"}}
{"_local_timestamp": "2026-01-25T23:42:52.875492+00:00", "data": {"market": "0x8cf40e31edb03b2c6446a16b22e3c165a24ca05a29ccb39f846c581756f4d12a", "price_changes": [{"asset_id": "35974714781945592617679369901421961521767143555351095324746625165213853144580", "price": "0.06", "size": "0", "side": "BUY", "hash": "13417bf336ba4348ae5209726a3cfbf1b24ea34c", "best_bid": "0.31", "best_ask": "0.42"}, {"asset_id": "100867442622388169563846776794770644831139725223799679931645668331289763210010", "price": "0.94", "size": "0", "side": "SELL", "hash": "1b49af9cf08a0521276c1e12518b04c718b4cec2", "best_bid": "0.58", "best_ask": "0.69"}], "timestamp": "1769384572696", "event_type": "price_change"}}
{"_local_timestamp": "2026-01-25T23:42:52.875816+00:00", "data": {"market": "0x45be831f054d6d28cbdf08596843538ac5499956278f90318949f4384c5ff26b", "price_changes": [{"asset_id": "13152252586832688237342532377586250829652903084018243268197690907312865669178", "price": "0.06", "size": "10", "side": "BUY", "hash": "ed5da137329f2c2052ea77ebaebcdeb37840b388", "best_bid": "0.09", "best_ask": "0.88"}, {"asset_id": "41990395471891218522724985279866465691590307248688927835281344470304730626443", "price": "0.94", "size": "10", "side": "SELL", "hash": "061d38d92c8ae5782fcc59d666029a2015280769", "best_bid": "0.12", "best_ask": "0.91"}], "timestamp": "1769384572696", "event_type": "price_change"}}
{"_local_timestamp": "2026-01-25T23:42:52.876093+00:00", "data": {"market": "0x8cf40e31edb03b2c6446a16b22e3c165a24ca05a29ccb39f846c581756f4d12a", "price_changes": [{"asset_id": "35974714781945592617679369901421961521767143555351095324746625165213853144580", "price": "0.13", "size": "0", "side": "BUY", "hash": "13417bf336ba4348ae5209726a3cfbf1b24ea34c", "best_bid": "0.31", "best_ask": "0.42"}, {"asset_id": "100867442622388169563846776794770644831139725223799679931645668331289763210010", "price": "0.87", "size": "0", "side": "SELL", "hash": "1b49af9cf08a0521276c1e12518b04c718b4cec2", "best_bid": "0.58", "best_ask": "0.69"}], "timestamp": "1769384572696", "event_type": "price_change"}}
{"_local_timestamp": "2026-01-25T23:42:54.766052+00:00", "data": {"market": "0x8cf40e31edb03b2c6446a16b22e3c165a24ca05a29ccb39f846c581756f4d12a", "price_changes": [{"asset_id": "35974714781945592617679369901421961521767143555351095324746625165213853144580", "price": "0.14", "size": "7.11", "side": "BUY", "hash": "ec468f1d75dbb6c7b2a164c8d4b27fa52d6686a8", "best_bid": "0.31", "best_ask": "0.42"}, {"asset_id": "100867442622388169563846776794770644831139725223799679931645668331289763210010", "price": "0.86", "size": "7.11", "side": "SELL", "hash": "21e7d2bff628b9697bab6b7f845f58ef78862e21", "best_bid": "0.58", "best_ask": "0.69"}], "timestamp": "1769384574579", "event_type": "price_change"}}
{"_local_timestamp": "2026-01-25T23:42:54.766499+00:00", "data": {"market": "0x45be831f054d6d28cbdf08596843538ac5499956278f90318949f4384c5ff26b", "price_changes": [{"asset_id": "13152252586832688237342532377586250829652903084018243268197690907312865669178", "price": "0.01", "size": "3427.08", "side": "BUY", "hash": "11ea9e1acaad8f709643d89d18e80ad7aab98ff1", "best_bid": "0.09", "best_ask": "0.88"}, {"asset_id": "41990395471891218522724985279866465691590307248688927835281344470304730626443", "price": "0.99", "size": "3427.08", "side": "SELL", "hash": "0ab11127837f8e61d569ca1ba0fd5a429147fe31", "best_bid": "0.12", "best_ask": "0.91"}], "timestamp": "1769384574579", "event_type": "price_change"}}
{"_local_timestamp": "2026-01-25T23:42:54.770141+00:00", "data": {"market": "0x8cf40e31edb03b2c6446a16b22e3c165a24ca05a29ccb39f846c581756f4d12a", "price_changes": [{"asset_id": "35974714781945592617679369901421961521767143555351095324746625165213853144580", "price": "0.06", "size": "11.15", "side": "BUY", "hash": "05b136051327ce0f6673e944a01fd8c87d3b81e3", "best_bid": "0.31", "best_ask": "0.42"}, {"asset_id": "100867442622388169563846776794770644831139725223799679931645668331289763210010", "price": "0.94", "size": "11.15", "side": "SELL", "hash": "0f71bb41c49060b50047e655ce5f2674f59a87fa", "best_bid": "0.58", "best_ask": "0.69"}], "timestamp": "1769384574581", "event_type": "price_change"}}
{"_local_timestamp": "2026-01-25T23:42:54.771092+00:00", "data": {"market": "0x45be831f054d6d28cbdf08596843538ac5499956278f90318949f4384c5ff26b", "price_changes": [{"asset_id": "13152252586832688237342532377586250829652903084018243268197690907312865669178", "price": "0.06", "size": "16.75", "side": "BUY", "hash": "3e2cb94daa712b62eba7ce14bc071cb39fb305e9", "best_bid": "0.09", "best_ask": "0.88"}, {"asset_id": "41990395471891218522724985279866465691590307248688927835281344470304730626443", "price": "0.94", "size": "16.75", "side": "SELL", "hash": "1a40b14795966e55bcc103e82e0848376b2f58bc", "best_bid": "0.12", "best_ask": "0.91"}], "timestamp": "1769384574581", "event_type": "price_change"}}
