{"_local_timestamp": "2026-01-25T23:41:38.280417+00:00", "data": [{"market": "0x8e4a30f964e5dd76a75ea56aa02eb61c35ffa91069b344d96b5825ee31c32bb1", "asset_id": "33378759284038549522758365579106528709023800686890197475380537253587636302592", "timestamp": "1769383761929", "hash": "ba2c74a6e27ff103740bba734981c67c5b4bbb05", "bids": [{"price": "0.01", "size": "276.93"}, {"price": "0.02", "size": "150.79"}, {"price": "0.03", "size": "15.83"}, {"price": "0.04", "size": "5.47"}], "asks": [{"price": "0.99", "size": "285.01"}, {"price": "0.98", "size": "32.49"}], "event_type": "book", "last_trade_price": ""}, {"market": "0xa5f59293fb2b73e769ec54100ddf6754e514e44fbe179c28e57f7c3ae7d2cd38", "asset_id": "61685898082257269290289893609277111688981477654021154995894258672305807104259", "timestamp": "1769383764028", "hash": "1f435d1e83a32e33bd232a85c4b5504b788bd152", "bids": [{"price": "0.01", "size": "285.01"}, {"price": "0.02", "size": "32.49"}], "asks": [{"price": "0.99", "size": "276.93"}, {"price": "0.98", "size": "150.79"}, {"price": "0.97", "size": "15.83"}, {"price": "0.96", "size": "5.47"}], "event_type": "book", "last_trade_price": ""}, {"market": "0xf9b3b819b6eda7710c25f155abf9bb5479a95125f7eba6dc42c18dff157cfc41", "asset_id": "58129602678457264891880431509057416610231614850545348430788716450780260105429", "timestamp": "1769383760877", "hash": "690db7ce816877a5a62cbfb589ff556ec86d9f01", "bids": [{"price": "0.01", "size": "424.83"}, {"price": "0.02", "size": "58.12"}, {"price": "0.03", "size": "6.42"}, {"price": "0.04", "size": "133"}, {"price": "0.05", "size": "77.93"}], "asks": [{"price": "0.99", "size": "414.79"}, {"price": "0.98", "size": "26.16"}, {"price": "0.96", "size": "31"}, {"price": "0.95", "size": "80"}, {"price": "0.94", "size": "43.95"}], "event_type": "book", "last_trade_price": ""}, {"market": "0xa5f59293fb2b73e769ec54100ddf6754e514e44fbe179c28e57f7c3ae7d2cd38", "asset_id": "65440080504376805738820189494186684007682397331906341273225944825577354834239", "timestamp": "1769383764028", "hash": "4c40360a387e12473a7e1f6edd9a59791576a559", "bids": [{"price": "0.01", "size": "276.93"}, {"price": "0.02", "size": "150.79"}, {"price": "0.03", "size": "15.83"}, {"price": "0.04", "size": "5.47"}], "asks": [{"price": "0.99", "size": "285.01"}, {"price": "0.98", "size": "32.49"}], "event_type": "book", "last_trade_price": ""}, {"market": "0x86e70bc1c3a30db43959bf301dc004ec8f9bdbcc7778d637282bc994eef1987a", "asset_id": "114319444309613708175877321446744616483666894212870950545863915254746623765618", "timestamp": "1769383762965", "hash": "2b1bbeec4dd614c4b5b201d333a7772007223308", "bids": [{"price": "0.01", "size": "276.93"}, {"price": "0.02", "size": "150.79"}, {"price": "0.03", "size": "15.83"}, {"price": "0.04", "size": "5.47"}], "asks": [{"price": "0.99", "size": "285.01"}, {"price": "0.98", "size": "32.49"}], "event_type": "book", "last_trade_price": ""}, {"market": "0x4ff1c1435c7a26e0ad0a552fb3d4cf26e5aa92a1c786cc6ba29364d25062f97a", "asset_id": "60515171108985568535947032629694077643959920023993664180995305602885190784863", "timestamp": "1769383765162", "hash": "869aeb3b98f7b6913830cbb614f0a63ac8771644", "bids": [{"price": "0.01", "size": "285.01"}, {"price": "0.02", "size": "32.49"}], "asks": [{"price": "0.99", "size": "276.93"}, {"price": "0.98", "size": "150.79"}, {"price": "0.97", "size": "15.83"}, {"price": "0.96", "size": "5.47"}], "event_type": "book", "last_trade_price": ""}, {"market": "0xf9b3b819b6eda7710c25f155abf9bb5479a95125f7eba6dc42c18dff157cfc41", "asset_id": "83262715076449136559576298483539533486293083902053264645215383700394504317149", "timestamp": "1769383760877", "hash": "f5486ec06462423d25bb0cdde650d846aa726699", "bids": [{"price": "0.01", "size": "414.79"}, {"price": "0.02", "size": "26.16"}, {"price": "0.04", "size": "31"}, {"price": "0.05", "size": "80"}, {"price": "0.06", "size": "43.95"}], "asks": [{"price": "0.99", "size": "424.83"}, {"price": "0.98", "size": "58.12"}, {"price": "0.97", "size": "6.42"}, {"price": "0.96", "size": "133"}, {"price": "0.95", "size": "77.93"}], "event_type": "book", "last_trade_price": ""}, {"market": "0x4ff1c1435c7a26e0ad0a552fb3d4cf26e5aa92a1c786cc6ba29364d25062f97a", "asset_id": "67914458235278035127203507214728334060667915057724439170203650566516030846265", "timestamp": "1769383765162", "hash": "c3f8dc68cbfb18e73ead8012d2a1d75c5af06729", "bids": [{"price": "0.01", "size": "276.93"}, {"price": "0.02", "size": "150.79"}, {"price": "0.03", "size": "15.83"}, {"price": "0.04", "size": "5.47"}], "asks": [{"price": "0.99", "size": "285.01"}, {"price": "0.98", "size": "32.49"}], "event_type": "book", "last_trade_price": ""}, {"market": "0x86e70bc1c3a30db43959bf301dc004ec8f9bdbcc7778d637282bc994eef1987a", "asset_id": "94262176846395306388287037014112599954861618411934126596262479212991480799244", "timestamp": "1769383762965", "hash": "b6df1d9ba13c33f1bf309fb3fc741fa96950b712", "bids": [{"price": "0.01", "size": "285.01"}, {"price": "0.02", "size": "32.49"}], "asks": [{"price": "0.99", "size": "276.93"}, {"price": "0.98", "size": "150.79"}, {"price": "0.97", "size": "15.83"}, {"price": "0.96", "size": "5.47"}], "event_type": "book", "last_trade_price": ""}, {"market": "0x8e4a30f964e5dd76a75ea56aa02eb61c35ffa91069b344d96b5825ee31c32bb1", "asset_id": "57544769078265911736995502265506674360278869143475001812690343343042871984550", "timestamp": "1769383761929", "hash": "a71800e840826b9c42919007de22fa406222080f", "bids": [{"price": "0.01", "size": "285.01"}, {"price": "0.02", "size": "32.49"}], "asks": [{"price": "0.99", "size": "276.93"}, {"price": "0.98", "size": "150.79"}, {"price": "0.97", "size": "15.83"}, {"price": "0.96", "size": "5.47"}], "event_type": "book", "last_trade_price": ""}]}
