{"_local_timestamp": "2026-01-25T23:34:34.928968+00:00", "data": [{"market": "0xfd1d3d251bcce55289223cb3709eadda1e773fc20ab30f0b8f443e825fe6865a", "asset_id": "86056975346955378015380446363188485491648911729721490308972101714515866920166", "timestamp": "1769383732246", "hash": "a8b487b5771b6c2729b947fa8050c9ca66546c22", "bids": [{"price": "0.01", "size": "285.01"}, {"price": "0.02", "size": "32.49"}], "asks": [{"price": "0.99", "size": "276.93"}, {"price": "0.98", "size": "150.79"}, {"price": "0.97", "size": "15.83"}, {"price": "0.96", "size": "5.47"}], "event_type": "book", "last_trade_price": ""}, {"market": "0x222eb126e604bbca9fcf4dad20290042b2f8e41fdb570e14434f0fc6131dda20", "asset_id": "36357273121307327285967958752173547231539003974510650833231588257736759278785", "timestamp": "1769382484884", "hash": "7f46cf69f39e2fa334cd5384dcd0826ffbf75e64", "bids": [{"price": "0.01", "size": "285.01"}, {"price": "0.02", "size": "32.49"}], "asks": [{"price": "0.99", "size": "273.12"}, {"price": "0.98", "size": "145.69"}, {"price": "0.97", "size": "20.49"}, {"price": "0.96", "size": "5.47"}], "event_type": "book", "last_trade_price": ""}, {"market": "0x7cfd4523a42f0f7b44a5c17141cb2d261f6dfccbecfa74e9110d97c0c0db318e", "asset_id": "98084431857727417230365649943830001184069773220095011288121124859861774409898", "timestamp": "1769383734513", "hash": "c6a70c987fc6e2eca62d9c4a5b46c8722841ab0f", "bids": [{"price": "0.01", "size": "285.01"}, {"price": "0.02", "size": "32.49"}], "asks": [{"price": "0.99", "size": "276.93"}, {"price": "0.98", "size": "150.79"}, {"price": "0.97", "size": "15.83"}, {"price": "0.96", "size": "5.47"}], "event_type": "book", "last_trade_price": ""}, {"market": "0x12244cad5f148f3ed6fe0001b6689c554e0bda6a74f98afa30b4f9ccdfa2157a", "asset_id": "13734017923136284013455131115304737479308768728342223961856184582904003540570", "timestamp": "1769383733360", "hash": "2fe9bcdbe540b737c31aaeeb26a2574405f06f07", "bids": [{"price": "0.01", "size": "285.01"}, {"price": "0.02", "size": "32.49"}], "asks": [{"price": "0.99", "size": "276.93"}, {"price": "0.98", "size": "154.79"}, {"price": "0.97", "size": "15.83"}, {"price": "0.96", "size": "5.47"}], "event_type": "book", "last_trade_price": ""}, {"market": "0x222eb126e604bbca9fcf4dad20290042b2f8e41fdb570e14434f0fc6131dda20", "asset_id": "60901367318084037792442388421686167001329961425232913704681573749845143147895", "timestamp": "1769382484884", "hash": "d4531cdeea0689905ed9a321bba19907ea503a7d", "bids": [{"price": "0.01", "size": "273.12"}, {"price": "0.02", "size": "145.69"}, {"price": "0.03", "size": "20.49"}, {"price": "0.04", "size": "5.47"}], "asks": [{"price": "0.99", "size": "285.01"}, {"price": "0.98", "size": "32.49"}], "event_type": "book", "last_trade_price": ""}, {"market": "0x7cfd4523a42f0f7b44a5c17141cb2d261f6dfccbecfa74e9110d97c0c0db318e", "asset_id": "39848944466700959461842062974669099294448321590143634494932437563458536271369", "timestamp": "1769383734513", "hash": "04d89ee26c87d3d2f775ebe99c1a15ddfd6dd159", "bids": [{"price": "0.01", "size": "276.93"}, {"price": "0.02", "size": "150.79"}, {"price": "0.03", "size": "15.83"}, {"price": "0.04", "size": "5.47"}], "asks": [{"price": "0.99", "size": "285.01"}, {"price": "0.98", "size": "32.49"}], "event_type": "book", "last_trade_price": ""}, {"market": "0x1f7080e6fb6c7ca761b045ee412a56f09f9d1820091565f7afabe106b69bd8df", "asset_id": "100171450197842819863557317844133698118258904517000413902370725468103310894818", "timestamp": "1769383731273", "hash": "59981303a14c123f4481c172fafc751cec6be811", "bids": [{"price": "0.01", "size": "414.79"}, {"price": "0.02", "size": "26.16"}, {"price": "0.04", "size": "31"}, {"price": "0.05", "size": "80"}, {"price": "0.06", "size": "43.95"}], "asks": [{"price": "0.99", "size": "424.83"}, {"price": "0.98", "size": "58.12"}, {"price": "0.97", "size": "6.42"}, {"price": "0.96", "size": "133"}, {"price": "0.95", "size": "77.93"}], "event_type": "book", "last_trade_price": ""}, {"market": "0x1f7080e6fb6c7ca761b045ee412a56f09f9d1820091565f7afabe106b69bd8df", "asset_id": "60064959661502265920727711380170701031584576630118620323649943984886482616570", "timestamp": "1769383731273", "hash": "2eac82a930d1bdbba2733b200047174976488606", "bids": [{"price": "0.01", "size": "424.83"}, {"price": "0.02", "size": "58.12"}, {"price": "0.03", "size": "6.42"}, {"price": "0.04", "size": "133"}, {"price": "0.05", "size": "77.93"}], "asks": [{"price": "0.99", "size": "414.79"}, {"price": "0.98", "size": "26.16"}, {"price": "0.96", "size": "31"}, {"price": "0.95", "size": "80"}, {"price": "0.94", "size": "43.95"}], "event_type": "book", "last_trade_price": ""}, {"market": "0x12244cad5f148f3ed6fe0001b6689c554e0bda6a74f98afa30b4f9ccdfa2157a", "asset_id": "74654630950677589214597772429855658700719287171276212420316715805420255787376", "timestamp": "1769383733360", "hash": "63f006e5d6a5744e4cc7e278bab8d3ef4b5671c4", "bids": [{"price": "0.01", "size": "276.93"}, {"price": "0.02", "size": "154.79"}, {"price": "0.03", "size": "15.83"}, {"price": "0.04", "size": "5.47"}], "asks": [{"price": "0.99", "size": "285.01"}, {"price": "0.98", "size": "32.49"}], "event_type": "book", "last_trade_price": ""}, {"market": "0xfd1d3d251bcce55289223cb3709eadda1e773fc20ab30f0b8f443e825fe6865a", "asset_id": "49559135503662350159652608953588669937189513584188261516887142276417214111792", "timestamp": "1769383732246", "hash": "25ca081a439fe2e99320bca1e782edbc81c2419f", "bids": [{"price": "0.01", "size": "276.93"}, {"price": "0.02", "size": "150.79"}, {"price": "0.03", "size": "15.83"}, {"price": "0.04", "size": "5.47"}], "asks": [{"price": "0.99", "size": "285.01"}, {"price": "0.98", "size": "32.49"}], "event_type": "book", "last_trade_price": ""}]}
