{"_local_timestamp": "2026-01-25T23:34:34.988407+00:00", "data": [{"market": "0xd0d4c4dea29f3f1653d73d7e25fb6a2254876c19ce0595de807cb52071264bd7", "asset_id": "92168525637167770284101686113523120548879039934530749709729033493649506886692", "timestamp": "1769383723936", "hash": "13980473b35937a25e1c4da65d31f2411ccf9ab4", "bids": [{"price": "0.01", "size": "276.93"}, {"price": "0.02", "size": "150.79"}, {"price": "0.03", "size": "15.83"}, {"price": "0.04", "size": "5.47"}], "asks": [{"price": "0.99", "size": "285.01"}, {"price": "0.98", "size": "32.49"}], "event_type": "book", "last_trade_price": ""}, {"market": "0xb81c958e2416cf3519784bce310dd5e8f4a778dc398f88217a416e0f26f593e4", "asset_id": "28427316339228140222954251679305510330073632147246739901302885632106828729069", "timestamp": "1769383722822", "hash": "f8e23f906cd3ab45e37125c1e9070ccb4428fc7a", "bids": [{"price": "0.01", "size": "285.01"}, {"price": "0.02", "size": "32.49"}], "asks": [{"price": "0.99", "size": "276.93"}, {"price": "0.98", "size": "150.79"}, {"price": "0.97", "size": "15.83"}, {"price": "0.96", "size": "5.47"}], "event_type": "book", "last_trade_price": ""}, {"market": "0x1240b9d0cc92342d78670be0f9f4ea6653aca02fcd42ac6fe39b8b77e6b50c61", "asset_id": "105524142315461230242370048236997574442370081382684979316867488971612965339895", "timestamp": "1769383721768", "hash": "d36c5095ba742c38ef9f11391609086165c13fe7", "bids": [{"price": "0.01", "size": "276.93"}, {"price": "0.02", "size": "150.79"}, {"price": "0.03", "size": "15.83"}, {"price": "0.04", "size": "5.47"}], "asks": [{"price": "0.99", "size": "285.01"}, {"price": "0.98", "size": "32.49"}], "event_type": "book", "last_trade_price": ""}, {"market": "0x6bf3851b554bc04199213acc762556558230179c3f5a863ebe810cc8fe59e0d1", "asset_id": "9653850147016158514147371126044531231808554600067514930058658355917129928853", "timestamp": "1769383725058", "hash": "605b0a3b222c6f15e57259ab4070a1e84d85509a", "bids": [{"price": "0.01", "size": "276.93"}, {"price": "0.02", "size": "150.79"}, {"price": "0.03", "size": "15.83"}, {"price": "0.04", "size": "5.47"}], "asks": [{"price": "0.99", "size": "285.01"}, {"price": "0.98", "size": "32.49"}], "event_type": "book", "last_trade_price": ""}, {"market": "0x1240b9d0cc92342d78670be0f9f4ea6653aca02fcd42ac6fe39b8b77e6b50c61", "asset_id": "8335883023776481869805883832640500927269342703891528188151649981650981928705", "timestamp": "1769383721768", "hash": "fffda1133ac470cac6b401192760996c0246b74f", "bids": [{"price": "0.01", "size": "285.01"}, {"price": "0.02", "size": "32.49"}], "asks": [{"price": "0.99", "size": "276.93"}, {"price": "0.98", "size": "150.79"}, {"price": "0.97", "size": "15.83"}, {"price": "0.96", "size": "5.47"}], "event_type": "book", "last_trade_price": ""}, {"market": "0x6bf3851b554bc04199213acc762556558230179c3f5a863ebe810cc8fe59e0d1", "asset_id": "110515284535502079224831219992388442084955133212008459695980721213754036586971", "timestamp": "1769383725058", "hash": "91ef445e4b53fb691100f75dd13a97eaa037f7a5", "bids": [{"price": "0.01", "size": "285.01"}, {"price": "0.02", "size": "32.49"}], "asks": [{"price": "0.99", "size": "276.93"}, {"price": "0.98", "size": "150.79"}, {"price": "0.97", "size": "15.83"}, {"price": "0.96", "size": "5.47"}], "event_type": "book", "last_trade_price": ""}, {"market": "0xb81c958e2416cf3519784bce310dd5e8f4a778dc398f88217a416e0f26f593e4", "asset_id": "77841284550782659851216338718256422961190603973201844273679539016418527380321", "timestamp": "1769383722822", "hash": "d1de38c931f5669a4db296153041b45e265128c8", "bids": [{"price": "0.01", "size": "276.93"}, {"price": "0.02", "size": "150.79"}, {"price": "0.03", "size": "15.83"}, {"price": "0.04", "size": "5.47"}], "asks": [{"price": "0.99", "size": "285.01"}, {"price": "0.98", "size": "32.49"}], "event_type": "book", "last_trade_price": ""}, {"market": "0xd0d4c4dea29f3f1653d73d7e25fb6a2254876c19ce0595de807cb52071264bd7", "asset_id": "3760886407953013868445396419538754553689766766754671187632246572766564621083", "timestamp": "1769383723936", "hash": "4ce09520e04cc1403ed2cc61c008f594ff3ca630", "bids": [{"price": "0.01", "size": "285.01"}, {"price": "0.02", "size": "32.49"}], "asks": [{"price": "0.99", "size": "276.93"}, {"price": "0.98", "size": "150.79"}, {"price": "0.97", "size": "15.83"}, {"price": "0.96", "size": "5.47"}], "event_type": "book", "last_trade_price": ""}, {"market": "0xa148553a9ec12f4735318cc80612faddf6fc1d9389f7891f1e9182a45cb4e33a", "asset_id": "29643123302781182718071968562295018514577959913629446615921608309591452456349", "timestamp": "1769383720462", "hash": "c2b54b12e827d4b9eef6f88231bc5b92fab24b18", "bids": [{"price": "0.01", "size": "424.83"}, {"price": "0.02", "size": "58.12"}, {"price": "0.03", "size": "6.42"}, {"price": "0.04", "size": "133"}, {"price": "0.05", "size": "77.93"}], "asks": [{"price": "0.99", "size": "413.55"}, {"price": "0.98", "size": "28.16"}, {"price": "0.96", "size": "31"}, {"price": "0.95", "size": "80"}, {"price": "0.94", "size": "43.49"}], "event_type": "book", "last_trade_price": ""}, {"market": "0xa148553a9ec12f4735318cc80612faddf6fc1d9389f7891f1e9182a45cb4e33a", "asset_id": "68109779772658129810686662483119105804061243173727627072049930140075590227182", "timestamp": "1769383720462", "hash": "323fff9513aac27cd593f9f7bf771fd1233ad167", "bids": [{"price": "0.01", "size": "413.55"}, {"price": "0.02", "size": "28.16"}, {"price": "0.04", "size": "31"}, {"price": "0.05", "size": "80"}, {"price": "0.06", "size": "43.49"}], "asks": [{"price": "0.99", "size": "424.83"}, {"price": "0.98", "size": "58.12"}, {"price": "0.97", "size": "6.42"}, {"price": "0.96", "size": "133"}, {"price": "0.95", "size": "77.93"}], "event_type": "book", "last_trade_price": ""}]}
