{"_local_timestamp": "2026-01-25T23:41:38.326350+00:00", "data": [{"market": "0x8f7d8ef1618e0197b80a1e27875d94316823a9dba087f753954d5328c325a40e", "asset_id": "34944575511819624949948840234074869973363216137237814552645881024504586919427", "timestamp": "1769383736577", "hash": "87d9dd5529882b7e8b76314203f57395acd2b070", "bids": [{"price": "0.01", "size": "285.01"}, {"price": "0.02", "size": "32.49"}], "asks": [{"price": "0.99", "size": "276.93"}, {"price": "0.98", "size": "150.79"}, {"price": "0.97", "size": "15.83"}, {"price": "0.96", "size": "5.47"}], "event_type": "book", "last_trade_price": ""}, {"market": "0xb698319fced7170e4d2b1582f9978eb25e339e49e3e8740a1eb157a9dc87e5b7", "asset_id": "62656776235074911118934890477675031025793316390676165520330720507864833563327", "timestamp": "1769383737710", "hash": "c364f8a3ad3546b309cb34558a2fdf442b3de941", "bids": [{"price": "0.01", "size": "276.93"}, {"price": "0.02", "size": "150.79"}, {"price": "0.03", "size": "15.83"}, {"price": "0.04", "size": "5.47"}], "asks": [{"price": "0.99", "size": "285.01"}, {"price": "0.98", "size": "32.49"}], "event_type": "book", "last_trade_price": ""}, {"market": "0x472d009e02f2dccd589b8439a60c65b42c829cb1ffe32d8ca478daa8f6b1dfc6", "asset_id": "8535395479209660446299996779158535739444447315445967833664532696389241762917", "timestamp": "1769383738692", "hash": "c61dc583eb01b532ed218133902acb2cf8ddbd0d", "bids": [{"price": "0.01", "size": "285.01"}, {"price": "0.02", "size": "32.49"}], "asks": [{"price": "0.99", "size": "276.93"}, {"price": "0.98", "size": "150.79"}, {"price": "0.97", "size": "15.83"}, {"price": "0.96", "size": "5.47"}], "event_type": "book", "last_trade_price": ""}, {"market": "0x472d009e02f2dccd589b8439a60c65b42c829cb1ffe32d8ca478daa8f6b1dfc6", "asset_id": "10076138882972740253340863212693128997514706194899233258781223874484452176311", "timestamp": "1769383738692", "hash": "51c8d14293a76a7a06dd8caf808e28877b3e51e8", "bids": [{"price": "0.01", "size": "276.93"}, {"price": "0.02", "size": "150.79"}, {"price": "0.03", "size": "15.83"}, {"price": "0.04", "size": "5.47"}], "asks": [{"price": "0.99", "size": "285.01"}, {"price": "0.98", "size": "32.49"}], "event_type": "book", "last_trade_price": ""}, {"market": "0xccd28cc44955b805308fac0b7ff06ef39c023bffb3b4a9f2dedcec69749ab65f", "asset_id": "876250656676396745878654977240369759803312687106843984303536374807538155225", "timestamp": "1769383735471", "hash": "361f8249826bba31121005da74a4a8485fbaee90", "bids": [{"price": "0.01", "size": "424.83"}, {"price": "0.02", "size": "58.12"}, {"price": "0.03", "size": "6.42"}, {"price": "0.04", "size": "133"}, {"price": "0.05", "size": "77.93"}], "asks": [{"price": "0.99", "size": "414.79"}, {"price": "0.98", "size": "26.16"}, {"price": "0.96", "size": "31"}, {"price": "0.95", "size": "80"}, {"price": "0.94", "size": "43.95"}], "event_type": "book", "last_trade_price": ""}, {"market": "0xd0b32db07a2580c00fa788ad75f25c2fcef6a1e8a68a77fe1e2d39bae657ef0a", "asset_id": "25478499801029009329316908759742688864233188646960012138351295630795386527424", "timestamp": "1769383739691", "hash": "b7bbea0dfd6f3fecb9c8a8171e0c653ae1ccdc62", "bids": [{"price": "0.01", "size": "285.01"}, {"price": "0.02", "size": "32.49"}], "asks": [{"price": "0.99", "size": "276.93"}, {"price": "0.98", "size": "150.79"}, {"price": "0.97", "size": "15.83"}, {"price": "0.96", "size": "5.47"}], "event_type": "book", "last_trade_price": ""}, {"market": "0x8f7d8ef1618e0197b80a1e27875d94316823a9dba087f753954d5328c325a40e", "asset_id": "61980365718474304829237753695262676201357824674068310475732656479386970502661", "timestamp": "1769383736577", "hash": "cdc2a104f7c16d590d682a784d91a71395a0a6d2", "bids": [{"price": "0.01", "size": "276.93"}, {"price": "0.02", "size": "150.79"}, {"price": "0.03", "size": "15.83"}, {"price": "0.04", "size": "5.47"}], "asks": [{"price": "0.99", "size": "285.01"}, {"price": "0.98", "size": "32.49"}], "event_type": "book", "last_trade_price": ""}, {"market": "0xd0b32db07a2580c00fa788ad75f25c2fcef6a1e8a68a77fe1e2d39bae657ef0a", "asset_id": "92960166633342090848025636895820207337066102404689322247264603729468328441818", "timestamp": "1769383739691", "hash": "0f1374615ad48441082c0205a41bb2403d99cad7", "bids": [{"price": "0.01", "size": "276.93"}, {"price": "0.02", "size": "150.79"}, {"price": "0.03", "size": "15.83"}, {"price": "0.04", "size": "5.47"}], "asks": [{"price": "0.99", "size": "285.01"}, {"price": "0.98", "size": "32.49"}], "event_type": "book", "last_trade_price": ""}, {"market": "0xb698319fced7170e4d2b1582f9978eb25e339e49e3e8740a1eb157a9dc87e5b7", "asset_id": "42338455865799439781916321106273711832051513059020641413587961979858609116884", "timestamp": "1769383737710", "hash": "72f9c278a592ec4bfd64f23ac77924b671321ef9", "bids": [{"price": "0.01", "size": "285.01"}, {"price": "0.02", "size": "32.49"}], "asks": [{"price": "0.99", "size": "276.93"}, {"price": "0.98", "size": "150.79"}, {"price": "0.97", "size": "15.83"}, {"price": "0.96", "size": "5.47"}], "event_type": "book", "last_trade_price": ""}, {"market": "0xccd28cc44955b805308fac0b7ff06ef39c023bffb3b4a9f2dedcec69749ab65f", "asset_id": "66841302255576913628596411821718270623743477211457037363070248422205260265778", "timestamp": "1769383735471", "hash": "fc9256a2adea83c00e4ece222bc81ce25aa7be1b", "bids": [{"price": "0.01", "size": "414.79"}, {"price": "0.02", "size": "26.16"}, {"price": "0.04", "size": "31"}, {"price": "0.05", "size": "80"}, {"price": "0.06", "size": "43.95"}], "asks": [{"price": "0.99", "size": "424.83"}, {"price": "0.98", "size": "58.12"}, {"price": "0.97", "size": "6.42"}, {"price": "0.96", "size": "133"}, {"price": "0.95", "size": "77.93"}], "event_type": "book", "last_trade_price": ""}]}
