{"_local_timestamp": "2026-01-25T23:41:38.045438+00:00", "data": [{"market": "0xa5b031d007caa4b5268319a78b331561c3c519c831b5f164e6a3d849b384292d", "asset_id": "14115565274375425794122572665444089511286803108426059237517237029473872241597", "timestamp": "1769383992796", "hash": "6f6a06fbe5a19487204bbca35de762b56c4dac63", "bids": [{"price": "0.01", "size": "4015.01"}, {"price": "0.02", "size": "700"}, {"price": "0.03", "size": "6.86"}, {"price": "0.05", "size": "520"}, {"price": "0.06", "size": "7.53"}, {"price": "0.12", "size": "208.33"}, {"price": "0.15", "size": "73.33"}, {"price": "0.16", "size": "36"}, {"price": "0.17", "size": "7.01"}, {"price": "0.66", "size": "150"}, {"price": "0.67", "size": "50"}, {"price": "0.69", "size": "132.8"}, {"price": "0.7", "size": "116.2"}], "asks": [{"price": "0.99", "size": "55.77"}, {"price": "0.98", "size": "700"}, {"price": "0.97", "size": "5.52"}, {"price": "0.94", "size": "716.66"}, {"price": "0.93", "size": "6.33"}, {"price": "0.92", "size": "68.75"}, {"price": "0.91", "size": "34"}, {"price": "0.81", "size": "10"}, {"price": "0.79", "size": "50"}, {"price": "0.77", "size": "132.8"}, {"price": "0.76", "size": "116.2"}, {"price": "0.75", "size": "150"}], "event_type": "book", "last_trade_price": ""}, {"market": "0x03ee5b7a3016d234e85e985d85b88c2e024ca7f23fc167b0714f5c01217baea8", "asset_id": "27604923381737690365920603064400645823451703435537886551624997563409644229656", "timestamp": "1769383877234", "hash": "aaac9356ddb3d60a2784bd53a9b4b3eb155ae110", "bids": [{"price": "0.01", "size": "50"}, {"price": "0.02", "size": "706.75"}, {"price": "0.05", "size": "500"}, {"price": "0.06", "size": "8.85"}, {"price": "0.12", "size": "208.33"}, {"price": "0.14", "size": "78.57"}, {"price": "0.15", "size": "39"}, {"price": "0.44", "size": "50"}, {"price": "0.45", "size": "150"}, {"price": "0.46", "size": "132.8"}, {"price": "0.47", "size": "116.2"}], "asks": [{"price": "0.99", "size": "3866.85"}, {"price": "0.98", "size": "700"}, {"price": "0.97", "size": "7.7"}, {"price": "0.95", "size": "500"}, {"price": "0.94", "size": "8.46"}, {"price": "0.88", "size": "108.33"}, {"price": "0.87", "size": "204"}, {"price": "0.85", "size": "73.33"}, {"price": "0.84", "size": "6.83"}, {"price": "0.56", "size": "50"}, {"price": "0.54", "size": "282.8"}, {"price": "0.53", "size": "116.2"}], "event_type": "book", "last_trade_price": ""}, {"market": "0x524ce8aec5d93edde0c938e8adad2fab3ab777010ff16dc4c7c1cf8328ad3d6b", "asset_id": "33587555358301756812105539302722332199462154344086540127485743355859100630932", "timestamp": "1769384339328", "hash": "959d423536d96dbbda698234feefec99ce1df08e", "bids": [{"price": "0.01", "size": "50"}, {"price": "0.02", "size": "7.57"}, {"price": "0.03", "size": "1133.33"}, {"price": "0.06", "size": "91.66"}, {"price": "0.07", "size": "52.36"}, {"price": "0.16", "size": "10"}, {"price": "0.17", "size": "50"}, {"price": "0.19", "size": "132.8"}, {"price": "0.2", "size": "116.2"}, {"price": "0.21", "size": "150"}], "asks": [{"price": "0.99", "size": "4014.84"}, {"price": "0.98", "size": "700"}, {"price": "0.97", "size": "6.78"}, {"price": "0.95", "size": "520"}, {"price": "0.94", "size": "7.45"}, {"price": "0.88", "size": "208.33"}, {"price": "0.85", "size": "73.33"}, {"price": "0.84", "size": "36"}, {"price": "0.83", "size": "7.06"}, {"price": "0.3", "size": "150"}, {"price": "0.27", "size": "132.8"}, {"price": "0.26", "size": "116.2"}], "event_type": "book", "last_trade_price": ""}, {"market": "0x524ce8aec5d93edde0c938e8adad2fab3ab777010ff16dc4c7c1cf8328ad3d6b", "asset_id": "76346700585891403112290269861126205416262783101762970066440288043937362132016", "timestamp": "1769384339328", "hash": "8a324f5e1fb658f3e535bab63e4d3556f34a8f1f", "bids": [{"price": "0.01", "size": "4014.84"}, {"price": "0.02", "size": "700"}, {"price": "0.03", "size": "6.78"}, {"price": "0.05", "size": "520"}, {"price": "0.06", "size": "7.45"}, {"price": "0.12", "size": "208.33"}, {"price": "0.15", "size": "73.33"}, {"price": "0.16", "size": "36"}, {"price": "0.17", "size": "7.06"}, {"price": "0.7", "size": "150"}, {"price": "0.73", "size": "132.8"}, {"price": "0.74", "size": "116.2"}], "asks": [{"price": "0.99", "size": "50"}, {"price": "0.98", "size": "7.57"}, {"price": "0.97", "size": "1133.33"}, {"price": "0.94", "size": "91.66"}, {"price": "0.93", "size": "52.36"}, {"price": "0.84", "size": "10"}, {"price": "0.83", "size": "50"}, {"price": "0.81", "size": "132.8"}, {"price": "0.8", "size": "116.2"}, {"price": "0.79", "size": "150"}], "event_type": "book", "last_trade_price": ""}, {"market": "0xa5b031d007caa4b5268319a78b331561c3c519c831b5f164e6a3d849b384292d", "asset_id": "111641871649193240477452751298514866787984170923519611118082577045671983382013", "timestamp": "1769383992796", "hash": "a7f2a080c05955cee239cc5005aed746357ce636", "bids": [{"price": "0.01", "size": "55.77"}, {"price": "0.02", "size": "700"}, {"price": "0.03", "size": "5.52"}, {"price": "0.06", "size": "716.66"}, {"price": "0.07", "size": "6.33"}, {"price": "0.08", "size": "68.75"}, {"price": "0.09", "size": "34"}, {"price": "0.19", "size": "10"}, {"price": "0.21", "size": "50"}, {"price": "0.23", "size": "132.8"}, {"price": "0.24", "size": "116.2"}, {"price": "0.25", "size": "150"}], "asks": [{"price": "0.99", "size": "4015.01"}, {"price": "0.98", "size": "700"}, {"price": "0.97", "size": "6.86"}, {"price": "0.95", "size": "520"}, {"price": "0.94", "size": "7.53"}, {"price": "0.88", "size": "208.33"}, {"price": "0.85", "size": "73.33"}, {"price": "0.84", "size": "36"}, {"price": "0.83", "size": "7.01"}, {"price": "0.34", "size": "150"}, {"price": "0.33", "size": "50"}, {"price": "0.31", "size": "132.8"}, {"price": "0.3", "size": "116.2"}], "event_type": "book", "last_trade_price": ""}, {"market": "0x03ee5b7a3016d234e85e985d85b88c2e024ca7f23fc167b0714f5c01217baea8", "asset_id": "72596030418169508361006175656683547450510212922107644098709056309492933681596", "timestamp": "1769383877234", "hash": "9aead612e5b16674a0477df435035439c747ed58", "bids": [{"price": "0.01", "size": "3866.85"}, {"price": "0.02", "size": "700"}, {"price": "0.03", "size": "7.7"}, {"price": "0.05", "size": "500"}, {"price": "0.06", "size": "8.46"}, {"price": "0.12", "size": "108.33"}, {"price": "0.13", "size": "204"}, {"price": "0.15", "size": "73.33"}, {"price": "0.16", "size": "6.83"}, {"price": "0.44", "size": "50"}, {"price": "0.46", "size": "282.8"}, {"price": "0.47", "size": "116.2"}], "asks": [{"price": "0.99", "size": "50"}, {"price": "0.98", "size": "706.75"}, {"price": "0.95", "size": "500"}, {"price": "0.94", "size": "8.85"}, {"price": "0.88", "size": "208.33"}, {"price": "0.86", "size": "78.57"}, {"price": "0.85", "size": "39"}, {"price": "0.56", "size": "50"}, {"price": "0.55", "size": "150"}, {"price": "0.54", "size": "132.8"}, {"price": "0.53", "size": "116.2"}], "event_type": "book", "last_trade_price": ""}]}
{"_local_timestamp": "2026-01-25T23:42:55.106971+00:00", "data": {"market": "0x03ee5b7a3016d234e85e985d85b88c2e024ca7f23fc167b0714f5c01217baea8", "price_changes": [{"asset_id": "72596030418169508361006175656683547450510212922107644098709056309492933681596", "price": "0.16", "size": "0", "side": "BUY", "hash": "edd2342a4cfe7b9473c51c99de3edda7471492e9", "best_bid": "0.47", "best_ask": "0.53"}, {"asset_id": "27604923381737690365920603064400645823451703435537886551624997563409644229656", "price": "0.84", "size": "0", "side": "SELL", "hash": "e9729f4b12bb745abe2a57f1fd6489c269daaad1", "best_bid": "0.47", "best_ask": "0.53"}], "timestamp": "1769384574971", "event_type": "price_change"}}
{"_local_timestamp": "2026-01-25T23:42:55.108198+00:00", "data": {"market": "0x524ce8aec5d93edde0c938e8adad2fab3ab777010ff16dc4c7c1cf8328ad3d6b", "price_changes": [{"asset_id": "76346700585891403112290269861126205416262783101762970066440288043937362132016", "price": "0.17", "size": "0", "side": "BUY", "hash": "17ab9aa2ae9421e4666a8ff418504144b296ddfd", "best_bid": "0.74", "best_ask": "0.79"}, {"asset_id": "33587555358301756812105539302722332199462154344086540127485743355859100630932", "price": "0.83", "size": "0", "side": "SELL", "hash": "b8de43bf281b01aa2c24d5d3086d2833750751a9", "best_bid": "0.21", "best_ask": "0.26"}], "timestamp": "1769384574971", "event_type": "price_change"}}
{"_local_timestamp": "2026-01-25T23:42:55.108568+00:00", "data": {"market": "0xa5b031d007caa4b5268319a78b331561c3c519c831b5f164e6a3d849b384292d", "price_changes": [{"asset_id": "14115565274375425794122572665444089511286803108426059237517237029473872241597", "price": "0.17", "size": "0", "side": "BUY", "hash": "d930baab1bee9cd3fccf34acedcfc11b281cb1cf", "best_bid": "0.7", "best_ask": "0.75"}, {"asset_id": "111641871649193240477452751298514866787984170923519611118082577045671983382013", "price": "0.83", "size": "0", "side": "SELL", "hash": "61dcda423b3c7183d809c682314ada7839bfac2f", "best_bid": "0.25", "best_ask": "0.3"}], "timestamp": "1769384574971", "event_type": "price_change"}}
{"_local_timestamp": "2026-01-25T23:42:57.039609+00:00", "data": {"market": "0xa5b031d007caa4b5268319a78b331561c3c519c831b5f164e6a3d849b384292d", "price_changes": [{"asset_id": "14115565274375425794122572665444089511286803108426059237517237029473872241597", "price": "0.17", "size": "7.01", "side": "BUY", "hash": "6b7c9a576886f73a5d64405f4ad25a442644a0bc", "best_bid": "0.7", "best_ask": "0.75"}, {"asset_id": "111641871649193240477452751298514866787984170923519611118082577045671983382013", "price": "0.83", "size": "7.01", "side": "SELL", "hash": "6072303b6e61bd003911bdb34ac72391b8f3676c", "best_bid": "0.25", "best_ask": "0.3"}], "timestamp": "1769384576892", "event_type": "price_change"}}
{"_local_timestamp": "2026-01-25T23:42:57.040136+00:00", "data": {"market": "0x03ee5b7a3016d234e85e985d85b88c2e024ca7f23fc167b0714f5c01217baea8", "price_changes": [{"asset_id": "72596030418169508361006175656683547450510212922107644098709056309492933681596", "price": "0.16", "size": "6.83", "side": "BUY", "hash": "d72abe76fccef7870d9ce6d98cc4bfd609b962cc", "best_bid": "0.47", "best_ask": "0.53"}, {"asset_id": "27604923381737690365920603064400645823451703435537886551624997563409644229656", "price": "0.84", "size": "6.83", "side": "SELL", "hash": "fbfef2b1dab0651021e16f26585e12dc947902bc", "best_bid": "0.47", "best_ask": "0.53"}], "timestamp": "1769384576892", "event_type": "price_change"}}
{"_local_timestamp": "2026-01-25T23:42:57.040575+00:00", "data": {"market": "0x524ce8aec5d93edde0c938e8adad2fab3ab777010ff16dc4c7c1cf8328ad3d6b", "price_changes": [{"asset_id": "76346700585891403112290269861126205416262783101762970066440288043937362132016", "price": "0.17", "size": "7.06", "side": "BUY", "hash": "5a2af9c94bdac4752cb291adff6a517ecb686ea0", "best_bid": "0.74", "best_ask": "0.79"}, {"asset_id": "33587555358301756812105539302722332199462154344086540127485743355859100630932", "price": "0.83", "size": "7.06", "side": "SELL", "hash": "b8ad308da452550afffbf6deca7a0759b072bdb4", "best_bid": "0.21", "best_ask": "0.26"}], "timestamp": "1769384576893", "event_type": "price_change"}}
{"_local_timestamp": "2026-01-25T23:43:08.161262+00:00", "data": {"market": "0xa5b031d007caa4b5268319a78b331561c3c519c831b5f164e6a3d849b384292d", "price_changes": [{"asset_id": "111641871649193240477452751298514866787984170923519611118082577045671983382013", "price": "0.25", "size": "0", "side": "BUY", "hash": "a80fa85d592451df164adf88155905316c2d8e63", "best_bid": "0.24", "best_ask": "0.3"}, {"asset_id": "14115565274375425794122572665444089511286803108426059237517237029473872241597", "price": "0.75", "size": "0", "side": "SELL", "hash": "58dba5bea5271243b7db876742b418a6d57cd72e", "best_bid": "0.7", "best_ask": "0.76"}], "timestamp": "1769384588000", "event_type": "price_change"}}
{"_local_timestamp": "2026-01-25T23:43:08.167086+00:00", "data": {"market": "0xa5b031d007caa4b5268319a78b331561c3c519c831b5f164e6a3d849b384292d", "price_changes": [{"asset_id": "14115565274375425794122572665444089511286803108426059237517237029473872241597", "price": "0.66", "size": "0", "side": "BUY", "hash": "bd6752ba8dfcc0c4c883a7216a7367c38337f922", "best_bid": "0.7", "best_ask": "0.76"}, {"asset_id": "111641871649193240477452751298514866787984170923519611118082577045671983382013", "price": "0.34", "size": "0", "side": "SELL", "hash": "3eaf921a6045086e1d34db1eb9f805d03057035e", "best_bid": "0.24", "best_ask": "0.3"}], "timestamp": "1769384588002", "event_type": "price_change"}}
{"_local_timestamp": "2026-01-25T23:43:08.182692+00:00", "data": {"market": "0x524ce8aec5d93edde0c938e8adad2fab3ab777010ff16dc4c7c1cf8328ad3d6b", "price_changes": [{"asset_id": "33587555358301756812105539302722332199462154344086540127485743355859100630932", "price": "0.21", "size": "0", "side": "BUY", "hash": "36370f2402ed2dee68ce07315e243bf6eaecc266", "best_bid": "0.2", "best_ask": "0.26"}, {"asset_id": "76346700585891403112290269861126205416262783101762970066440288043937362132016", "price": "0.79", "size": "0", "side": "SELL", "hash": "a77ad5994eef2e0a0c5596d4674ce0d6330ae7fe", "best_bid": "0.74", "best_ask": "0.8"}], "timestamp": "1769384588002", "event_type": "price_change"}}
{"_local_timestamp": "2026-01-25T23:43:08.210046+00:00", "data": {"market": "0x524ce8aec5d93edde0c938e8adad2fab3ab777010ff16dc4c7c1cf8328ad3d6b", "price_changes": [{"asset_id": "76346700585891403112290269861126205416262783101762970066440288043937362132016", "price": "0.7", "size": "0", "side": "BUY", "hash": "1af7a76ef239566038dd139b5d1de53cdce42211", "best_bid": "0.74", "best_ask": "0.8"}, {"asset_id": "33587555358301756812105539302722332199462154344086540127485743355859100630932", "price": "0.3", "size": "0", "side": "SELL", "hash": "e04e421ae1d253ae13c24badda9a1d5d8b57b579", "best_bid": "0.2", "best_ask": "0.26"}], "timestamp": "1769384588005", "event_type": "price_change"}}
{"_local_timestamp": "2026-01-25T23:43:13.641604+00:00", "data": {"market": "0xa5b031d007caa4b5268319a78b331561c3c519c831b5f164e6a3d849b384292d", "price_changes": [{"asset_id": "14115565274375425794122572665444089511286803108426059237517237029473872241597", "price": "0.66", "size": "150", "side": "BUY", "hash": "87fad8faddadeee0c2ac7a70ae35d67571def936", "best_bid": "0.7", "best_ask": "0.76"}, {"asset_id": "111641871649193240477452751298514866787984170923519611118082577045671983382013", "price": "0.34", "size": "150", "side": "SELL", "hash": "168a0dd21cb78c0e0894228af02b5eeab5221395", "best_bid": "0.24", "best_ask": "0.3"}], "timestamp": "1769384593510", "event_type": "price_change"}}
{"_local_timestamp": "2026-01-25T23:43:13.649649+00:00", "data": {"market": "0xa5b031d007caa4b5268319a78b331561c3c519c831b5f164e6a3d849b384292d", "price_changes": [{"asset_id": "111641871649193240477452751298514866787984170923519611118082577045671983382013", "price": "0.25", "size": "150", "side": "BUY", "hash": "245f8a263286460989404e93a5c00344f80adde2", "best_bid": "0.25", "best_ask": "0.3"}, {"asset_id": "14115565274375425794122572665444089511286803108426059237517237029473872241597", "price": "0.75", "size": "150", "side": "SELL", "hash": "66cc0305c0cb2e9877318a56dcbdc6d2fc0e8fde", "best_bid": "0.7", "best_ask": "0.75"}], "timestamp": "1769384593512", "event_type": "price_change"}}
{"_local_timestamp": "2026-01-25T23:43:14.806294+00:00", "data": {"market": "0x524ce8aec5d93edde0c938e8adad2fab3ab777010ff16dc4c7c1cf8328ad3d6b", "price_changes": [{"asset_id": "33587555358301756812105539302722332199462154344086540127485743355859100630932", "price": "0.21", "size": "150", "side": "BUY", "hash": "c348bd4ec58755f3c8f9d5040e29cef5924a4c60", "best_bid": "0.21", "best_ask": "0.26"}, {"asset_id": "76346700585891403112290269861126205416262783101762970066440288043937362132016", "price": "0.79", "size": "150", "side": "SELL", "hash": "af46bf0ccd57ebd8b21c53c2ccd564643b6011b7", "best_bid": "0.74", "best_ask": "0.79"}], "timestamp": "1769384594678", "event_type": "price_change"}}
{"_local_timestamp": "2026-01-25T23:43:14.806750+00:00", "data": {"market": "0x524ce8aec5d93edde0c938e8adad2fab3ab777010ff16dc4c7c1cf8328ad3d6b", "price_changes": [{"asset_id": "76346700585891403112290269861126205416262783101762970066440288043937362132016", "price": "0.7", "size": "150", "side": "BUY", "hash": "1c49eeea818590b1e604c57993382e8a0b73924a", "best_bid": "0.74", "best_ask": "0.79"}, {"asset_id": "33587555358301756812105539302722332199462154344086540127485743355859100630932", "price": "0.3", "size": "150", "side": "SELL", "hash": "2682fdc255400429464ad3e26100882dead9ae0a", "best_bid": "0.21", "best_ask": "0.26"}], "timestamp": "1769384594679", "event_type": "price_change"}}
{"_local_timestamp": "2026-01-25T23:44:02.197973+00:00", "data": {"market": "0x524ce8aec5d93edde0c938e8adad2fab3ab777010ff16dc4c7c1cf8328ad3d6b", "price_changes": [{"asset_id": "33587555358301756812105539302722332199462154344086540127485743355859100630932", "price": "0.07", "size": "45", "side": "BUY", "hash": "0053f8757fa135996af7f1b9b0e624071efb8692", "best_bid": "0.21", "best_ask": "0.26"}, {"asset_id": "76346700585891403112290269861126205416262783101762970066440288043937362132016", "price": "0.93", "size": "45", "side": "SELL", "hash": "298a1daca4b51c098a5f8e98536ff0ad7a341753", "best_bid": "0.74", "best_ask": "0.79"}], "timestamp": "1769384641954", "event_type": "price_change"}}
{"_local_timestamp": "2026-01-25T23:44:03.785909+00:00", "data": {"market": "0x524ce8aec5d93edde0c938e8adad2fab3ab777010ff16dc4c7c1cf8328ad3d6b", "price_changes": [{"asset_id": "33587555358301756812105539302722332199462154344086540127485743355859100630932", "price": "0.07", "size": "52.36", "side": "BUY", "hash": "e0a0aad1f32f1158e80c67ea96bbdee2d5a4a442", "best_bid": "0.21", "best_ask": "0.26"}, {"asset_id": "76346700585891403112290269861126205416262783101762970066440288043937362132016", "price": "0.93", "size": "52.36", "side": "SELL", "hash": "dc3fa43d0e441a88f672d0602f1455a7f6f7cb0c", "best_bid": "0.74", "best_ask": "0.79"}], "timestamp": "1769384643494", "event_type": "price_change"}}
{"_local_timestamp": "2026-01-25T23:45:57.230271+00:00", "data": {"market": "0x524ce8aec5d93edde0c938e8adad2fab3ab777010ff16dc4c7c1cf8328ad3d6b", "price_changes": [{"asset_id": "33587555358301756812105539302722332199462154344086540127485743355859100630932", "price": "0.07", "size": "7.36", "side": "BUY", "hash": "44b941df511b3e3dc1ac381fc53e22f34e88098e", "best_bid": "0.21", "best_ask": "0.26"}, {"asset_id": "76346700585891403112290269861126205416262783101762970066440288043937362132016", "price": "0.93", "size": "7.36", "side": "SELL", "hash": "6ae34b839d205a5d5e28fc061c3f6162d5f21fa6", "best_bid": "0.74", "best_ask": "0.79"}], "timestamp": "1769384756836", "event_type": "price_change"}}
{"_local_timestamp": "2026-01-25T23:46:59.775362+00:00", "data": {"market": "0x524ce8aec5d93edde0c938e8adad2fab3ab777010ff16dc4c7c1cf8328ad3d6b", "price_changes": [{"asset_id": "33587555358301756812105539302722332199462154344086540127485743355859100630932", "price": "0.04", "size": "300", "side": "BUY", "hash": "5b878ae0b7b88400346b8883e6b16ef08c7599f2", "best_bid": "0.21", "best_ask": "0.26"}, {"asset_id": "76346700585891403112290269861126205416262783101762970066440288043937362132016", "price": "0.96", "size": "300", "side": "SELL", "hash": "d6851505a08ff8921629b4ac47fecf6c02daa4d3", "best_bid": "0.74", "best_ask": "0.79"}], "timestamp": "1769384819697", "event_type": "price_change"}}
{"_local_timestamp": "2026-01-25T23:48:38.083326+00:00", "data": {"market": "0x524ce8aec5d93edde0c938e8adad2fab3ab777010ff16dc4c7c1cf8328ad3d6b", "price_changes": [{"asset_id": "33587555358301756812105539302722332199462154344086540127485743355859100630932", "price": "0.03", "size": "433.33", "side": "BUY", "hash": "46e9f00f3679ed1d33625cd09a18d60b26f2fee4", "best_bid": "0.21", "best_ask": "0.26"}, {"asset_id": "76346700585891403112290269861126205416262783101762970066440288043937362132016", "price": "0.97", "size": "433.33", "side": "SELL", "hash": "0aa22f02fa9972aaae6e4df3334516178868f6cc", "best_bid": "0.74", "best_ask": "0.79"}], "timestamp": "1769384917748", "event_type": "price_change"}}
{"_local_timestamp": "2026-01-25T23:48:38.447338+00:00", "data": {"market": "0x524ce8aec5d93edde0c938e8adad2fab3ab777010ff16dc4c7c1cf8328ad3d6b", "price_changes": [{"asset_id": "33587555358301756812105539302722332199462154344086540127485743355859100630932", "price": "0.04", "size": "1000", "side": "BUY", "hash": "94c4c36e6d23c1fd38f773d435842defd7ce8f5e", "best_bid": "0.21", "best_ask": "0.26"}, {"asset_id": "76346700585891403112290269861126205416262783101762970066440288043937362132016", "price": "0.96", "size": "1000", "side": "SELL", "hash": "52a7a20832804e97289818fb17954da6dadf8c52", "best_bid": "0.74", "best_ask": "0.79"}], "timestamp": "1769384918111", "event_type": "price_change"}}
