{"_local_timestamp": "2026-01-25T23:41:37.928022+00:00", "data": [{"market": "0x78fcaa1e0b567ae806c655567a1894f7b69d664d7e94977638d2ba1c015a50ef", "asset_id": "22543982595646003950188261159386264848644068632018944176865993301846099780720", "timestamp": "1769384424961", "hash": "79b3781bfe52f61db9891fca9a36106759b4e540", "bids": [{"price": "0.01", "size": "55.84"}, {"price": "0.02", "size": "700"}, {"price": "0.03", "size": "5.99"}, {"price": "0.06", "size": "216.66"}, {"price": "0.07", "size": "6.12"}, {"price": "0.08", "size": "668.75"}, {"price": "0.17", "size": "10"}, {"price": "0.19", "size": "50"}, {"price": "0.21", "size": "132.8"}, {"price": "0.22", "size": "266.2"}], "asks": [{"price": "0.99", "size": "4014.93"}, {"price": "0.98", "size": "700"}, {"price": "0.97", "size": "6.82"}, {"price": "0.95", "size": "520"}, {"price": "0.94", "size": "7.49"}, {"price": "0.88", "size": "208.33"}, {"price": "0.85", "size": "73.33"}, {"price": "0.84", "size": "36"}, {"price": "0.82", "size": "6.64"}, {"price": "0.31", "size": "200"}, {"price": "0.29", "size": "132.8"}, {"price": "0.28", "size": "116.2"}], "event_type": "book", "last_trade_price": ""}, {"market": "0x78fcaa1e0b567ae806c655567a1894f7b69d664d7e94977638d2ba1c015a50ef", "asset_id": "76780249488598702841539267063545197331067678226505046623688292964213977459503", "timestamp": "1769384424961", "hash": "e7514e5cb9bd1f1d8250f549b311307235102d3b", "bids": [{"price": "0.01", "size": "4014.93"}, {"price": "0.02", "size": "700"}, {"price": "0.03", "size": "6.82"}, {"price": "0.05", "size": "520"}, {"price": "0.06", "size": "7.49"}, {"price": "0.12", "size": "208.33"}, {"price": "0.15", "size": "73.33"}, {"price": "0.16", "size": "36"}, {"price": "0.18", "size": "6.64"}, {"price": "0.69", "size": "200"}, {"price": "0.71", "size": "132.8"}, {"price": "0.72", "size": "116.2"}], "asks": [{"price": "0.99", "size": "55.84"}, {"price": "0.98", "size": "700"}, {"price": "0.97", "size": "5.99"}, {"price": "0.94", "size": "216.66"}, {"price": "0.93", "size": "6.12"}, {"price": "0.92", "size": "668.75"}, {"price": "0.83", "size": "10"}, {"price": "0.81", "size": "50"}, {"price": "0.79", "size": "132.8"}, {"price": "0.78", "size": "266.2"}], "event_type": "book", "last_trade_price": ""}, {"market": "0x626a5d98ab796aa871a4368b685d07e1484b3e79f22731e807440b3ae26e6a67", "asset_id": "107692517924777837601949588647128589823823593951065404815365600006047224497410", "timestamp": "1769384424947", "hash": "dd65451982a2ead2a1a3f93ebda4a70330a51450", "bids": [{"price": "0.01", "size": "4014.81"}, {"price": "0.02", "size": "700"}, {"price": "0.03", "size": "6.77"}, {"price": "0.05", "size": "520"}, {"price": "0.06", "size": "7.43"}, {"price": "0.12", "size": "208.33"}, {"price": "0.15", "size": "73.33"}, {"price": "0.16", "size": "36"}, {"price": "0.17", "size": "7.07"}, {"price": "0.71", "size": "150"}, {"price": "0.74", "size": "132.8"}, {"price": "0.75", "size": "116.2"}], "asks": [{"price": "0.99", "size": "50"}, {"price": "0.98", "size": "7.82"}, {"price": "0.97", "size": "433.33"}, {"price": "0.95", "size": "800"}, {"price": "0.94", "size": "91.66"}, {"price": "0.93", "size": "7.28"}, {"price": "0.85", "size": "10"}, {"price": "0.84", "size": "50"}, {"price": "0.82", "size": "132.8"}, {"price": "0.81", "size": "116.2"}, {"price": "0.8", "size": "150"}], "event_type": "book", "last_trade_price": ""}, {"market": "0x626a5d98ab796aa871a4368b685d07e1484b3e79f22731e807440b3ae26e6a67", "asset_id": "97887361639443623309810795268287505828906153245894775398032993515352483635271", "timestamp": "1769384424947", "hash": "6d73518fe91d568dbb318f4b2507c8d7bd17b484", "bids": [{"price": "0.01", "size": "50"}, {"price": "0.02", "size": "7.82"}, {"price": "0.03", "size": "433.33"}, {"price": "0.05", "size": "800"}, {"price": "0.06", "size": "91.66"}, {"price": "0.07", "size": "7.28"}, {"price": "0.15", "size": "10"}, {"price": "0.16", "size": "50"}, {"price": "0.18", "size": "132.8"}, {"price": "0.19", "size": "116.2"}, {"price": "0.2", "size": "150"}], "asks": [{"price": "0.99", "size": "4014.81"}, {"price": "0.98", "size": "700"}, {"price": "0.97", "size": "6.77"}, {"price": "0.95", "size": "520"}, {"price": "0.94", "size": "7.43"}, {"price": "0.88", "size": "208.33"}, {"price": "0.85", "size": "73.33"}, {"price": "0.84", "size": "36"}, {"price": "0.83", "size": "7.07"}, {"price": "0.29", "size": "150"}, {"price": "0.26", "size": "132.8"}, {"price": "0.25", "size": "116.2"}], "event_type": "book", "last_trade_price": ""}, {"market": "0xc98b77417bf21421eba1bf3d7abbdae3b82a4e68fc88d1f3a939ffaf637d6959", "asset_id": "7228028635746525369546329048778742744227058361746911171801755587091064647752", "timestamp": "1769384449000", "hash": "e3ffcfed00bc954fc23eaa733bdd5b204d469bdb", "bids": [{"price": "0.01", "size": "3867.28"}, {"price": "0.02", "size": "700"}, {"price": "0.03", "size": "7.9"}, {"price": "0.05", "size": "500"}, {"price": "0.06", "size": "9.73"}, {"price": "0.12", "size": "108.33"}, {"price": "0.13", "size": "204"}, {"price": "0.15", "size": "73.33"}, {"price": "0.16", "size": "6.29"}, {"price": "0.4", "size": "50"}, {"price": "0.43", "size": "282.8"}, {"price": "0.44", "size": "116.2"}], "asks": [{"price": "0.99", "size": "50"}, {"price": "0.98", "size": "706.64"}, {"price": "0.95", "size": "500"}, {"price": "0.94", "size": "8.89"}, {"price": "0.87", "size": "237"}, {"price": "0.64", "size": "10"}, {"price": "0.63", "size": "35.13"}, {"price": "0.62", "size": "28.94"}, {"price": "0.52", "size": "150"}, {"price": "0.51", "size": "132.8"}, {"price": "0.5", "size": "116.2"}], "event_type": "book", "last_trade_price": ""}, {"market": "0xc98b77417bf21421eba1bf3d7abbdae3b82a4e68fc88d1f3a939ffaf637d6959", "asset_id": "20676422085334325407269412321149834516521223684654386163431343358797427358311", "timestamp": "1769384449000", "hash": "982fbaa0bd4d9bc766e2724675690750ba8aa819", "bids": [{"price": "0.01", "size": "50"}, {"price": "0.02", "size": "706.64"}, {"price": "0.05", "size": "500"}, {"price": "0.06", "size": "8.89"}, {"price": "0.13", "size": "237"}, {"price": "0.36", "size": "10"}, {"price": "0.37", "size": "35.13"}, {"price": "0.38", "size": "28.94"}, {"price": "0.48", "size": "150"}, {"price": "0.49", "size": "132.8"}, {"price": "0.5", "size": "116.2"}], "asks": [{"price": "0.99", "size": "3867.28"}, {"price": "0.98", "size": "700"}, {"price": "0.97", "size": "7.9"}, {"price": "0.95", "size": "500"}, {"price": "0.94", "size": "9.73"}, {"price": "0.88", "size": "108.33"}, {"price": "0.87", "size": "204"}, {"price": "0.85", "size": "73.33"}, {"price": "0.84", "size": "6.29"}, {"price": "0.6", "size": "50"}, {"price": "0.57", "size": "282.8"}, {"price": "0.56", "size": "116.2"}], "event_type": "book", "last_trade_price": ""}]}
{"_local_timestamp": "2026-01-25T23:41:43.915254+00:00", "data": {"market": "0xc98b77417bf21421eba1bf3d7abbdae3b82a4e68fc88d1f3a939ffaf637d6959", "price_changes": [{"asset_id": "20676422085334325407269412321149834516521223684654386163431343358797427358311", "price": "0.48", "size": "200", "side": "BUY", "hash": "e63cf5d53130694d47a474bb52e0efa82d72d8e8", "best_bid": "0.5", "best_ask": "0.56"}, {"asset_id": "7228028635746525369546329048778742744227058361746911171801755587091064647752", "price": "0.52", "size": "200", "side": "SELL", "hash": "4f5f40f868b31ff0d6a84f029d23c9f6c47e6c7f", "best_bid": "0.44", "best_ask": "0.5"}], "timestamp": "1769384503847", "event_type": "price_change"}}
{"_local_timestamp": "2026-01-25T23:42:57.674424+00:00", "data": {"market": "0x626a5d98ab796aa871a4368b685d07e1484b3e79f22731e807440b3ae26e6a67", "price_changes": [{"asset_id": "107692517924777837601949588647128589823823593951065404815365600006047224497410", "price": "0.17", "size": "0", "side": "BUY", "hash": "a859ad2f73ba86c37ad493e1f210510afbdc6f51", "best_bid": "0.75", "best_ask": "0.8"}, {"asset_id": "97887361639443623309810795268287505828906153245894775398032993515352483635271", "price": "0.83", "size": "0", "side": "SELL", "hash": "95908556fe6975e5c1a2e383facaba2fbb833d67", "best_bid": "0.2", "best_ask": "0.25"}], "timestamp": "1769384577576", "event_type": "price_change"}}
{"_local_timestamp": "2026-01-25T23:42:57.679883+00:00", "data": {"market": "0x78fcaa1e0b567ae806c655567a1894f7b69d664d7e94977638d2ba1c015a50ef", "price_changes": [{"asset_id": "76780249488598702841539267063545197331067678226505046623688292964213977459503", "price": "0.18", "size": "0", "side": "BUY", "hash": "411e46a9372fecba0e2b35bca6c281d59d778b16", "best_bid": "0.72", "best_ask": "0.78"}, {"asset_id": "22543982595646003950188261159386264848644068632018944176865993301846099780720", "price": "0.82", "size": "0", "side": "SELL", "hash": "2a2c08a038b4e5876aa7d7e3f9784c858988a296", "best_bid": "0.22", "best_ask": "0.28"}], "timestamp": "1769384577576", "event_type": "price_change"}}
{"_local_timestamp": "2026-01-25T23:42:59.757078+00:00", "data": {"market": "0x78fcaa1e0b567ae806c655567a1894f7b69d664d7e94977638d2ba1c015a50ef", "price_changes": [{"asset_id": "76780249488598702841539267063545197331067678226505046623688292964213977459503", "price": "0.17", "size": "7.03", "side": "BUY", "hash": "89adce09828dc6b0c71bf07856fe367cddc9f4e1", "best_bid": "0.72", "best_ask": "0.78"}, {"asset_id": "22543982595646003950188261159386264848644068632018944176865993301846099780720", "price": "0.83", "size": "7.03", "side": "SELL", "hash": "ff33a689d34eb261ec2222f2c898a24c3d5c8eee", "best_bid": "0.22", "best_ask": "0.28"}], "timestamp": "1769384579645", "event_type": "price_change"}}
{"_local_timestamp": "2026-01-25T23:42:59.757496+00:00", "data": {"market": "0x626a5d98ab796aa871a4368b685d07e1484b3e79f22731e807440b3ae26e6a67", "price_changes": [{"asset_id": "107692517924777837601949588647128589823823593951065404815365600006047224497410", "price": "0.17", "size": "7.07", "side": "BUY", "hash": "260bade54f9ba827672ef497c5b4fdfde6e6c64d", "best_bid": "0.75", "best_ask": "0.8"}, {"asset_id": "97887361639443623309810795268287505828906153245894775398032993515352483635271", "price": "0.83", "size": "7.07", "side": "SELL", "hash": "2b475f2ba2f0d65fbb0da9dd2f398f6a2ae4a8ab", "best_bid": "0.2", "best_ask": "0.25"}], "timestamp": "1769384579645", "event_type": "price_change"}}
{"_local_timestamp": "2026-01-25T23:43:00.235083+00:00", "data": {"market": "0x78fcaa1e0b567ae806c655567a1894f7b69d664d7e94977638d2ba1c015a50ef", "price_changes": [{"asset_id": "76780249488598702841539267063545197331067678226505046623688292964213977459503", "price": "0.17", "size": "0", "side": "BUY", "hash": "70d4a3ce4f432557e8ae4de6f84f4097437ce824", "best_bid": "0.72", "best_ask": "0.78"}, {"asset_id": "22543982595646003950188261159386264848644068632018944176865993301846099780720", "price": "0.83", "size": "0", "side": "SELL", "hash": "36df8c4021c07ced31c11c0482996641052cd716", "best_bid": "0.22", "best_ask": "0.28"}], "timestamp": "1769384580126", "event_type": "price_change"}}
{"_local_timestamp": "2026-01-25T23:43:00.235462+00:00", "data": {"market": "0x626a5d98ab796aa871a4368b685d07e1484b3e79f22731e807440b3ae26e6a67", "price_changes": [{"asset_id": "107692517924777837601949588647128589823823593951065404815365600006047224497410", "price": "0.17", "size": "0", "side": "BUY", "hash": "9c27c47f9b2def6073c25b6d55410c6c535a01ea", "best_bid": "0.75", "best_ask": "0.8"}, {"asset_id": "97887361639443623309810795268287505828906153245894775398032993515352483635271", "price": "0.83", "size": "0", "side": "SELL", "hash": "1e84e3769902ca907f7e1c3ec16660c0df51a426", "best_bid": "0.2", "best_ask": "0.25"}], "timestamp": "1769384580126", "event_type": "price_change"}}
{"_local_timestamp": "2026-01-25T23:43:01.962482+00:00", "data": {"market": "0x78fcaa1e0b567ae806c655567a1894f7b69d664d7e94977638d2ba1c015a50ef", "price_changes": [{"asset_id": "76780249488598702841539267063545197331067678226505046623688292964213977459503", "price": "0.18", "size": "6.64", "side": "BUY", "hash": "d258396bc6c7297482ab20e18c40dc91827b31ba", "best_bid": "0.72", "best_ask": "0.78"}, {"asset_id": "22543982595646003950188261159386264848644068632018944176865993301846099780720", "price": "0.82", "size": "6.64", "side": "SELL", "hash": "37577a79fe533fe44dc6922ad71925af5c78544b", "best_bid": "0.22", "best_ask": "0.28"}], "timestamp": "1769384581865", "event_type": "price_change"}}
{"_local_timestamp": "2026-01-25T23:43:01.962883+00:00", "data": {"market": "0x626a5d98ab796aa871a4368b685d07e1484b3e79f22731e807440b3ae26e6a67", "price_changes": [{"asset_id": "107692517924777837601949588647128589823823593951065404815365600006047224497410", "price": "0.18", "size": "6.68", "side": "BUY", "hash": "3e02d85298c583063730a4d995e04bd7a3bb9ce6", "best_bid": "0.75", "best_ask": "0.8"}, {"asset_id": "97887361639443623309810795268287505828906153245894775398032993515352483635271", "price": "0.82", "size": "6.68", "side": "SELL", "hash": "2a0311524b4c09a9a91edcec70bdf3092352cde8", "best_bid": "0.2", "best_ask": "0.25"}], "timestamp": "1769384581865", "event_type": "price_change"}}
{"_local_timestamp": "2026-01-25T23:44:05.230007+00:00", "data": {"market": "0x626a5d98ab796aa871a4368b685d07e1484b3e79f22731e807440b3ae26e6a67", "price_changes": [{"asset_id": "97887361639443623309810795268287505828906153245894775398032993515352483635271", "price": "0.07", "size": "0", "side": "BUY", "hash": "4d9383a5a7beaa9f4cfa7c9b2da675386224531a", "best_bid": "0.2", "best_ask": "0.25"}, {"asset_id": "107692517924777837601949588647128589823823593951065404815365600006047224497410", "price": "0.93", "size": "0", "side": "SELL", "hash": "7456baff93cf9b24fa12a6bf07ca56b0690aaadc", "best_bid": "0.75", "best_ask": "0.8"}], "timestamp": "1769384645052", "event_type": "price_change"}}
{"_local_timestamp": "2026-01-25T23:44:07.113972+00:00", "data": {"market": "0x626a5d98ab796aa871a4368b685d07e1484b3e79f22731e807440b3ae26e6a67", "price_changes": [{"asset_id": "97887361639443623309810795268287505828906153245894775398032993515352483635271", "price": "0.07", "size": "7.28", "side": "BUY", "hash": "c8228c6059e31820ca9cf349db980409a5f67679", "best_bid": "0.2", "best_ask": "0.25"}, {"asset_id": "107692517924777837601949588647128589823823593951065404815365600006047224497410", "price": "0.93", "size": "7.28", "side": "SELL", "hash": "ef2b91d7ba17cfdd60c1d4f7963bfe348114d575", "best_bid": "0.75", "best_ask": "0.8"}], "timestamp": "1769384646966", "event_type": "price_change"}}
{"_local_timestamp": "2026-01-25T23:45:57.221437+00:00", "data": {"market": "0xc98b77417bf21421eba1bf3d7abbdae3b82a4e68fc88d1f3a939ffaf637d6959", "price_changes": [{"asset_id": "20676422085334325407269412321149834516521223684654386163431343358797427358311", "price": "0.13", "size": "100", "side": "BUY", "hash": "09d695d4340872e49026b55e5151dbb2a0c55ae7", "best_bid": "0.5", "best_ask": "0.56"}, {"asset_id": "7228028635746525369546329048778742744227058361746911171801755587091064647752", "price": "0.87", "size": "100", "side": "SELL", "hash": "c4f482ee7b4e108fc168bd0ae571440354968d7c", "best_bid": "0.44", "best_ask": "0.5"}], "timestamp": "1769384756837", "event_type": "price_change"}}
{"_local_timestamp": "2026-01-25T23:45:57.252933+00:00", "data": {"market": "0x78fcaa1e0b567ae806c655567a1894f7b69d664d7e94977638d2ba1c015a50ef", "price_changes": [{"asset_id": "22543982595646003950188261159386264848644068632018944176865993301846099780720", "price": "0.08", "size": "368.75", "side": "BUY", "hash": "77c5799477e125ab7d6b29e95d3b50fee144f4da", "best_bid": "0.22", "best_ask": "0.28"}, {"asset_id": "76780249488598702841539267063545197331067678226505046623688292964213977459503", "price": "0.92", "size": "368.75", "side": "SELL", "hash": "8a89bca61e394731024c3794bfdb37608b955510", "best_bid": "0.72", "best_ask": "0.78"}], "timestamp": "1769384756836", "event_type": "price_change"}}
{"_local_timestamp": "2026-01-25T23:45:57.262914+00:00", "data": {"market": "0x626a5d98ab796aa871a4368b685d07e1484b3e79f22731e807440b3ae26e6a67", "price_changes": [{"asset_id": "97887361639443623309810795268287505828906153245894775398032993515352483635271", "price": "0.05", "size": "500", "side": "BUY", "hash": "66a917eefbca05d6fdc7175a9850a1a5c49066a5", "best_bid": "0.2", "best_ask": "0.25"}, {"asset_id": "107692517924777837601949588647128589823823593951065404815365600006047224497410", "price": "0.95", "size": "500", "side": "SELL", "hash": "bf95e43ade604b3ddd39980ca23dc1cc8e5475f1", "best_bid": "0.75", "best_ask": "0.8"}], "timestamp": "1769384756842", "event_type": "price_change"}}
{"_local_timestamp": "2026-01-25T23:46:59.203688+00:00", "data": {"market": "0x78fcaa1e0b567ae806c655567a1894f7b69d664d7e94977638d2ba1c015a50ef", "price_changes": [{"asset_id": "22543982595646003950188261159386264848644068632018944176865993301846099780720", "price": "0.09", "size": "300", "side": "BUY", "hash": "ed8f203d2ce0b05a52c3251f2b619410b740c63b", "best_bid": "0.22", "best_ask": "0.28"}, {"asset_id": "76780249488598702841539267063545197331067678226505046623688292964213977459503", "price": "0.91", "size": "300", "side": "SELL", "hash": "d3eef7dbde022b40f98016a4c20479c68dc4f553", "best_bid": "0.72", "best_ask": "0.78"}], "timestamp": "1769384819127", "event_type": "price_change"}}
{"_local_timestamp": "2026-01-25T23:46:59.204193+00:00", "data": {"market": "0xc98b77417bf21421eba1bf3d7abbdae3b82a4e68fc88d1f3a939ffaf637d6959", "price_changes": [{"asset_id": "20676422085334325407269412321149834516521223684654386163431343358797427358311", "price": "0.14", "size": "118", "side": "BUY", "hash": "930cd0fc0e01d5eaf8ab75402e9b9b0ab3673935", "best_bid": "0.5", "best_ask": "0.56"}, {"asset_id": "7228028635746525369546329048778742744227058361746911171801755587091064647752", "price": "0.86", "size": "118", "side": "SELL", "hash": "d3fd37ac0a22d5db390ba12978a4cb3586415df5", "best_bid": "0.44", "best_ask": "0.5"}], "timestamp": "1769384819127", "event_type": "price_change"}}
{"_local_timestamp": "2026-01-25T23:46:59.204527+00:00", "data": {"market": "0x626a5d98ab796aa871a4368b685d07e1484b3e79f22731e807440b3ae26e6a67", "price_changes": [{"asset_id": "97887361639443623309810795268287505828906153245894775398032993515352483635271", "price": "0.07", "size": "52.28", "side": "BUY", "hash": "623588302eb24781a5c5990b121964dfa42c9a90", "best_bid": "0.2", "best_ask": "0.25"}, {"asset_id": "107692517924777837601949588647128589823823593951065404815365600006047224497410", "price": "0.93", "size": "52.28", "side": "SELL", "hash": "ae28caa75f50722c7fbb61c7cb5f410c447ea84d", "best_bid": "0.75", "best_ask": "0.8"}], "timestamp": "1769384819129", "event_type": "price_change"}}
{"_local_timestamp": "2026-01-25T23:47:19.011476+00:00", "data": {"market": "0xc98b77417bf21421eba1bf3d7abbdae3b82a4e68fc88d1f3a939ffaf637d6959", "price_changes": [{"asset_id": "20676422085334325407269412321149834516521223684654386163431343358797427358311", "price": "0.13", "size": "0", "side": "BUY", "hash": "e62002bea027eeac164afebeaeefc26a447c72eb", "best_bid": "0.5", "best_ask": "0.56"}, {"asset_id": "7228028635746525369546329048778742744227058361746911171801755587091064647752", "price": "0.87", "size": "0", "side": "SELL", "hash": "73257d5ad275656207882e6ca1a9fdda4409283a", "best_bid": "0.44", "best_ask": "0.5"}], "timestamp": "1769384838787", "event_type": "price_change"}}
{"_local_timestamp": "2026-01-25T23:47:19.015884+00:00", "data": {"market": "0x78fcaa1e0b567ae806c655567a1894f7b69d664d7e94977638d2ba1c015a50ef", "price_changes": [{"asset_id": "22543982595646003950188261159386264848644068632018944176865993301846099780720", "price": "0.08", "size": "68.75", "side": "BUY", "hash": "3ce4aa13af54d8a7ae481b044225d5d6e05ad402", "best_bid": "0.22", "best_ask": "0.28"}, {"asset_id": "76780249488598702841539267063545197331067678226505046623688292964213977459503", "price": "0.92", "size": "68.75", "side": "SELL", "hash": "ebe28139c6e6e321ff6209301a242bd2303d71ac", "best_bid": "0.72", "best_ask": "0.78"}], "timestamp": "1769384838787", "event_type": "price_change"}}
{"_local_timestamp": "2026-01-25T23:47:19.016245+00:00", "data": {"market": "0x626a5d98ab796aa871a4368b685d07e1484b3e79f22731e807440b3ae26e6a67", "price_changes": [{"asset_id": "97887361639443623309810795268287505828906153245894775398032993515352483635271", "price": "0.05", "size": "0", "side": "BUY", "hash": "a544ca3fd399c754d7c33899c04bfee333c62460", "best_bid": "0.2", "best_ask": "0.25"}, {"asset_id": "107692517924777837601949588647128589823823593951065404815365600006047224497410", "price": "0.95", "size": "0", "side": "SELL", "hash": "269597e8b37bc982fe138ec1ba04c4fc5b2e9429", "best_bid": "0.75", "best_ask": "0.8"}], "timestamp": "1769384838787", "event_type": "price_change"}}
{"_local_timestamp": "2026-01-25T23:47:19.292664+00:00", "data": {"market": "0xc98b77417bf21421eba1bf3d7abbdae3b82a4e68fc88d1f3a939ffaf637d6959", "price_changes": [{"asset_id": "20676422085334325407269412321149834516521223684654386163431343358797427358311", "price": "0.08", "size": "300", "side": "BUY", "hash": "e4640189a5c8dfec006c4a0f2c0334ede793306f", "best_bid": "0.5", "best_ask": "0.56"}, {"asset_id": "7228028635746525369546329048778742744227058361746911171801755587091064647752", "price": "0.92", "size": "300", "side": "SELL", "hash": "849ccfe57a9f149a5c803dfd09b51a986ba63df1", "best_bid": "0.44", "best_ask": "0.5"}], "timestamp": "1769384839095", "event_type": "price_change"}}
{"_local_timestamp": "2026-01-25T23:47:19.296510+00:00", "data": {"market": "0x78fcaa1e0b567ae806c655567a1894f7b69d664d7e94977638d2ba1c015a50ef", "price_changes": [{"asset_id": "22543982595646003950188261159386264848644068632018944176865993301846099780720", "price": "0.06", "size": "716.66", "side": "BUY", "hash": "7da63a4665f8ef3b6d0072f0cdf45a2348b89c11", "best_bid": "0.22", "best_ask": "0.28"}, {"asset_id": "76780249488598702841539267063545197331067678226505046623688292964213977459503", "price": "0.94", "size": "716.66", "side": "SELL", "hash": "f77890fc72e32aaf1cdb1749fdb943c43fd5d85d", "best_bid": "0.72", "best_ask": "0.78"}], "timestamp": "1769384839096", "event_type": "price_change"}}
{"_local_timestamp": "2026-01-25T23:47:19.304858+00:00", "data": {"market": "0x626a5d98ab796aa871a4368b685d07e1484b3e79f22731e807440b3ae26e6a67", "price_changes": [{"asset_id": "97887361639443623309810795268287505828906153245894775398032993515352483635271", "price": "0.03", "size": "1133.33", "side": "BUY", "hash": "fd237ea331a36a3655c6f3aab8d5ee6ccb26339c", "best_bid": "0.2", "best_ask": "0.25"}, {"asset_id": "107692517924777837601949588647128589823823593951065404815365600006047224497410", "price": "0.97", "size": "1133.33", "side": "SELL", "hash": "56493ca6ff263c349a8fd020b4a5bf62328b33c9", "best_bid": "0.75", "best_ask": "0.8"}], "timestamp": "1769384839101", "event_type": "price_change"}}
