{"_local_timestamp": "2026-01-25T23:34:34.946180+00:00", "data": [{"market": "0xcf5b9b399f177aaf321d19e84565fa72d3680157810badbce01f662cc0aca4dc", "asset_id": "109203339010925770915301891416112865863769798858204262002976561217570068447426", "timestamp": "1769383717234", "hash": "848dcd641e70386147d3ad559567d47e90e21c8b", "bids": [{"price": "0.01", "size": "285.01"}, {"price": "0.02", "size": "32.49"}], "asks": [{"price": "0.99", "size": "270.74"}, {"price": "0.98", "size": "143.03"}, {"price": "0.97", "size": "21.73"}, {"price": "0.96", "size": "5.47"}], "event_type": "book", "last_trade_price": ""}, {"market": "0x8389e7dc4b8b1ee9d5820eec4cca4706fb30e37f5efffd99c547596d1caf7e08", "asset_id": "96329901232903500897590193735302025062518073805727501783286764503105911712932", "timestamp": "1769382484907", "hash": "88862d880be3323e140a61db3e647035bb4aa485", "bids": [{"price": "0.01", "size": "270.91"}, {"price": "0.02", "size": "146.49"}, {"price": "0.03", "size": "19.36"}, {"price": "0.04", "size": "5.47"}], "asks": [{"price": "0.99", "size": "285.01"}, {"price": "0.98", "size": "32.49"}], "event_type": "book", "last_trade_price": ""}, {"market": "0x3ea0d64d3e5d84a63c7ec792d3dc753b5e1f5bca97ac7cabec4477364d8c1db3", "asset_id": "17792825625182470413659036232368235060080234980640253202027990036837339595792", "timestamp": "1769383719224", "hash": "2cc7e50943b5bff6be41474495c9d064d5763d17", "bids": [{"price": "0.01", "size": "276.93"}, {"price": "0.02", "size": "150.79"}, {"price": "0.03", "size": "15.83"}, {"price": "0.04", "size": "5.47"}], "asks": [{"price": "0.99", "size": "285.01"}, {"price": "0.98", "size": "32.49"}], "event_type": "book", "last_trade_price": ""}, {"market": "0x7470f513d897b3dae6b460e9ccb7afca929bfc55c8cc956abe0dfd583c9fecd1", "asset_id": "81902132241932368131713240257406905384574078976212298990126855049903640485404", "timestamp": "1769383716239", "hash": "8fd8b991a61d5949506a5c3eed4063039ce67da0", "bids": [{"price": "0.01", "size": "424.83"}, {"price": "0.02", "size": "58.12"}, {"price": "0.03", "size": "6.42"}, {"price": "0.04", "size": "133"}, {"price": "0.05", "size": "77.93"}], "asks": [{"price": "0.99", "size": "416.11"}, {"price": "0.98", "size": "24.03"}, {"price": "0.96", "size": "35"}, {"price": "0.95", "size": "100"}, {"price": "0.94", "size": "44.44"}], "event_type": "book", "last_trade_price": ""}, {"market": "0x7470f513d897b3dae6b460e9ccb7afca929bfc55c8cc956abe0dfd583c9fecd1", "asset_id": "46713534728006559159142878262073670424534340386037092357584444797326494517482", "timestamp": "1769383716239", "hash": "d8d7bc7f38ebbc90f91e9d1f88a8bb4c0d2a635d", "bids": [{"price": "0.01", "size": "416.11"}, {"price": "0.02", "size": "24.03"}, {"price": "0.04", "size": "35"}, {"price": "0.05", "size": "100"}, {"price": "0.06", "size": "44.44"}], "asks": [{"price": "0.99", "size": "424.83"}, {"price": "0.98", "size": "58.12"}, {"price": "0.97", "size": "6.42"}, {"price": "0.96", "size": "133"}, {"price": "0.95", "size": "77.93"}], "event_type": "book", "last_trade_price": ""}, {"market": "0x8389e7dc4b8b1ee9d5820eec4cca4706fb30e37f5efffd99c547596d1caf7e08", "asset_id": "40707823467446048588407200703041792331966147419893509360622239979781561997081", "timestamp": "1769382484907", "hash": "e639bdabb0713faa93bff79bd2bd1035012fcffb", "bids": [{"price": "0.01", "size": "285.01"}, {"price": "0.02", "size": "32.49"}], "asks": [{"price": "0.99", "size": "270.91"}, {"price": "0.98", "size": "146.49"}, {"price": "0.97", "size": "19.36"}, {"price": "0.96", "size": "5.47"}], "event_type": "book", "last_trade_price": ""}, {"market": "0x3ea0d64d3e5d84a63c7ec792d3dc753b5e1f5bca97ac7cabec4477364d8c1db3", "asset_id": "96042694701500359292594215881954768461684297482475489973690486624392191049892", "timestamp": "1769383719224", "hash": "abaf91d1fa0804a9183500ed68e0d0eb54fc182f", "bids": [{"price": "0.01", "size": "285.01"}, {"price": "0.02", "size": "32.49"}], "asks": [{"price": "0.99", "size": "276.93"}, {"price": "0.98", "size": "150.79"}, {"price": "0.97", "size": "15.83"}, {"price": "0.96", "size": "5.47"}], "event_type": "book", "last_trade_price": ""}, {"market": "0xcf5b9b399f177aaf321d19e84565fa72d3680157810badbce01f662cc0aca4dc", "asset_id": "65479509562629183507832675800873253987348393528961344008202742096305740521241", "timestamp": "1769383717234", "hash": "4c761ec13933c21fcbd12b8eae45ec7453b33ea1", "bids": [{"price": "0.01", "size": "270.74"}, {"price": "0.02", "size": "143.03"}, {"price": "0.03", "size": "21.73"}, {"price": "0.04", "size": "5.47"}], "asks": [{"price": "0.99", "size": "285.01"}, {"price": "0.98", "size": "32.49"}], "event_type": "book", "last_trade_price": ""}, {"market": "0x41a73d2024c90076e44d51a77f012229a088f0cd6803d63d38c0bf4b0d694833", "asset_id": "70395097420636739437317608446504353787192542487121174407642091732021327928275", "timestamp": "1769383718236", "hash": "a8fe7ede630414b3437614fe0a9e5527103ff917", "bids": [{"price": "0.01", "size": "285.01"}, {"price": "0.02", "size": "32.49"}], "asks": [{"price": "0.99", "size": "276.93"}, {"price": "0.98", "size": "150.79"}, {"price": "0.97", "size": "15.83"}, {"price": "0.96", "size": "5.47"}], "event_type": "book", "last_trade_price": ""}, {"market": "0x41a73d2024c90076e44d51a77f012229a088f0cd6803d63d38c0bf4b0d694833", "asset_id": "68097750753520113064208681589642904553213482503453242719808667568055352592902", "timestamp": "1769383718236", "hash": "81e09b257fc0b695e880f8be760ef65f93cc615d", "bids": [{"price": "0.01", "size": "276.93"}, {"price": "0.02", "size": "150.79"}, {"price": "0.03", "size": "15.83"}, {"price": "0.04", "size": "5.47"}], "asks": [{"price": "0.99", "size": "285.01"}, {"price": "0.98", "size": "32.49"}], "event_type": "book", "last_trade_price": ""}]}
