{"_local_timestamp": "2026-01-25T23:41:38.134036+00:00", "data": [{"market": "0x411303386bd16a844bbd0bad7d9f820959b998701d297f8eaa0b7fab5cde0116", "asset_id": "105669581269015145549212144793381470456792087488109059438616197003123443516892", "timestamp": "1769383761197", "hash": "af896d719ece4a6f86a74fdd4fd14222712c1320", "bids": [{"price": "0.01", "size": "55.82"}, {"price": "0.02", "size": "700"}, {"price": "0.03", "size": "5.39"}, {"price": "0.06", "size": "716.66"}, {"price": "0.07", "size": "6.38"}, {"price": "0.08", "size": "68.75"}, {"price": "0.09", "size": "34"}, {"price": "0.19", "size": "10"}, {"price": "0.23", "size": "50"}, {"price": "0.24", "size": "132.8"}, {"price": "0.25", "size": "116.2"}, {"price": "0.26", "size": "150"}], "asks": [{"price": "0.99", "size": "4015.06"}, {"price": "0.98", "size": "700"}, {"price": "0.97", "size": "6.88"}, {"price": "0.95", "size": "520"}, {"price": "0.94", "size": "7.56"}, {"price": "0.88", "size": "208.33"}, {"price": "0.85", "size": "73.33"}, {"price": "0.84", "size": "36"}, {"price": "0.83", "size": "6.99"}, {"price": "0.35", "size": "200"}, {"price": "0.32", "size": "132.8"}, {"price": "0.31", "size": "116.2"}], "event_type": "book", "last_trade_price": ""}, {"market": "0x195f1530fb402a3a9055e6b3fa3f9720e131ab3432d49b1af222c237318d4138", "asset_id": "12650640437568739170230504697077401978859009539743439274758358374587479212182", "timestamp": "1769384424961", "hash": "61d1b81bb7173fcf3f79b1c098130b779cd9d29e", "bids": [{"price": "0.01", "size": "50"}, {"price": "0.02", "size": "710.13"}, {"price": "0.06", "size": "216.66"}, {"price": "0.07", "size": "6.62"}, {"price": "0.1", "size": "588"}, {"price": "0.21", "size": "10"}, {"price": "0.22", "size": "50"}, {"price": "0.26", "size": "50"}, {"price": "0.27", "size": "132.8"}, {"price": "0.28", "size": "266.2"}], "asks": [{"price": "0.99", "size": "4015.21"}, {"price": "0.98", "size": "700"}, {"price": "0.97", "size": "6.95"}, {"price": "0.95", "size": "520"}, {"price": "0.94", "size": "7.63"}, {"price": "0.88", "size": "208.33"}, {"price": "0.85", "size": "73.33"}, {"price": "0.84", "size": "36"}, {"price": "0.83", "size": "6.95"}, {"price": "0.38", "size": "50"}, {"price": "0.37", "size": "150"}, {"price": "0.35", "size": "132.8"}, {"price": "0.34", "size": "116.2"}], "event_type": "book", "last_trade_price": ""}, {"market": "0x26d5fbadd48baa31333b6db2a436a91e43757f88a085f4570524f276f0cd67bd", "asset_id": "5232262315189984423389825984670705254343078768767454161197131151566728545614", "timestamp": "1769384424961", "hash": "f9e26059d9b226b03f2a9d5b01fc741ea769bd00", "bids": [{"price": "0.01", "size": "56.64"}, {"price": "0.02", "size": "700"}, {"price": "0.03", "size": "5.41"}, {"price": "0.05", "size": "500"}, {"price": "0.08", "size": "605.47"}, {"price": "0.28", "size": "10"}, {"price": "0.29", "size": "44.82"}, {"price": "0.3", "size": "36.66"}, {"price": "0.34", "size": "50"}, {"price": "0.36", "size": "282.8"}, {"price": "0.37", "size": "116.2"}], "asks": [{"price": "0.99", "size": "3915.81"}, {"price": "0.98", "size": "700"}, {"price": "0.97", "size": "7.23"}, {"price": "0.95", "size": "500"}, {"price": "0.94", "size": "7.94"}, {"price": "0.88", "size": "208.33"}, {"price": "0.85", "size": "73.33"}, {"price": "0.84", "size": "36"}, {"price": "0.83", "size": "6.75"}, {"price": "0.46", "size": "50"}, {"price": "0.45", "size": "150"}, {"price": "0.44", "size": "132.8"}, {"price": "0.43", "size": "116.2"}], "event_type": "book", "last_trade_price": ""}, {"market": "0x411303386bd16a844bbd0bad7d9f820959b998701d297f8eaa0b7fab5cde0116", "asset_id": "47185393527997715679174859625485160880584065533980487842552768626123608934639", "timestamp": "1769383761197", "hash": "e4b57733dd7d673cac81159bed3b55fc7e1adcc7", "bids": [{"price": "0.01", "size": "4015.06"}, {"price": "0.02", "size": "700"}, {"price": "0.03", "size": "6.88"}, {"price": "0.05", "size": "520"}, {"price": "0.06", "size": "7.56"}, {"price": "0.12", "size": "208.33"}, {"price": "0.15", "size": "73.33"}, {"price": "0.16", "size": "36"}, {"price": "0.17", "size": "6.99"}, {"price": "0.65", "size": "200"}, {"price": "0.68", "size": "132.8"}, {"price": "0.69", "size": "116.2"}], "asks": [{"price": "0.99", "size": "55.82"}, {"price": "0.98", "size": "700"}, {"price": "0.97", "size": "5.39"}, {"price": "0.94", "size": "716.66"}, {"price": "0.93", "size": "6.38"}, {"price": "0.92", "size": "68.75"}, {"price": "0.91", "size": "34"}, {"price": "0.81", "size": "10"}, {"price": "0.77", "size": "50"}, {"price": "0.76", "size": "132.8"}, {"price": "0.75", "size": "116.2"}, {"price": "0.74", "size": "150"}], "event_type": "book", "last_trade_price": ""}, {"market": "0x26d5fbadd48baa31333b6db2a436a91e43757f88a085f4570524f276f0cd67bd", "asset_id": "75586333622067816981830712618980876191031622196642870859237848561937823420029", "timestamp": "1769384424961", "hash": "8b4f718b58fc2e2c5ae844fee0b24fcaa4e95313", "bids": [{"price": "0.01", "size": "3915.81"}, {"price": "0.02", "size": "700"}, {"price": "0.03", "size": "7.23"}, {"price": "0.05", "size": "500"}, {"price": "0.06", "size": "7.94"}, {"price": "0.12", "size": "208.33"}, {"price": "0.15", "size": "73.33"}, {"price": "0.16", "size": "36"}, {"price": "0.17", "size": "6.75"}, {"price": "0.54", "size": "50"}, {"price": "0.55", "size": "150"}, {"price": "0.56", "size": "132.8"}, {"price": "0.57", "size": "116.2"}], "asks": [{"price": "0.99", "size": "56.64"}, {"price": "0.98", "size": "700"}, {"price": "0.97", "size": "5.41"}, {"price": "0.95", "size": "500"}, {"price": "0.92", "size": "605.47"}, {"price": "0.72", "size": "10"}, {"price": "0.71", "size": "44.82"}, {"price": "0.7", "size": "36.66"}, {"price": "0.66", "size": "50"}, {"price": "0.64", "size": "282.8"}, {"price": "0.63", "size": "116.2"}], "event_type": "book", "last_trade_price": ""}, {"market": "0x195f1530fb402a3a9055e6b3fa3f9720e131ab3432d49b1af222c237318d4138", "asset_id": "101655374042344192339786857722215936346456520738824716832857233431745217022635", "timestamp": "1769384424961", "hash": "b711cd2d83e54b3ad1a6cb6bae1bed384a5bc255", "bids": [{"price": "0.01", "size": "4015.21"}, {"price": "0.02", "size": "700"}, {"price": "0.03", "size": "6.95"}, {"price": "0.05", "size": "520"}, {"price": "0.06", "size": "7.63"}, {"price": "0.12", "size": "208.33"}, {"price": "0.15", "size": "73.33"}, {"price": "0.16", "size": "36"}, {"price": "0.17", "size": "6.95"}, {"price": "0.62", "size": "50"}, {"price": "0.63", "size": "150"}, {"price": "0.65", "size": "132.8"}, {"price": "0.66", "size": "116.2"}], "asks": [{"price": "0.99", "size": "50"}, {"price": "0.98", "size": "710.13"}, {"price": "0.94", "size": "216.66"}, {"price": "0.93", "size": "6.62"}, {"price": "0.9", "size": "588"}, {"price": "0.79", "size": "10"}, {"price": "0.78", "size": "50"}, {"price": "0.74", "size": "50"}, {"price": "0.73", "size": "132.8"}, {"price": "0.72", "size": "266.2"}], "event_type": "book", "last_trade_price": ""}]}
{"_local_timestamp": "2026-01-25T23:42:55.584329+00:00", "data": {"market": "0x195f1530fb402a3a9055e6b3fa3f9720e131ab3432d49b1af222c237318d4138", "price_changes": [{"asset_id": "101655374042344192339786857722215936346456520738824716832857233431745217022635", "price": "0.17", "size": "0", "side": "BUY", "hash": "f3e3a870b2a18b1fee1d2ee5a492a68f48da8d0c", "best_bid": "0.66", "best_ask": "0.72"}, {"asset_id": "12650640437568739170230504697077401978859009539743439274758358374587479212182", "price": "0.83", "size": "0", "side": "SELL", "hash": "bd7282e96e9302a54d41f4ebb9c0ab3b2aed7cc3", "best_bid": "0.28", "best_ask": "0.34"}], "timestamp": "1769384575447", "event_type": "price_change"}}
{"_local_timestamp": "2026-01-25T23:42:55.585751+00:00", "data": {"market": "0x26d5fbadd48baa31333b6db2a436a91e43757f88a085f4570524f276f0cd67bd", "price_changes": [{"asset_id": "75586333622067816981830712618980876191031622196642870859237848561937823420029", "price": "0.17", "size": "0", "side": "BUY", "hash": "ad55e7f9e48f55c9c817dba2cb970954a32ecb22", "best_bid": "0.57", "best_ask": "0.63"}, {"asset_id": "5232262315189984423389825984670705254343078768767454161197131151566728545614", "price": "0.83", "size": "0", "side": "SELL", "hash": "841155d6a387af2c5c5843680157afdc31f9f448", "best_bid": "0.37", "best_ask": "0.43"}], "timestamp": "1769384575447", "event_type": "price_change"}}
{"_local_timestamp": "2026-01-25T23:42:55.590076+00:00", "data": {"market": "0x411303386bd16a844bbd0bad7d9f820959b998701d297f8eaa0b7fab5cde0116", "price_changes": [{"asset_id": "47185393527997715679174859625485160880584065533980487842552768626123608934639", "price": "0.17", "size": "0", "side": "BUY", "hash": "32f6426d96e517d970bf38dfc50985a2ecc608f6", "best_bid": "0.69", "best_ask": "0.74"}, {"asset_id": "105669581269015145549212144793381470456792087488109059438616197003123443516892", "price": "0.83", "size": "0", "side": "SELL", "hash": "7cbfeeb36016b4d47c743b2d4dae6178ab730325", "best_bid": "0.26", "best_ask": "0.31"}], "timestamp": "1769384575447", "event_type": "price_change"}}
{"_local_timestamp": "2026-01-25T23:42:57.593023+00:00", "data": {"market": "0x26d5fbadd48baa31333b6db2a436a91e43757f88a085f4570524f276f0cd67bd", "price_changes": [{"asset_id": "75586333622067816981830712618980876191031622196642870859237848561937823420029", "price": "0.17", "size": "6.75", "side": "BUY", "hash": "6e5ba59dc2f3c5b8dc6ef44e2e911816feeed9aa", "best_bid": "0.57", "best_ask": "0.63"}, {"asset_id": "5232262315189984423389825984670705254343078768767454161197131151566728545614", "price": "0.83", "size": "6.75", "side": "SELL", "hash": "b9f07abb46051a7e97b5bb8639013f5b9b72e9be", "best_bid": "0.37", "best_ask": "0.43"}], "timestamp": "1769384577458", "event_type": "price_change"}}
{"_local_timestamp": "2026-01-25T23:42:57.593402+00:00", "data": {"market": "0x195f1530fb402a3a9055e6b3fa3f9720e131ab3432d49b1af222c237318d4138", "price_changes": [{"asset_id": "101655374042344192339786857722215936346456520738824716832857233431745217022635", "price": "0.17", "size": "6.95", "side": "BUY", "hash": "bc22adc84e09c9fd5a3db6b5f683119b52d16eb4", "best_bid": "0.66", "best_ask": "0.72"}, {"asset_id": "12650640437568739170230504697077401978859009539743439274758358374587479212182", "price": "0.83", "size": "6.95", "side": "SELL", "hash": "13f50df150d342d49c9d0bb2afa37bf28613f539", "best_bid": "0.28", "best_ask": "0.34"}], "timestamp": "1769384577458", "event_type": "price_change"}}
{"_local_timestamp": "2026-01-25T23:42:57.593681+00:00", "data": {"market": "0x411303386bd16a844bbd0bad7d9f820959b998701d297f8eaa0b7fab5cde0116", "price_changes": [{"asset_id": "47185393527997715679174859625485160880584065533980487842552768626123608934639", "price": "0.17", "size": "6.99", "side": "BUY", "hash": "a30e9dcba07bd3f29eff09c8f360f91340ec89a1", "best_bid": "0.69", "best_ask": "0.74"}, {"asset_id": "105669581269015145549212144793381470456792087488109059438616197003123443516892", "price": "0.83", "size": "6.99", "side": "SELL", "hash": "20b9d0ff510063a286202c6f25835b960dcc2086", "best_bid": "0.26", "best_ask": "0.31"}], "timestamp": "1769384577458", "event_type": "price_change"}}
{"_local_timestamp": "2026-01-25T23:44:02.558162+00:00", "data": {"market": "0x26d5fbadd48baa31333b6db2a436a91e43757f88a085f4570524f276f0cd67bd", "price_changes": [{"asset_id": "5232262315189984423389825984670705254343078768767454161197131151566728545614", "price": "0.01", "size": "50", "side": "BUY", "hash": "40999104fab19ee00ea339395055462a7bf40ab0", "best_bid": "0.37", "best_ask": "0.43"}, {"asset_id": "75586333622067816981830712618980876191031622196642870859237848561937823420029", "price": "0.99", "size": "50", "side": "SELL", "hash": "bdc0ce25c657b26fd2f93cb7865dcdd69dc227ef", "best_bid": "0.57", "best_ask": "0.63"}], "timestamp": "1769384642416", "event_type": "price_change"}}
{"_local_timestamp": "2026-01-25T23:44:02.558594+00:00", "data": {"market": "0x26d5fbadd48baa31333b6db2a436a91e43757f88a085f4570524f276f0cd67bd", "price_changes": [{"asset_id": "5232262315189984423389825984670705254343078768767454161197131151566728545614", "price": "0.03", "size": "0", "side": "BUY", "hash": "40999104fab19ee00ea339395055462a7bf40ab0", "best_bid": "0.37", "best_ask": "0.43"}, {"asset_id": "75586333622067816981830712618980876191031622196642870859237848561937823420029", "price": "0.97", "size": "0", "side": "SELL", "hash": "bdc0ce25c657b26fd2f93cb7865dcdd69dc227ef", "best_bid": "0.57", "best_ask": "0.63"}], "timestamp": "1769384642416", "event_type": "price_change"}}
{"_local_timestamp": "2026-01-25T23:44:02.558914+00:00", "data": {"market": "0x26d5fbadd48baa31333b6db2a436a91e43757f88a085f4570524f276f0cd67bd", "price_changes": [{"asset_id": "5232262315189984423389825984670705254343078768767454161197131151566728545614", "price": "0.08", "size": "600", "side": "BUY", "hash": "40999104fab19ee00ea339395055462a7bf40ab0", "best_bid": "0.37", "best_ask": "0.43"}, {"asset_id": "75586333622067816981830712618980876191031622196642870859237848561937823420029", "price": "0.92", "size": "600", "side": "SELL", "hash": "bdc0ce25c657b26fd2f93cb7865dcdd69dc227ef", "best_bid": "0.57", "best_ask": "0.63"}], "timestamp": "1769384642416", "event_type": "price_change"}}
{"_local_timestamp": "2026-01-25T23:44:05.044096+00:00", "data": {"market": "0x26d5fbadd48baa31333b6db2a436a91e43757f88a085f4570524f276f0cd67bd", "price_changes": [{"asset_id": "5232262315189984423389825984670705254343078768767454161197131151566728545614", "price": "0.06", "size": "8.67", "side": "BUY", "hash": "1a7ebf7c4786549d74aca213508b7572ec16d473", "best_bid": "0.37", "best_ask": "0.43"}, {"asset_id": "75586333622067816981830712618980876191031622196642870859237848561937823420029", "price": "0.94", "size": "8.67", "side": "SELL", "hash": "65eddb5da3656774a7a52dd2f349b632548f0c62", "best_bid": "0.57", "best_ask": "0.63"}], "timestamp": "1769384644898", "event_type": "price_change"}}
{"_local_timestamp": "2026-01-25T23:44:05.044497+00:00", "data": {"market": "0x26d5fbadd48baa31333b6db2a436a91e43757f88a085f4570524f276f0cd67bd", "price_changes": [{"asset_id": "5232262315189984423389825984670705254343078768767454161197131151566728545614", "price": "0.02", "size": "707.31", "side": "BUY", "hash": "0f7a90ceec2833f59d959125e838e56d563338b2", "best_bid": "0.37", "best_ask": "0.43"}, {"asset_id": "75586333622067816981830712618980876191031622196642870859237848561937823420029", "price": "0.98", "size": "707.31", "side": "SELL", "hash": "0408db0b7acd789d60e234f0252d9c5f1da49614", "best_bid": "0.57", "best_ask": "0.63"}], "timestamp": "1769384644899", "event_type": "price_change"}}
