{"_local_timestamp": "2026-01-25T23:41:38.493107+00:00", "data": [{"market": "0x3c63583a519f7cb8107ca95d3182205cbf1237346211de441086f02f39e6bc6c", "asset_id": "85382848433165662466758628389389885001876094156367733937646677364345901855531", "timestamp": "1769383756680", "hash": "de0df1253b51b92465e342e59f90f8adadf8fdf8", "bids": [{"price": "0.01", "size": "285.01"}, {"price": "0.02", "size": "32.49"}], "asks": [{"price": "0.99", "size": "276.93"}, {"price": "0.98", "size": "150.79"}, {"price": "0.97", "size": "15.83"}, {"price": "0.96", "size": "5.47"}], "event_type": "book", "last_trade_price": ""}, {"market": "0x3c63583a519f7cb8107ca95d3182205cbf1237346211de441086f02f39e6bc6c", "asset_id": "90526917095000906909983965886429893930117407221313859118505067743692584743721", "timestamp": "1769383756680", "hash": "8a75acee56ed94ca84dbadd1609f7bc97012bd36", "bids": [{"price": "0.01", "size": "276.93"}, {"price": "0.02", "size": "150.79"}, {"price": "0.03", "size": "15.83"}, {"price": "0.04", "size": "5.47"}], "asks": [{"price": "0.99", "size": "285.01"}, {"price": "0.98", "size": "32.49"}], "event_type": "book", "last_trade_price": ""}, {"market": "0x3635cd8a9c952b390254aecd409b22ff272dbc38618dd2e5cc9f179ffd0afba9", "asset_id": "64180622350895977484798115839252422280091953335329894146005047987968564165993", "timestamp": "1769383757731", "hash": "208af96019b449a989e4757a460d6cf83f7ed8ac", "bids": [{"price": "0.01", "size": "285.01"}, {"price": "0.02", "size": "32.49"}], "asks": [{"price": "0.99", "size": "276.93"}, {"price": "0.98", "size": "150.79"}, {"price": "0.97", "size": "15.83"}, {"price": "0.96", "size": "5.47"}], "event_type": "book", "last_trade_price": ""}, {"market": "0xb40ed18f785b73d61d485b8c9bc69fd446477b9265338f839cded2f0d7d9c813", "asset_id": "65740032578410819937307028196161172538004109540282339480296574720629011875598", "timestamp": "1769383755608", "hash": "1b4fdbf743cc129e77e34ae4c27327ccf19350e4", "bids": [{"price": "0.01", "size": "414.79"}, {"price": "0.02", "size": "26.16"}, {"price": "0.04", "size": "31"}, {"price": "0.05", "size": "80"}, {"price": "0.06", "size": "43.95"}], "asks": [{"price": "0.99", "size": "424.83"}, {"price": "0.98", "size": "58.12"}, {"price": "0.97", "size": "6.42"}, {"price": "0.96", "size": "133"}, {"price": "0.95", "size": "77.93"}], "event_type": "book", "last_trade_price": ""}, {"market": "0x0b23d54c9e3ec1c4ae4ffacc70fe8229dea7a8e6d8f072f30977fa322bef3896", "asset_id": "35177439539132920907535187422002468118514331291860148235481059502713642639734", "timestamp": "1769383759740", "hash": "d7c3cdaaf1d456945c0afa215f28a8569f51ba86", "bids": [{"price": "0.01", "size": "285.01"}, {"price": "0.02", "size": "32.49"}], "asks": [{"price": "0.99", "size": "276.93"}, {"price": "0.98", "size": "150.79"}, {"price": "0.97", "size": "15.83"}, {"price": "0.96", "size": "5.47"}], "event_type": "book", "last_trade_price": ""}, {"market": "0x3635cd8a9c952b390254aecd409b22ff272dbc38618dd2e5cc9f179ffd0afba9", "asset_id": "3057173961468083719843861554971581287404774642236232188402411388769311751521", "timestamp": "1769383757731", "hash": "350f889e9598377fd154160f4f1dce560af88475", "bids": [{"price": "0.01", "size": "276.93"}, {"price": "0.02", "size": "150.79"}, {"price": "0.03", "size": "15.83"}, {"price": "0.04", "size": "5.47"}], "asks": [{"price": "0.99", "size": "285.01"}, {"price": "0.98", "size": "32.49"}], "event_type": "book", "last_trade_price": ""}, {"market": "0x0b23d54c9e3ec1c4ae4ffacc70fe8229dea7a8e6d8f072f30977fa322bef3896", "asset_id": "110545031563873943527776452457286884937590485147543690743741285410008765808230", "timestamp": "1769383759740", "hash": "84fd7abbe6b743b6adac52436cc947160ae747e3", "bids": [{"price": "0.01", "size": "276.93"}, {"price": "0.02", "size": "150.79"}, {"price": "0.03", "size": "15.83"}, {"price": "0.04", "size": "5.47"}], "asks": [{"price": "0.99", "size": "285.01"}, {"price": "0.98", "size": "32.49"}], "event_type": "book", "last_trade_price": ""}, {"market": "0xb40ed18f785b73d61d485b8c9bc69fd446477b9265338f839cded2f0d7d9c813", "asset_id": "16692614012523817885989795094473185451873418038015844299590267364489131681740", "timestamp": "1769383755608", "hash": "ce1b05767ea24d9e807834e7cff5fd2e682640c4", "bids": [{"price": "0.01", "size": "424.83"}, {"price": "0.02", "size": "58.12"}, {"price": "0.03", "size": "6.42"}, {"price": "0.04", "size": "133"}, {"price": "0.05", "size": "77.93"}], "asks": [{"price": "0.99", "size": "414.79"}, {"price": "0.98", "size": "26.16"}, {"price": "0.96", "size": "31"}, {"price": "0.95", "size": "80"}, {"price": "0.94", "size": "43.95"}], "event_type": "book", "last_trade_price": ""}, {"market": "0x0620f2751e8d662007eb5e292585e0ad8d4ea8cac5578e47007457ea4433699d", "asset_id": "73641894865683150542117587750559584002233104715512791798728964583504331122787", "timestamp": "1769383758883", "hash": "39596c0fd069ee24f90b4fec354aec95fabd4b89", "bids": [{"price": "0.01", "size": "285.01"}, {"price": "0.02", "size": "32.49"}], "asks": [{"price": "0.99", "size": "276.93"}, {"price": "0.98", "size": "150.79"}, {"price": "0.97", "size": "15.83"}, {"price": "0.96", "size": "5.47"}], "event_type": "book", "last_trade_price": ""}, {"market": "0x0620f2751e8d662007eb5e292585e0ad8d4ea8cac5578e47007457ea4433699d", "asset_id": "14327958584462964236856413510313259132360188293608552157427361538503108815449", "timestamp": "1769383758883", "hash": "6abfd8942db4fae9e7d0b70ac9e325fc999a2d2b", "bids": [{"price": "0.01", "size": "276.93"}, {"price": "0.02", "size": "150.79"}, {"price": "0.03", "size": "15.83"}, {"price": "0.04", "size": "5.47"}], "asks": [{"price": "0.99", "size": "285.01"}, {"price": "0.98", "size": "32.49"}], "event_type": "book", "last_trade_price": ""}]}
