{"_local_timestamp": "2026-01-25T23:41:37.976937+00:00", "data": [{"market": "0x3e6ccc4fc06610a17f23de085ff864a731a8c8bf7639628b2680cca19cfa6a09", "asset_id": "35771521418981102897241514514026971908377402500047411939709723205596912091196", "timestamp": "1769384424960", "hash": "ba98e8b3d3fc7ca5da1622454af46ba9bc64feee", "bids": [{"price": "0.01", "size": "3214.97"}, {"price": "0.02", "size": "700"}, {"price": "0.03", "size": "6.84"}, {"price": "0.05", "size": "520"}, {"price": "0.06", "size": "5.14"}, {"price": "0.1", "size": "130"}, {"price": "0.11", "size": "315"}, {"price": "0.13", "size": "84.61"}, {"price": "0.16", "size": "8.35"}, {"price": "0.67", "size": "200"}, {"price": "0.69", "size": "132.8"}, {"price": "0.7", "size": "116.2"}, {"price": "0.72", "size": "670"}], "asks": [{"price": "0.99", "size": "55.44"}, {"price": "0.97", "size": "1005.58"}, {"price": "0.94", "size": "716.66"}, {"price": "0.93", "size": "6.35"}, {"price": "0.92", "size": "68.75"}, {"price": "0.81", "size": "10"}, {"price": "0.79", "size": "50"}, {"price": "0.77", "size": "132.8"}, {"price": "0.76", "size": "266.2"}, {"price": "0.75", "size": "463"}], "event_type": "book", "last_trade_price": ""}, {"market": "0x0bd3bc04d881bbdd32abbbb869926a19ee35a7a207445673a715aefd2d191882", "asset_id": "6695554057736240283115594005594154591542206557488647431616473722918703243117", "timestamp": "1769384449001", "hash": "a333c75bf0b94a439ccbff06780cc0a774054abb", "bids": [{"price": "0.01", "size": "3866.27"}, {"price": "0.02", "size": "700"}, {"price": "0.03", "size": "7.44"}, {"price": "0.05", "size": "500"}, {"price": "0.06", "size": "8.16"}, {"price": "0.12", "size": "108.33"}, {"price": "0.13", "size": "204"}, {"price": "0.15", "size": "73.33"}, {"price": "0.16", "size": "7.02"}, {"price": "0.5", "size": "282.8"}, {"price": "0.51", "size": "116.2"}, {"price": "0.52", "size": "474"}], "asks": [{"price": "0.99", "size": "50"}, {"price": "0.98", "size": "706.88"}, {"price": "0.95", "size": "500"}, {"price": "0.94", "size": "8.81"}, {"price": "0.91", "size": "450"}, {"price": "0.69", "size": "10"}, {"price": "0.68", "size": "40.62"}, {"price": "0.67", "size": "33.33"}, {"price": "0.6", "size": "50"}, {"price": "0.59", "size": "150"}, {"price": "0.58", "size": "132.8"}, {"price": "0.57", "size": "116.2"}, {"price": "0.56", "size": "698"}], "event_type": "book", "last_trade_price": ""}, {"market": "0xf229758cf83b66817272b45fc503630778aac8cf6ce51cbb97d8fede05ac44aa", "asset_id": "56300666260284567239555141159653883338807097399124491904071789992942365223697", "timestamp": "1769384424961", "hash": "fcc8f58c0c838c60d78f91041f077670a991b9b7", "bids": [{"price": "0.01", "size": "55.64"}, {"price": "0.02", "size": "700"}, {"price": "0.03", "size": "5.4"}, {"price": "0.06", "size": "216.66"}, {"price": "0.07", "size": "6.4"}, {"price": "0.08", "size": "668.75"}, {"price": "0.19", "size": "10"}, {"price": "0.22", "size": "50"}, {"price": "0.24", "size": "132.8"}, {"price": "0.25", "size": "266.2"}, {"price": "0.26", "size": "540"}], "asks": [{"price": "0.99", "size": "3215.01"}, {"price": "0.98", "size": "700"}, {"price": "0.97", "size": "6.86"}, {"price": "0.95", "size": "520"}, {"price": "0.94", "size": "5.16"}, {"price": "0.9", "size": "430"}, {"price": "0.89", "size": "65"}, {"price": "0.87", "size": "84.61"}, {"price": "0.86", "size": "9.53"}, {"price": "0.34", "size": "200"}, {"price": "0.32", "size": "132.8"}, {"price": "0.31", "size": "116.2"}, {"price": "0.3", "size": "887"}], "event_type": "book", "last_trade_price": ""}, {"market": "0xf229758cf83b66817272b45fc503630778aac8cf6ce51cbb97d8fede05ac44aa", "asset_id": "17491702022748404218033422113280264599712072166654063911729471973164790978391", "timestamp": "1769384424961", "hash": "c1c152a0ad48a3dc9b181de1e2ff5fe31a7e3e8b", "bids": [{"price": "0.01", "size": "3215.01"}, {"price": "0.02", "size": "700"}, {"price": "0.03", "size": "6.86"}, {"price": "0.05", "size": "520"}, {"price": "0.06", "size": "5.16"}, {"price": "0.1", "size": "430"}, {"price": "0.11", "size": "65"}, {"price": "0.13", "size": "84.61"}, {"price": "0.14", "size": "9.53"}, {"price": "0.66", "size": "200"}, {"price": "0.68", "size": "132.8"}, {"price": "0.69", "size": "116.2"}, {"price": "0.7", "size": "887"}], "asks": [{"price": "0.99", "size": "55.64"}, {"price": "0.98", "size": "700"}, {"price": "0.97", "size": "5.4"}, {"price": "0.94", "size": "216.66"}, {"price": "0.93", "size": "6.4"}, {"price": "0.92", "size": "668.75"}, {"price": "0.81", "size": "10"}, {"price": "0.78", "size": "50"}, {"price": "0.76", "size": "132.8"}, {"price": "0.75", "size": "266.2"}, {"price": "0.74", "size": "540"}], "event_type": "book", "last_trade_price": ""}, {"market": "0x3e6ccc4fc06610a17f23de085ff864a731a8c8bf7639628b2680cca19cfa6a09", "asset_id": "83806581840734426076134376141236625155740288914121079676305827494566093430386", "timestamp": "1769384424960", "hash": "1eb7b16642565c1106d58606a968bc799e2fec7f", "bids": [{"price": "0.01", "size": "55.44"}, {"price": "0.03", "size": "1005.58"}, {"price": "0.06", "size": "716.66"}, {"price": "0.07", "size": "6.35"}, {"price": "0.08", "size": "68.75"}, {"price": "0.19", "size": "10"}, {"price": "0.21", "size": "50"}, {"price": "0.23", "size": "132.8"}, {"price": "0.24", "size": "266.2"}, {"price": "0.25", "size": "463"}], "asks": [{"price": "0.99", "size": "3214.97"}, {"price": "0.98", "size": "700"}, {"price": "0.97", "size": "6.84"}, {"price": "0.95", "size": "520"}, {"price": "0.94", "size": "5.14"}, {"price": "0.9", "size": "130"}, {"price": "0.89", "size": "315"}, {"price": "0.87", "size": "84.61"}, {"price": "0.84", "size": "8.35"}, {"price": "0.33", "size": "200"}, {"price": "0.31", "size": "132.8"}, {"price": "0.3", "size": "116.2"}, {"price": "0.28", "size": "670"}], "event_type": "book", "last_trade_price": ""}, {"market": "0x0bd3bc04d881bbdd32abbbb869926a19ee35a7a207445673a715aefd2d191882", "asset_id": "37747499400698142913115558953999479139544929542228542782146153630812707498225", "timestamp": "1769384449001", "hash": "dc127c0b3983f83947be63bafeace7aff0b93d0a", "bids": [{"price": "0.01", "size": "50"}, {"price": "0.02", "size": "706.88"}, {"price": "0.05", "size": "500"}, {"price": "0.06", "size": "8.81"}, {"price": "0.09", "size": "450"}, {"price": "0.31", "size": "10"}, {"price": "0.32", "size": "40.62"}, {"price": "0.33", "size": "33.33"}, {"price": "0.4", "size": "50"}, {"price": "0.41", "size": "150"}, {"price": "0.42", "size": "132.8"}, {"price": "0.43", "size": "116.2"}, {"price": "0.44", "size": "698"}], "asks": [{"price": "0.99", "size": "3866.27"}, {"price": "0.98", "size": "700"}, {"price": "0.97", "size": "7.44"}, {"price": "0.95", "size": "500"}, {"price": "0.94", "size": "8.16"}, {"price": "0.88", "size": "108.33"}, {"price": "0.87", "size": "204"}, {"price": "0.85", "size": "73.33"}, {"price": "0.84", "size": "7.02"}, {"price": "0.5", "size": "282.8"}, {"price": "0.49", "size": "116.2"}, {"price": "0.48", "size": "474"}], "event_type": "book", "last_trade_price": ""}]}
{"_local_timestamp": "2026-01-25T23:41:44.567354+00:00", "data": {"market": "0x0bd3bc04d881bbdd32abbbb869926a19ee35a7a207445673a715aefd2d191882", "price_changes": [{"asset_id": "6695554057736240283115594005594154591542206557488647431616473722918703243117", "price": "0.48", "size": "50", "side": "BUY", "hash": "87dda2272788df6ea764e61c313f1de69b8ad08d", "best_bid": "0.52", "best_ask": "0.56"}, {"asset_id": "37747499400698142913115558953999479139544929542228542782146153630812707498225", "price": "0.52", "size": "50", "side": "SELL", "hash": "13d43577cad6f3393d552ec7a0951252d2d3a1f3", "best_bid": "0.44", "best_ask": "0.48"}], "timestamp": "1769384504498", "event_type": "price_change"}}
{"_local_timestamp": "2026-01-25T23:42:48.114120+00:00", "data": {"market": "0x0bd3bc04d881bbdd32abbbb869926a19ee35a7a207445673a715aefd2d191882", "price_changes": [{"asset_id": "37747499400698142913115558953999479139544929542228542782146153630812707498225", "price": "0.4", "size": "0", "side": "BUY", "hash": "ea1d31451cba982093fce3da15368c2319753c7b", "best_bid": "0.44", "best_ask": "0.48"}, {"asset_id": "6695554057736240283115594005594154591542206557488647431616473722918703243117", "price": "0.6", "size": "0", "side": "SELL", "hash": "eaa7bd7744d104b23bd5fab8124a970efa2c359f", "best_bid": "0.52", "best_ask": "0.56"}], "timestamp": "1769384568000", "event_type": "price_change"}}
{"_local_timestamp": "2026-01-25T23:42:55.555427+00:00", "data": {"market": "0xf229758cf83b66817272b45fc503630778aac8cf6ce51cbb97d8fede05ac44aa", "price_changes": [{"asset_id": "17491702022748404218033422113280264599712072166654063911729471973164790978391", "price": "0.14", "size": "0", "side": "BUY", "hash": "a7139753a4c52d12179bfa4159a09ef9543364bc", "best_bid": "0.7", "best_ask": "0.74"}, {"asset_id": "56300666260284567239555141159653883338807097399124491904071789992942365223697", "price": "0.86", "size": "0", "side": "SELL", "hash": "a0be3017c44f0ece48146932e14078663ba704b0", "best_bid": "0.26", "best_ask": "0.3"}], "timestamp": "1769384575447", "event_type": "price_change"}}
{"_local_timestamp": "2026-01-25T23:42:57.549413+00:00", "data": {"market": "0xf229758cf83b66817272b45fc503630778aac8cf6ce51cbb97d8fede05ac44aa", "price_changes": [{"asset_id": "17491702022748404218033422113280264599712072166654063911729471973164790978391", "price": "0.14", "size": "9.53", "side": "BUY", "hash": "79c900f9c1c200b59c76540fe30b11e91a62338b", "best_bid": "0.7", "best_ask": "0.74"}, {"asset_id": "56300666260284567239555141159653883338807097399124491904071789992942365223697", "price": "0.86", "size": "9.53", "side": "SELL", "hash": "01692e9c4042ead5bff47ce27dca1dc12e8b579d", "best_bid": "0.26", "best_ask": "0.3"}], "timestamp": "1769384577458", "event_type": "price_change"}}
{"_local_timestamp": "2026-01-25T23:42:57.673745+00:00", "data": {"market": "0x3e6ccc4fc06610a17f23de085ff864a731a8c8bf7639628b2680cca19cfa6a09", "price_changes": [{"asset_id": "35771521418981102897241514514026971908377402500047411939709723205596912091196", "price": "0.16", "size": "0", "side": "BUY", "hash": "46d45649ad9233e04505d3215031c662ba7e501a", "best_bid": "0.72", "best_ask": "0.75"}, {"asset_id": "83806581840734426076134376141236625155740288914121079676305827494566093430386", "price": "0.84", "size": "0", "side": "SELL", "hash": "b7ff622012bc8104f797c0fff6b05ae40d767785", "best_bid": "0.25", "best_ask": "0.28"}], "timestamp": "1769384577576", "event_type": "price_change"}}
{"_local_timestamp": "2026-01-25T23:42:57.674135+00:00", "data": {"market": "0x0bd3bc04d881bbdd32abbbb869926a19ee35a7a207445673a715aefd2d191882", "price_changes": [{"asset_id": "6695554057736240283115594005594154591542206557488647431616473722918703243117", "price": "0.16", "size": "0", "side": "BUY", "hash": "062dcd281beb30af98fed0f5ec0bb6c1d7d42f56", "best_bid": "0.52", "best_ask": "0.56"}, {"asset_id": "37747499400698142913115558953999479139544929542228542782146153630812707498225", "price": "0.84", "size": "0", "side": "SELL", "hash": "0fceebd8e5ac32f336799b4e0177f965e69bb6a6", "best_bid": "0.44", "best_ask": "0.48"}], "timestamp": "1769384577576", "event_type": "price_change"}}
{"_local_timestamp": "2026-01-25T23:42:59.755945+00:00", "data": {"market": "0x0bd3bc04d881bbdd32abbbb869926a19ee35a7a207445673a715aefd2d191882", "price_changes": [{"asset_id": "6695554057736240283115594005594154591542206557488647431616473722918703243117", "price": "0.16", "size": "7.02", "side": "BUY", "hash": "be9ae97a0cb2dded683af8e7aaae97e3994d2c93", "best_bid": "0.52", "best_ask": "0.56"}, {"asset_id": "37747499400698142913115558953999479139544929542228542782146153630812707498225", "price": "0.84", "size": "7.02", "side": "SELL", "hash": "45308ab8e46cdc1b86a8789b59ea6b6133272211", "best_bid": "0.44", "best_ask": "0.48"}], "timestamp": "1769384579645", "event_type": "price_change"}}
{"_local_timestamp": "2026-01-25T23:42:59.756427+00:00", "data": {"market": "0x3e6ccc4fc06610a17f23de085ff864a731a8c8bf7639628b2680cca19cfa6a09", "price_changes": [{"asset_id": "35771521418981102897241514514026971908377402500047411939709723205596912091196", "price": "0.14", "size": "9.54", "side": "BUY", "hash": "9f528d4a2e4ed08bd505aee3e885ded7eff903dc", "best_bid": "0.72", "best_ask": "0.75"}, {"asset_id": "83806581840734426076134376141236625155740288914121079676305827494566093430386", "price": "0.86", "size": "9.54", "side": "SELL", "hash": "0628ccb46b680bb61933f17bb110357b3de3e610", "best_bid": "0.25", "best_ask": "0.28"}], "timestamp": "1769384579645", "event_type": "price_change"}}
{"_local_timestamp": "2026-01-25T23:43:49.660611+00:00", "data": {"market": "0x0bd3bc04d881bbdd32abbbb869926a19ee35a7a207445673a715aefd2d191882", "price_changes": [{"asset_id": "37747499400698142913115558953999479139544929542228542782146153630812707498225", "price": "0.4", "size": "50", "side": "BUY", "hash": "aa9cc20745ff30d6c3a9dfd795425c8ea88bb75e", "best_bid": "0.44", "best_ask": "0.48"}, {"asset_id": "6695554057736240283115594005594154591542206557488647431616473722918703243117", "price": "0.6", "size": "50", "side": "SELL", "hash": "21a3e1f8864b48bd1d5be54caa53fcf53b15fb6e", "best_bid": "0.52", "best_ask": "0.56"}], "timestamp": "1769384629550", "event_type": "price_change"}}
{"_local_timestamp": "2026-01-25T23:44:02.662325+00:00", "data": {"market": "0x3e6ccc4fc06610a17f23de085ff864a731a8c8bf7639628b2680cca19cfa6a09", "price_changes": [{"asset_id": "83806581840734426076134376141236625155740288914121079676305827494566093430386", "price": "0.01", "size": "50", "side": "BUY", "hash": "d515800b11fda9332a0adae1f215452f3af0606b", "best_bid": "0.25", "best_ask": "0.28"}, {"asset_id": "35771521418981102897241514514026971908377402500047411939709723205596912091196", "price": "0.99", "size": "50", "side": "SELL", "hash": "a2c02b87ea17d3e340a0296988c94e90e7c39438", "best_bid": "0.72", "best_ask": "0.75"}], "timestamp": "1769384642416", "event_type": "price_change"}}
{"_local_timestamp": "2026-01-25T23:44:02.662695+00:00", "data": {"market": "0x3e6ccc4fc06610a17f23de085ff864a731a8c8bf7639628b2680cca19cfa6a09", "price_changes": [{"asset_id": "83806581840734426076134376141236625155740288914121079676305827494566093430386", "price": "0.03", "size": "1000", "side": "BUY", "hash": "d515800b11fda9332a0adae1f215452f3af0606b", "best_bid": "0.25", "best_ask": "0.28"}, {"asset_id": "35771521418981102897241514514026971908377402500047411939709723205596912091196", "price": "0.97", "size": "1000", "side": "SELL", "hash": "a2c02b87ea17d3e340a0296988c94e90e7c39438", "best_bid": "0.72", "best_ask": "0.75"}], "timestamp": "1769384642416", "event_type": "price_change"}}
{"_local_timestamp": "2026-01-25T23:44:05.176518+00:00", "data": {"market": "0x3e6ccc4fc06610a17f23de085ff864a731a8c8bf7639628b2680cca19cfa6a09", "price_changes": [{"asset_id": "83806581840734426076134376141236625155740288914121079676305827494566093430386", "price": "0.02", "size": "11.1", "side": "BUY", "hash": "48e6a4dd3216ec50934d4b698672e482ddad3623", "best_bid": "0.25", "best_ask": "0.28"}, {"asset_id": "35771521418981102897241514514026971908377402500047411939709723205596912091196", "price": "0.98", "size": "11.1", "side": "SELL", "hash": "e3d9032bb211c1d0553f43f178f198764d53d274", "best_bid": "0.72", "best_ask": "0.75"}], "timestamp": "1769384644898", "event_type": "price_change"}}
