{"_local_timestamp": "2026-01-25T23:41:37.960945+00:00", "data": [{"market": "0x1f58f8d98c082bbbdf8e35e7fe47814f320f1c28f478fb1939b1f2a9523dd93a", "asset_id": "107861280279234887537917075933281851281810616816270499905354190398428647324131", "timestamp": "1769384424949", "hash": "e3ecafc1d297e298446ae6230efe5aeaf69cf81e", "bids": [{"price": "0.01", "size": "3866.72"}, {"price": "0.02", "size": "700"}, {"price": "0.03", "size": "7.64"}, {"price": "0.05", "size": "500"}, {"price": "0.06", "size": "8.39"}, {"price": "0.12", "size": "208.33"}, {"price": "0.15", "size": "73.33"}, {"price": "0.16", "size": "36"}, {"price": "0.17", "size": "6.47"}, {"price": "0.46", "size": "200"}, {"price": "0.47", "size": "132.8"}, {"price": "0.48", "size": "116.2"}], "asks": [{"price": "0.99", "size": "50"}, {"price": "0.98", "size": "706.79"}, {"price": "0.95", "size": "500"}, {"price": "0.94", "size": "8.84"}, {"price": "0.9", "size": "525"}, {"price": "0.67", "size": "10"}, {"price": "0.66", "size": "38.23"}, {"price": "0.65", "size": "31.42"}, {"price": "0.58", "size": "50"}, {"price": "0.56", "size": "150"}, {"price": "0.55", "size": "132.8"}, {"price": "0.54", "size": "116.2"}], "event_type": "book", "last_trade_price": ""}, {"market": "0x56e209dab29567496bd36baf9fa11194bb6f74aeed0b18938241d79aa8be6cab", "asset_id": "50947247908726927715455612708267296568642641468559146816189384380392411437459", "timestamp": "1769384424951", "hash": "07c20381586f356dd74094725ec0468a7df86a56", "bids": [{"price": "0.01", "size": "55.68"}, {"price": "0.02", "size": "700"}, {"price": "0.03", "size": "5.82"}, {"price": "0.06", "size": "216.66"}, {"price": "0.07", "size": "6.21"}, {"price": "0.08", "size": "68.75"}, {"price": "0.1", "size": "600"}, {"price": "0.17", "size": "10"}, {"price": "0.2", "size": "50"}, {"price": "0.21", "size": "132.8"}, {"price": "0.22", "size": "116.2"}, {"price": "0.23", "size": "150"}], "asks": [{"price": "0.99", "size": "4014.93"}, {"price": "0.98", "size": "700"}, {"price": "0.97", "size": "6.82"}, {"price": "0.95", "size": "520"}, {"price": "0.94", "size": "7.49"}, {"price": "0.88", "size": "208.33"}, {"price": "0.85", "size": "73.33"}, {"price": "0.84", "size": "36"}, {"price": "0.82", "size": "6.64"}, {"price": "0.32", "size": "200"}, {"price": "0.29", "size": "132.8"}, {"price": "0.28", "size": "116.2"}], "event_type": "book", "last_trade_price": ""}, {"market": "0x56e209dab29567496bd36baf9fa11194bb6f74aeed0b18938241d79aa8be6cab", "asset_id": "72990539345436186359845089580281263924653414315562649350627122774379567901468", "timestamp": "1769384424951", "hash": "6d53f93ca8fa6df3279ef241b1b41a3edb1d6845", "bids": [{"price": "0.01", "size": "4014.93"}, {"price": "0.02", "size": "700"}, {"price": "0.03", "size": "6.82"}, {"price": "0.05", "size": "520"}, {"price": "0.06", "size": "7.49"}, {"price": "0.12", "size": "208.33"}, {"price": "0.15", "size": "73.33"}, {"price": "0.16", "size": "36"}, {"price": "0.18", "size": "6.64"}, {"price": "0.68", "size": "200"}, {"price": "0.71", "size": "132.8"}, {"price": "0.72", "size": "116.2"}], "asks": [{"price": "0.99", "size": "55.68"}, {"price": "0.98", "size": "700"}, {"price": "0.97", "size": "5.82"}, {"price": "0.94", "size": "216.66"}, {"price": "0.93", "size": "6.21"}, {"price": "0.92", "size": "68.75"}, {"price": "0.9", "size": "600"}, {"price": "0.83", "size": "10"}, {"price": "0.8", "size": "50"}, {"price": "0.79", "size": "132.8"}, {"price": "0.78", "size": "116.2"}, {"price": "0.77", "size": "150"}], "event_type": "book", "last_trade_price": ""}, {"market": "0x5882fd8daa242b777a152557a63c2dcc8e2c6bc56e94cef40dd07ad1c714f8e7", "asset_id": "73156705099173888072057064617626684229079138876599871469353138267895447900312", "timestamp": "1769384424951", "hash": "39233dbd0f6ca6f73c852ab2958d5660108e1b89", "bids": [{"price": "0.01", "size": "55.86"}, {"price": "0.02", "size": "700"}, {"price": "0.03", "size": "5.81"}, {"price": "0.06", "size": "216.66"}, {"price": "0.07", "size": "6.19"}, {"price": "0.08", "size": "68.75"}, {"price": "0.1", "size": "600"}, {"price": "0.18", "size": "10"}, {"price": "0.2", "size": "50"}, {"price": "0.22", "size": "132.8"}, {"price": "0.23", "size": "266.2"}], "asks": [{"price": "0.99", "size": "4014.97"}, {"price": "0.98", "size": "700"}, {"price": "0.97", "size": "6.84"}, {"price": "0.95", "size": "520"}, {"price": "0.94", "size": "7.51"}, {"price": "0.88", "size": "208.33"}, {"price": "0.85", "size": "73.33"}, {"price": "0.84", "size": "36"}, {"price": "0.83", "size": "7.02"}, {"price": "0.32", "size": "200"}, {"price": "0.3", "size": "132.8"}, {"price": "0.29", "size": "116.2"}], "event_type": "book", "last_trade_price": ""}, {"market": "0x1f58f8d98c082bbbdf8e35e7fe47814f320f1c28f478fb1939b1f2a9523dd93a", "asset_id": "34764814057948621493113482879176396669019174764080990146217383004258442681897", "timestamp": "1769384424949", "hash": "86b55fa143e7de876715e8000bb7ba9cf9b9fd83", "bids": [{"price": "0.01", "size": "50"}, {"price": "0.02", "size": "706.79"}, {"price": "0.05", "size": "500"}, {"price": "0.06", "size": "8.84"}, {"price": "0.1", "size": "525"}, {"price": "0.33", "size": "10"}, {"price": "0.34", "size": "38.23"}, {"price": "0.35", "size": "31.42"}, {"price": "0.42", "size": "50"}, {"price": "0.44", "size": "150"}, {"price": "0.45", "size": "132.8"}, {"price": "0.46", "size": "116.2"}], "asks": [{"price": "0.99", "size": "3866.72"}, {"price": "0.98", "size": "700"}, {"price": "0.97", "size": "7.64"}, {"price": "0.95", "size": "500"}, {"price": "0.94", "size": "8.39"}, {"price": "0.88", "size": "208.33"}, {"price": "0.85", "size": "73.33"}, {"price": "0.84", "size": "36"}, {"price": "0.83", "size": "6.47"}, {"price": "0.54", "size": "200"}, {"price": "0.53", "size": "132.8"}, {"price": "0.52", "size": "116.2"}], "event_type": "book", "last_trade_price": ""}, {"market": "0x5882fd8daa242b777a152557a63c2dcc8e2c6bc56e94cef40dd07ad1c714f8e7", "asset_id": "104922491808320392158053421217458204498343358086531264120653576957504430779009", "timestamp": "1769384424951", "hash": "036d31239fc2acbbbbed40c5ee3c3463fef0313e", "bids": [{"price": "0.01", "size": "4014.97"}, {"price": "0.02", "size": "700"}, {"price": "0.03", "size": "6.84"}, {"price": "0.05", "size": "520"}, {"price": "0.06", "size": "7.51"}, {"price": "0.12", "size": "208.33"}, {"price": "0.15", "size": "73.33"}, {"price": "0.16", "size": "36"}, {"price": "0.17", "size": "7.02"}, {"price": "0.68", "size": "200"}, {"price": "0.7", "size": "132.8"}, {"price": "0.71", "size": "116.2"}], "asks": [{"price": "0.99", "size": "55.86"}, {"price": "0.98", "size": "700"}, {"price": "0.97", "size": "5.81"}, {"price": "0.94", "size": "216.66"}, {"price": "0.93", "size": "6.19"}, {"price": "0.92", "size": "68.75"}, {"price": "0.9", "size": "600"}, {"price": "0.82", "size": "10"}, {"price": "0.8", "size": "50"}, {"price": "0.78", "size": "132.8"}, {"price": "0.77", "size": "266.2"}], "event_type": "book", "last_trade_price": ""}]}
{"_local_timestamp": "2026-01-25T23:42:57.665243+00:00", "data": {"market": "0x56e209dab29567496bd36baf9fa11194bb6f74aeed0b18938241d79aa8be6cab", "price_changes": [{"asset_id": "72990539345436186359845089580281263924653414315562649350627122774379567901468", "price": "0.18", "size": "0", "side": "BUY", "hash": "26084beafd102ad4b2fd790e1987af8d14006545", "best_bid": "0.72", "best_ask": "0.77"}, {"asset_id": "50947247908726927715455612708267296568642641468559146816189384380392411437459", "price": "0.82", "size": "0", "side": "SELL", "hash": "26608d370743c14d9338c056156eebc7efc8e5d0", "best_bid": "0.23", "best_ask": "0.28"}], "timestamp": "1769384577576", "event_type": "price_change"}}
{"_local_timestamp": "2026-01-25T23:42:58.123234+00:00", "data": {"market": "0x1f58f8d98c082bbbdf8e35e7fe47814f320f1c28f478fb1939b1f2a9523dd93a", "price_changes": [{"asset_id": "107861280279234887537917075933281851281810616816270499905354190398428647324131", "price": "0.17", "size": "0", "side": "BUY", "hash": "7a89f46ae131c9bc4462a09a4286a09fee0bbd2e", "best_bid": "0.48", "best_ask": "0.54"}, {"asset_id": "34764814057948621493113482879176396669019174764080990146217383004258442681897", "price": "0.83", "size": "0", "side": "SELL", "hash": "076a4e4d1b0039e7c0f2d030b745714ee5cee961", "best_bid": "0.46", "best_ask": "0.52"}], "timestamp": "1769384578014", "event_type": "price_change"}}
{"_local_timestamp": "2026-01-25T23:42:58.123692+00:00", "data": {"market": "0x5882fd8daa242b777a152557a63c2dcc8e2c6bc56e94cef40dd07ad1c714f8e7", "price_changes": [{"asset_id": "104922491808320392158053421217458204498343358086531264120653576957504430779009", "price": "0.17", "size": "0", "side": "BUY", "hash": "a5c1928e14684817b6dd4728eec68e717e9c058c", "best_bid": "0.71", "best_ask": "0.77"}, {"asset_id": "73156705099173888072057064617626684229079138876599871469353138267895447900312", "price": "0.83", "size": "0", "side": "SELL", "hash": "f0cbc64fa6aafd6b1656d7bd0d4017bc6c1aede4", "best_bid": "0.23", "best_ask": "0.29"}], "timestamp": "1769384578014", "event_type": "price_change"}}
{"_local_timestamp": "2026-01-25T23:42:58.403748+00:00", "data": {"market": "0x56e209dab29567496bd36baf9fa11194bb6f74aeed0b18938241d79aa8be6cab", "price_changes": [{"asset_id": "72990539345436186359845089580281263924653414315562649350627122774379567901468", "price": "0.17", "size": "7.03", "side": "BUY", "hash": "1e1959ffadcce35fdbf64ab0e1d96d4e54a4ffbf", "best_bid": "0.72", "best_ask": "0.77"}, {"asset_id": "50947247908726927715455612708267296568642641468559146816189384380392411437459", "price": "0.83", "size": "7.03", "side": "SELL", "hash": "b23921e87c2775681bb0803d88d9fe445e0528f8", "best_bid": "0.23", "best_ask": "0.28"}], "timestamp": "1769384578297", "event_type": "price_change"}}
{"_local_timestamp": "2026-01-25T23:43:00.154300+00:00", "data": {"market": "0x1f58f8d98c082bbbdf8e35e7fe47814f320f1c28f478fb1939b1f2a9523dd93a", "price_changes": [{"asset_id": "107861280279234887537917075933281851281810616816270499905354190398428647324131", "price": "0.17", "size": "6.47", "side": "BUY", "hash": "86ffd82e4fb53e6d37cf7096fd68058c6b52cfd3", "best_bid": "0.48", "best_ask": "0.54"}, {"asset_id": "34764814057948621493113482879176396669019174764080990146217383004258442681897", "price": "0.83", "size": "6.47", "side": "SELL", "hash": "5d97b0806e7a5c2b1338e0d904c87ade05ff34b1", "best_bid": "0.46", "best_ask": "0.52"}], "timestamp": "1769384580011", "event_type": "price_change"}}
{"_local_timestamp": "2026-01-25T23:43:00.154672+00:00", "data": {"market": "0x5882fd8daa242b777a152557a63c2dcc8e2c6bc56e94cef40dd07ad1c714f8e7", "price_changes": [{"asset_id": "104922491808320392158053421217458204498343358086531264120653576957504430779009", "price": "0.18", "size": "6.63", "side": "BUY", "hash": "67075fde8e365f6db9db2a47ff521d3b3d4b8133", "best_bid": "0.71", "best_ask": "0.77"}, {"asset_id": "73156705099173888072057064617626684229079138876599871469353138267895447900312", "price": "0.82", "size": "6.63", "side": "SELL", "hash": "4d21c0b966ae8daa71005f5f87b0fd36c90757b9", "best_bid": "0.23", "best_ask": "0.29"}], "timestamp": "1769384580011", "event_type": "price_change"}}
