{"_local_timestamp": "2026-01-25T23:41:38.357147+00:00", "data": [{"market": "0xbe6fbdf725cbb146423496de9baa074966a577e2bc3a177d22dc9f92aa96b512", "asset_id": "85211934610899705316617048040030136150458431731906112066155708804583268189034", "timestamp": "1769383754632", "hash": "b546e7cc3cc90266a9796ef66303fa9e3c64d6cc", "bids": [{"price": "0.01", "size": "276.93"}, {"price": "0.02", "size": "150.79"}, {"price": "0.03", "size": "15.83"}, {"price": "0.04", "size": "5.47"}], "asks": [{"price": "0.99", "size": "285.01"}, {"price": "0.98", "size": "32.49"}], "event_type": "book", "last_trade_price": ""}, {"market": "0xc88626c08a8cc42d3e8fd537f00750f8f3274452a82ea5bd021ff687a3926161", "asset_id": "55652019854188686473708239212044551024357863635382119304986960790204333390340", "timestamp": "1769383752407", "hash": "c774f13f31f27f72ad42870859a8ef144e2148bc", "bids": [{"price": "0.01", "size": "285.01"}, {"price": "0.02", "size": "32.49"}], "asks": [{"price": "0.99", "size": "276.93"}, {"price": "0.98", "size": "150.79"}, {"price": "0.97", "size": "15.83"}, {"price": "0.96", "size": "5.47"}], "event_type": "book", "last_trade_price": ""}, {"market": "0x7d69e50f20d6dde15a67cb4ccf238c37759d0ed200e8c5845ab0faacbc12f01a", "asset_id": "37163258419074905807344502806367595324249242793102160188326063003191626067872", "timestamp": "1769383750686", "hash": "bab888e0eb690e78cd83ce95ae6534def140a100", "bids": [{"price": "0.01", "size": "414.79"}, {"price": "0.02", "size": "26.16"}, {"price": "0.04", "size": "62"}, {"price": "0.05", "size": "80"}, {"price": "0.06", "size": "43.95"}], "asks": [{"price": "0.99", "size": "424.83"}, {"price": "0.98", "size": "58.12"}, {"price": "0.97", "size": "6.42"}, {"price": "0.96", "size": "133"}, {"price": "0.95", "size": "77.93"}], "event_type": "book", "last_trade_price": ""}, {"market": "0xbe6fbdf725cbb146423496de9baa074966a577e2bc3a177d22dc9f92aa96b512", "asset_id": "43945157481198823175972720750322688473071061918953597298623576369215478332695", "timestamp": "1769383754632", "hash": "86d97e416269cf51416d3a0fcb43b56672f84882", "bids": [{"price": "0.01", "size": "285.01"}, {"price": "0.02", "size": "32.49"}], "asks": [{"price": "0.99", "size": "276.93"}, {"price": "0.98", "size": "150.79"}, {"price": "0.97", "size": "15.83"}, {"price": "0.96", "size": "5.47"}], "event_type": "book", "last_trade_price": ""}, {"market": "0x37e859da17de3e7295e0d3e71622518b00587711ca7fa35b9af89756fd315311", "asset_id": "113788469205337199392591082891747082757423804519087652791162807311542483708030", "timestamp": "1769383753534", "hash": "e8beff4cef6d0ad824e74855af88c0bbd7d35c7c", "bids": [{"price": "0.01", "size": "276.93"}, {"price": "0.02", "size": "150.79"}, {"price": "0.03", "size": "15.83"}, {"price": "0.04", "size": "5.47"}], "asks": [{"price": "0.99", "size": "285.01"}, {"price": "0.98", "size": "32.49"}], "event_type": "book", "last_trade_price": ""}, {"market": "0x37e859da17de3e7295e0d3e71622518b00587711ca7fa35b9af89756fd315311", "asset_id": "110804025030810261882688457623460674272133799627210920660862760365416622822535", "timestamp": "1769383753534", "hash": "c64cf70587dbfa26ee0e56a098274a38698ff95d", "bids": [{"price": "0.01", "size": "285.01"}, {"price": "0.02", "size": "32.49"}], "asks": [{"price": "0.99", "size": "276.93"}, {"price": "0.98", "size": "150.79"}, {"price": "0.97", "size": "15.83"}, {"price": "0.96", "size": "5.47"}], "event_type": "book", "last_trade_price": ""}, {"market": "0xa4e383e42f5c22e869b325774d7c5213aba4108c30c56e2e580f5b02bb1b721e", "asset_id": "108572711832702350772507525026951845490898125209545407491141906127430749017558", "timestamp": "1769383751633", "hash": "75a3b38a1d7cc5e3947a6dcc71fc62d95daae0cb", "bids": [{"price": "0.01", "size": "285.01"}, {"price": "0.02", "size": "32.49"}], "asks": [{"price": "0.99", "size": "276.93"}, {"price": "0.98", "size": "154.79"}, {"price": "0.97", "size": "15.83"}, {"price": "0.96", "size": "5.47"}], "event_type": "book", "last_trade_price": ""}, {"market": "0xc88626c08a8cc42d3e8fd537f00750f8f3274452a82ea5bd021ff687a3926161", "asset_id": "63533023016804352902776128007790025258958975491122713920258637774841407526171", "timestamp": "1769383752407", "hash": "cb60bbf226514cb14fa29a70f1a684b8c2ffcb10", "bids": [{"price": "0.01", "size": "276.93"}, {"price": "0.02", "size": "150.79"}, {"price": "0.03", "size": "15.83"}, {"price": "0.04", "size": "5.47"}], "asks": [{"price": "0.99", "size": "285.01"}, {"price": "0.98", "size": "32.49"}], "event_type": "book", "last_trade_price": ""}, {"market": "0x7d69e50f20d6dde15a67cb4ccf238c37759d0ed200e8c5845ab0faacbc12f01a", "asset_id": "7756032912455267202375117731995706074659049817875639860183911434502226740250", "timestamp": "1769383750686", "hash": "ff064556b4004e182190028ba9e837bd727ba4b3", "bids": [{"price": "0.01", "size": "424.83"}, {"price": "0.02", "size": "58.12"}, {"price": "0.03", "size": "6.42"}, {"price": "0.04", "size": "133"}, {"price": "0.05", "size": "77.93"}], "asks": [{"price": "0.99", "size": "414.79"}, {"price": "0.98", "size": "26.16"}, {"price": "0.96", "size": "62"}, {"price": "0.95", "size": "80"}, {"price": "0.94", "size": "43.95"}], "event_type": "book", "last_trade_price": ""}, {"market": "0xa4e383e42f5c22e869b325774d7c5213aba4108c30c56e2e580f5b02bb1b721e", "asset_id": "26930689651742793085566920282301213668504308032799186821689433365142120678587", "timestamp": "1769383751633", "hash": "8567b4b93887e6837b4fd511f35688a154f7148f", "bids": [{"price": "0.01", "size": "276.93"}, {"price": "0.02", "size": "154.79"}, {"price": "0.03", "size": "15.83"}, {"price": "0.04", "size": "5.47"}], "asks": [{"price": "0.99", "size": "285.01"}, {"price": "0.98", "size": "32.49"}], "event_type": "book", "last_trade_price": ""}]}
