{"_local_timestamp": "2026-01-25T23:41:38.295444+00:00", "data": [{"market": "0xaafa931b5be0065dcc6ddafdc47123cc803f28f76833371ce53404f2f0441fbc", "asset_id": "21250479624600319459055021745360648211548459080401847014092678987450875435429", "timestamp": "1769383748559", "hash": "d809c0b9e15a64a307d0e3f03495f8d5a9add788", "bids": [{"price": "0.01", "size": "285.01"}, {"price": "0.02", "size": "32.49"}], "asks": [{"price": "0.99", "size": "276.93"}, {"price": "0.98", "size": "150.79"}, {"price": "0.97", "size": "15.83"}, {"price": "0.96", "size": "5.47"}], "event_type": "book", "last_trade_price": ""}, {"market": "0xa57b702fcfdba493d9a3698ac1fa0d8b9e3d8c3f4c7641e9ef26e8e3733b29ab", "asset_id": "46830195721008640671053557409891422035707607521994373844635131692389040065641", "timestamp": "1769383746843", "hash": "c3764eb5ff3432adc3d74f0b0322de48bffc0e50", "bids": [{"price": "0.01", "size": "276.93"}, {"price": "0.02", "size": "150.79"}, {"price": "0.03", "size": "15.83"}, {"price": "0.04", "size": "5.47"}], "asks": [{"price": "0.99", "size": "285.01"}, {"price": "0.98", "size": "32.49"}], "event_type": "book", "last_trade_price": ""}, {"market": "0xdc09f27393ab810661e77f5bc958e5824aa03b315b8ed689056959dc2d580c97", "asset_id": "62806749074379192865411086541235439543778378082448867012255360151335792070114", "timestamp": "1769383749645", "hash": "18a2b62193505d5ae99a53cd543b01fde5d64c8d", "bids": [{"price": "0.01", "size": "276.93"}, {"price": "0.02", "size": "150.79"}, {"price": "0.03", "size": "15.83"}, {"price": "0.04", "size": "5.47"}], "asks": [{"price": "0.99", "size": "285.01"}, {"price": "0.98", "size": "32.49"}], "event_type": "book", "last_trade_price": ""}, {"market": "0x0721a3db35efd22550b5bb90ffa64e1da611b5d4ed9352f9f617f58943449b6f", "asset_id": "49489084727465373002302404313743289301645957712484895164955421183657692104549", "timestamp": "1769383747794", "hash": "3b38f8bf2bcb8022c6aab3784d95deab0fb33e93", "bids": [{"price": "0.01", "size": "285.01"}, {"price": "0.02", "size": "32.49"}], "asks": [{"price": "0.99", "size": "276.93"}, {"price": "0.98", "size": "150.79"}, {"price": "0.97", "size": "15.83"}, {"price": "0.96", "size": "5.47"}], "event_type": "book", "last_trade_price": ""}, {"market": "0x42b370e6757cd3df79f15c625524112dd9bfaf393b55608d4fa08e33fe875d1f", "asset_id": "40848249554567611280750187580861062746643621247070862509734773297252995615236", "timestamp": "1769383745793", "hash": "f182e0b673208f1e90a6228a4908c32cc4366707", "bids": [{"price": "0.01", "size": "414.79"}, {"price": "0.02", "size": "26.16"}, {"price": "0.04", "size": "31"}, {"price": "0.05", "size": "80"}, {"price": "0.06", "size": "43.95"}], "asks": [{"price": "0.99", "size": "400"}, {"price": "0.98", "size": "58.12"}, {"price": "0.97", "size": "6.42"}, {"price": "0.96", "size": "133"}, {"price": "0.95", "size": "77.93"}], "event_type": "book", "last_trade_price": ""}, {"market": "0xdc09f27393ab810661e77f5bc958e5824aa03b315b8ed689056959dc2d580c97", "asset_id": "69944387584556367552844979135847483870952520420079768208992352178607905263686", "timestamp": "1769383749645", "hash": "aba1e156a9f0f1b89c4ac8c047860542e4df1943", "bids": [{"price": "0.01", "size": "285.01"}, {"price": "0.02", "size": "32.49"}], "asks": [{"price": "0.99", "size": "276.93"}, {"price": "0.98", "size": "150.79"}, {"price": "0.97", "size": "15.83"}, {"price": "0.96", "size": "5.47"}], "event_type": "book", "last_trade_price": ""}, {"market": "0x0721a3db35efd22550b5bb90ffa64e1da611b5d4ed9352f9f617f58943449b6f", "asset_id": "56503040120518988226450734601642025649573749485466488848313130423266590984092", "timestamp": "1769383747794", "hash": "29caee68495a8b37df866e539557b2c082687844", "bids": [{"price": "0.01", "size": "276.93"}, {"price": "0.02", "size": "150.79"}, {"price": "0.03", "size": "15.83"}, {"price": "0.04", "size": "5.47"}], "asks": [{"price": "0.99", "size": "285.01"}, {"price": "0.98", "size": "32.49"}], "event_type": "book", "last_trade_price": ""}, {"market": "0xaafa931b5be0065dcc6ddafdc47123cc803f28f76833371ce53404f2f0441fbc", "asset_id": "68801689844995470487243379208657047016432407467595198192582637424392034601814", "timestamp": "1769383748559", "hash": "f329274404f833bc9bf7eb4e0a152ca56aabfdc2", "bids": [{"price": "0.01", "size": "276.93"}, {"price": "0.02", "size": "150.79"}, {"price": "0.03", "size": "15.83"}, {"price": "0.04", "size": "5.47"}], "asks": [{"price": "0.99", "size": "285.01"}, {"price": "0.98", "size": "32.49"}], "event_type": "book", "last_trade_price": ""}, {"market": "0x42b370e6757cd3df79f15c625524112dd9bfaf393b55608d4fa08e33fe875d1f", "asset_id": "38513355422363502821847934465051202688845515622657966347738518969754821733564", "timestamp": "1769383745793", "hash": "bbe627907d0bddb267c6349dff6cd2ddd44edd32", "bids": [{"price": "0.01", "size": "400"}, {"price": "0.02", "size": "58.12"}, {"price": "0.03", "size": "6.42"}, {"price": "0.04", "size": "133"}, {"price": "0.05", "size": "77.93"}], "asks": [{"price": "0.99", "size": "414.79"}, {"price": "0.98", "size": "26.16"}, {"price": "0.96", "size": "31"}, {"price": "0.95", "size": "80"}, {"price": "0.94", "size": "43.95"}], "event_type": "book", "last_trade_price": ""}, {"market": "0xa57b702fcfdba493d9a3698ac1fa0d8b9e3d8c3f4c7641e9ef26e8e3733b29ab", "asset_id": "58901454572238959315986840154197822811047899265508621864052514549764911880666", "timestamp": "1769383746843", "hash": "0d1ae56fa68c1a24d2649f729e9c0a30dc7c7727", "bids": [{"price": "0.01", "size": "285.01"}, {"price": "0.02", "size": "32.49"}], "asks": [{"price": "0.99", "size": "276.93"}, {"price": "0.98", "size": "150.79"}, {"price": "0.97", "size": "15.83"}, {"price": "0.96", "size": "5.47"}], "event_type": "book", "last_trade_price": ""}]}
