{"_local_timestamp": "2026-01-25T23:41:38.277747+00:00", "data": [{"market": "0x10bba4618a3cfa675fc07039261ee4ff958d7ee222c238d7b782ac27bdfe3c46", "asset_id": "76495931444043177596986374060812976684412243625313339433013966405257561242535", "timestamp": "1769383798970", "hash": "ad90a7969c12aa81c19a707f7d920e25871de9fa", "bids": [{"price": "0.01", "size": "50"}, {"price": "0.02", "size": "707.16"}, {"price": "0.05", "size": "500"}, {"price": "0.06", "size": "8.72"}, {"price": "0.09", "size": "450"}, {"price": "0.28", "size": "10"}, {"price": "0.29", "size": "44.82"}, {"price": "0.3", "size": "36.66"}, {"price": "0.35", "size": "50"}, {"price": "0.37", "size": "282.8"}, {"price": "0.38", "size": "116.2"}, {"price": "0.39", "size": "779"}], "asks": [{"price": "0.99", "size": "3865.81"}, {"price": "0.98", "size": "700"}, {"price": "0.97", "size": "7.23"}, {"price": "0.95", "size": "500"}, {"price": "0.94", "size": "9.61"}, {"price": "0.88", "size": "108.33"}, {"price": "0.87", "size": "204"}, {"price": "0.85", "size": "73.33"}, {"price": "0.84", "size": "6.55"}, {"price": "0.47", "size": "50"}, {"price": "0.46", "size": "150"}, {"price": "0.45", "size": "132.8"}, {"price": "0.44", "size": "116.2"}, {"price": "0.43", "size": "427"}], "event_type": "book", "last_trade_price": ""}, {"market": "0x10bba4618a3cfa675fc07039261ee4ff958d7ee222c238d7b782ac27bdfe3c46", "asset_id": "74297998551892805158955376688113791093961401505248211915294736021409834482680", "timestamp": "1769383798970", "hash": "0af131da32f6bf7590486d47370e1e1a7133fc1f", "bids": [{"price": "0.01", "size": "3865.81"}, {"price": "0.02", "size": "700"}, {"price": "0.03", "size": "7.23"}, {"price": "0.05", "size": "500"}, {"price": "0.06", "size": "9.61"}, {"price": "0.12", "size": "108.33"}, {"price": "0.13", "size": "204"}, {"price": "0.15", "size": "73.33"}, {"price": "0.16", "size": "6.55"}, {"price": "0.53", "size": "50"}, {"price": "0.54", "size": "150"}, {"price": "0.55", "size": "132.8"}, {"price": "0.56", "size": "116.2"}, {"price": "0.57", "size": "427"}], "asks": [{"price": "0.99", "size": "50"}, {"price": "0.98", "size": "707.16"}, {"price": "0.95", "size": "500"}, {"price": "0.94", "size": "8.72"}, {"price": "0.91", "size": "450"}, {"price": "0.72", "size": "10"}, {"price": "0.71", "size": "44.82"}, {"price": "0.7", "size": "36.66"}, {"price": "0.65", "size": "50"}, {"price": "0.63", "size": "282.8"}, {"price": "0.62", "size": "116.2"}, {"price": "0.61", "size": "779"}], "event_type": "book", "last_trade_price": ""}, {"market": "0xa593edd2e2a8dd775acef05d43de9e2eb339fdf9bf4b6fe20a825c95aaffc9e7", "asset_id": "28048296687728241637158622763182881818916245055734399743751229936086347827", "timestamp": "1769383798970", "hash": "deadcaf0a85873abf34cf2e53e9916d56ba3fb05", "bids": [{"price": "0.01", "size": "50"}, {"price": "0.02", "size": "709.78"}, {"price": "0.06", "size": "216.66"}, {"price": "0.07", "size": "6.72"}, {"price": "0.08", "size": "550"}, {"price": "0.22", "size": "10"}, {"price": "0.23", "size": "47.82"}, {"price": "0.26", "size": "50"}, {"price": "0.28", "size": "282.8"}, {"price": "0.29", "size": "116.2"}, {"price": "0.3", "size": "611"}], "asks": [{"price": "0.99", "size": "4015.21"}, {"price": "0.98", "size": "700"}, {"price": "0.97", "size": "6.95"}, {"price": "0.95", "size": "520"}, {"price": "0.94", "size": "8.45"}, {"price": "0.88", "size": "108.33"}, {"price": "0.87", "size": "204"}, {"price": "0.86", "size": "78.57"}, {"price": "0.85", "size": "7.54"}, {"price": "0.38", "size": "200"}, {"price": "0.36", "size": "132.8"}, {"price": "0.35", "size": "116.2"}, {"price": "0.34", "size": "720"}], "event_type": "book", "last_trade_price": ""}, {"market": "0x880c90fdd47a9ec52426bb51438e696dae0c38f6c927f362c05f55b82c6d6542", "asset_id": "76450991427038465002054270608204975015177310252552492801033535736947427739916", "timestamp": "1769384424961", "hash": "2c4124ec018908b548d2597a4f3985582a3174d5", "bids": [{"price": "0.01", "size": "55.44"}, {"price": "0.03", "size": "1005.58"}, {"price": "0.06", "size": "716.66"}, {"price": "0.07", "size": "6.35"}, {"price": "0.08", "size": "68.75"}, {"price": "0.19", "size": "10"}, {"price": "0.21", "size": "50"}, {"price": "0.23", "size": "132.8"}, {"price": "0.24", "size": "116.2"}, {"price": "0.25", "size": "797"}], "asks": [{"price": "0.99", "size": "4014.97"}, {"price": "0.98", "size": "700"}, {"price": "0.97", "size": "6.84"}, {"price": "0.95", "size": "520"}, {"price": "0.94", "size": "7.51"}, {"price": "0.88", "size": "108.33"}, {"price": "0.87", "size": "204"}, {"price": "0.85", "size": "73.33"}, {"price": "0.84", "size": "7.46"}, {"price": "0.34", "size": "150"}, {"price": "0.33", "size": "50"}, {"price": "0.31", "size": "132.8"}, {"price": "0.3", "size": "116.2"}, {"price": "0.28", "size": "493"}], "event_type": "book", "last_trade_price": ""}, {"market": "0xa593edd2e2a8dd775acef05d43de9e2eb339fdf9bf4b6fe20a825c95aaffc9e7", "asset_id": "36230243649214447034184618820628918209725492030510841640864455445573223280701", "timestamp": "1769383798970", "hash": "0a1d37e359270d456f14c12e75048bdc0a3156da", "bids": [{"price": "0.01", "size": "4015.21"}, {"price": "0.02", "size": "700"}, {"price": "0.03", "size": "6.95"}, {"price": "0.05", "size": "520"}, {"price": "0.06", "size": "8.45"}, {"price": "0.12", "size": "108.33"}, {"price": "0.13", "size": "204"}, {"price": "0.14", "size": "78.57"}, {"price": "0.15", "size": "7.54"}, {"price": "0.62", "size": "200"}, {"price": "0.64", "size": "132.8"}, {"price": "0.65", "size": "116.2"}, {"price": "0.66", "size": "720"}], "asks": [{"price": "0.99", "size": "50"}, {"price": "0.98", "size": "709.78"}, {"price": "0.94", "size": "216.66"}, {"price": "0.93", "size": "6.72"}, {"price": "0.92", "size": "550"}, {"price": "0.78", "size": "10"}, {"price": "0.77", "size": "47.82"}, {"price": "0.74", "size": "50"}, {"price": "0.72", "size": "282.8"}, {"price": "0.71", "size": "116.2"}, {"price": "0.7", "size": "611"}], "event_type": "book", "last_trade_price": ""}, {"market": "0x880c90fdd47a9ec52426bb51438e696dae0c38f6c927f362c05f55b82c6d6542", "asset_id": "70607365578300482431473480282130342587147903158414706671134754952655661874513", "timestamp": "1769384424961", "hash": "0fcef81a3b520259bdddd349a19de08a4cc29ede", "bids": [{"price": "0.01", "size": "4014.97"}, {"price": "0.02", "size": "700"}, {"price": "0.03", "size": "6.84"}, {"price": "0.05", "size": "520"}, {"price": "0.06", "size": "7.51"}, {"price": "0.12", "size": "108.33"}, {"price": "0.13", "size": "204"}, {"price": "0.15", "size": "73.33"}, {"price": "0.16", "size": "7.46"}, {"price": "0.66", "size": "150"}, {"price": "0.67", "size": "50"}, {"price": "0.69", "size": "132.8"}, {"price": "0.7", "size": "116.2"}, {"price": "0.72", "size": "493"}], "asks": [{"price": "0.99", "size": "55.44"}, {"price": "0.97", "size": "1005.58"}, {"price": "0.94", "size": "716.66"}, {"price": "0.93", "size": "6.35"}, {"price": "0.92", "size": "68.75"}, {"price": "0.81", "size": "10"}, {"price": "0.79", "size": "50"}, {"price": "0.77", "size": "132.8"}, {"price": "0.76", "size": "116.2"}, {"price": "0.75", "size": "797"}], "event_type": "book", "last_trade_price": ""}]}
{"_local_timestamp": "2026-01-25T23:42:52.872935+00:00", "data": {"market": "0x880c90fdd47a9ec52426bb51438e696dae0c38f6c927f362c05f55b82c6d6542", "price_changes": [{"asset_id": "70607365578300482431473480282130342587147903158414706671134754952655661874513", "price": "0.16", "size": "0", "side": "BUY", "hash": "58bcc0db516f81e4809bc0c996c59aa6b2be3422", "best_bid": "0.72", "best_ask": "0.75"}, {"asset_id": "76450991427038465002054270608204975015177310252552492801033535736947427739916", "price": "0.84", "size": "0", "side": "SELL", "hash": "0d875fc2f24213ef749a9f4d2921219c61a4339d", "best_bid": "0.25", "best_ask": "0.28"}], "timestamp": "1769384572696", "event_type": "price_change"}}
{"_local_timestamp": "2026-01-25T23:42:54.770193+00:00", "data": {"market": "0x880c90fdd47a9ec52426bb51438e696dae0c38f6c927f362c05f55b82c6d6542", "price_changes": [{"asset_id": "70607365578300482431473480282130342587147903158414706671134754952655661874513", "price": "0.16", "size": "7.46", "side": "BUY", "hash": "02f7dad0b319f86ecef8296de8050375c72eb65d", "best_bid": "0.72", "best_ask": "0.75"}, {"asset_id": "76450991427038465002054270608204975015177310252552492801033535736947427739916", "price": "0.84", "size": "7.46", "side": "SELL", "hash": "4758a454c59fbd4c004666fe70497e93cf5dcaff", "best_bid": "0.25", "best_ask": "0.28"}], "timestamp": "1769384574579", "event_type": "price_change"}}
{"_local_timestamp": "2026-01-25T23:44:02.028410+00:00", "data": {"market": "0x880c90fdd47a9ec52426bb51438e696dae0c38f6c927f362c05f55b82c6d6542", "price_changes": [{"asset_id": "76450991427038465002054270608204975015177310252552492801033535736947427739916", "price": "0.01", "size": "50", "side": "BUY", "hash": "62e2af117076db83b4287992f98c802444a1b348", "best_bid": "0.25", "best_ask": "0.28"}, {"asset_id": "70607365578300482431473480282130342587147903158414706671134754952655661874513", "price": "0.99", "size": "50", "side": "SELL", "hash": "a2a38133efcbb79bface05700265f0b1324b5075", "best_bid": "0.72", "best_ask": "0.75"}], "timestamp": "1769384641954", "event_type": "price_change"}}
{"_local_timestamp": "2026-01-25T23:44:02.028977+00:00", "data": {"market": "0x880c90fdd47a9ec52426bb51438e696dae0c38f6c927f362c05f55b82c6d6542", "price_changes": [{"asset_id": "76450991427038465002054270608204975015177310252552492801033535736947427739916", "price": "0.03", "size": "1000", "side": "BUY", "hash": "62e2af117076db83b4287992f98c802444a1b348", "best_bid": "0.25", "best_ask": "0.28"}, {"asset_id": "70607365578300482431473480282130342587147903158414706671134754952655661874513", "price": "0.97", "size": "1000", "side": "SELL", "hash": "a2a38133efcbb79bface05700265f0b1324b5075", "best_bid": "0.72", "best_ask": "0.75"}], "timestamp": "1769384641954", "event_type": "price_change"}}
{"_local_timestamp": "2026-01-25T23:44:03.574493+00:00", "data": {"market": "0x880c90fdd47a9ec52426bb51438e696dae0c38f6c927f362c05f55b82c6d6542", "price_changes": [{"asset_id": "76450991427038465002054270608204975015177310252552492801033535736947427739916", "price": "0.02", "size": "11.1", "side": "BUY", "hash": "df400fa20cdd4675718aca53ec296584ecdc0de9", "best_bid": "0.25", "best_ask": "0.28"}, {"asset_id": "70607365578300482431473480282130342587147903158414706671134754952655661874513", "price": "0.98", "size": "11.1", "side": "SELL", "hash": "b5e91d3f4da9ae218077c6b825818634213da69c", "best_bid": "0.72", "best_ask": "0.75"}], "timestamp": "1769384643494", "event_type": "price_change"}}
{"_local_timestamp": "2026-01-25T23:45:57.243483+00:00", "data": {"market": "0x880c90fdd47a9ec52426bb51438e696dae0c38f6c927f362c05f55b82c6d6542", "price_changes": [{"asset_id": "76450991427038465002054270608204975015177310252552492801033535736947427739916", "price": "0.03", "size": "700", "side": "BUY", "hash": "d331009a21b47e671351af3d2277c33b159eb116", "best_bid": "0.25", "best_ask": "0.28"}, {"asset_id": "70607365578300482431473480282130342587147903158414706671134754952655661874513", "price": "0.97", "size": "700", "side": "SELL", "hash": "8cf6ba8111ec1e4d3fda622b6d0d27a01dc4dcda", "best_bid": "0.72", "best_ask": "0.75"}], "timestamp": "1769384756842", "event_type": "price_change"}}
{"_local_timestamp": "2026-01-25T23:46:59.840495+00:00", "data": {"market": "0x880c90fdd47a9ec52426bb51438e696dae0c38f6c927f362c05f55b82c6d6542", "price_changes": [{"asset_id": "76450991427038465002054270608204975015177310252552492801033535736947427739916", "price": "0.07", "size": "306.35", "side": "BUY", "hash": "2ea313d86fff9fe8c6b6180d3561479ed5eb5428", "best_bid": "0.25", "best_ask": "0.28"}, {"asset_id": "70607365578300482431473480282130342587147903158414706671134754952655661874513", "price": "0.93", "size": "306.35", "side": "SELL", "hash": "ae4c7fe02d5e8d01e1a7afdf1cc75e4f4698a19e", "best_bid": "0.72", "best_ask": "0.75"}], "timestamp": "1769384819697", "event_type": "price_change"}}
{"_local_timestamp": "2026-01-25T23:47:19.097925+00:00", "data": {"market": "0x880c90fdd47a9ec52426bb51438e696dae0c38f6c927f362c05f55b82c6d6542", "price_changes": [{"asset_id": "76450991427038465002054270608204975015177310252552492801033535736947427739916", "price": "0.03", "size": "0", "side": "BUY", "hash": "bf13431fe14fcd29ab76170098582cfbeb65c916", "best_bid": "0.25", "best_ask": "0.28"}, {"asset_id": "70607365578300482431473480282130342587147903158414706671134754952655661874513", "price": "0.97", "size": "0", "side": "SELL", "hash": "beb2df42931d281af30ac6b7f65aa7224bd038ee", "best_bid": "0.72", "best_ask": "0.75"}], "timestamp": "1769384838781", "event_type": "price_change"}}
{"_local_timestamp": "2026-01-25T23:47:19.517150+00:00", "data": {"market": "0x880c90fdd47a9ec52426bb51438e696dae0c38f6c927f362c05f55b82c6d6542", "price_changes": [{"asset_id": "76450991427038465002054270608204975015177310252552492801033535736947427739916", "price": "0.02", "size": "711.1", "side": "BUY", "hash": "c227ab68f4006a958cc845db484b95652f9b26fb", "best_bid": "0.25", "best_ask": "0.28"}, {"asset_id": "70607365578300482431473480282130342587147903158414706671134754952655661874513", "price": "0.98", "size": "711.1", "side": "SELL", "hash": "01a5d19e0e0f734e5d22d9a5148beb81130d5c84", "best_bid": "0.72", "best_ask": "0.75"}], "timestamp": "1769384839125", "event_type": "price_change"}}
