{"_local_timestamp": "2026-01-25T23:34:34.899378+00:00", "data": [{"market": "0xe8e46f5983c22fa68c06681f8a6dbd269f7bc939183d8991ce21e8cda6503d9a", "asset_id": "7808007110630270831551199246884827201313737865765590547242278165596169501914", "timestamp": "1769383725965", "hash": "a0a40a32fdee2c0bab3dfa16c9768c8970d59241", "bids": [{"price": "0.01", "size": "414.79"}, {"price": "0.02", "size": "26.16"}, {"price": "0.04", "size": "31"}, {"price": "0.05", "size": "80"}, {"price": "0.06", "size": "43.95"}], "asks": [{"price": "0.99", "size": "424.83"}, {"price": "0.98", "size": "58.12"}, {"price": "0.97", "size": "6.42"}, {"price": "0.96", "size": "133"}, {"price": "0.95", "size": "77.93"}], "event_type": "book", "last_trade_price": ""}, {"market": "0x1e1312dc053f1a963f731cd1d2670108c14bdc700fd03b1808b77d870cc82da8", "asset_id": "15945780349927074443797145567550967150856439193951662654304839704412061854475", "timestamp": "1769383730229", "hash": "6ce51c43d89e94a9f09c4caeea4caf68d3bef7a8", "bids": [{"price": "0.01", "size": "276.93"}, {"price": "0.02", "size": "150.79"}, {"price": "0.03", "size": "15.83"}, {"price": "0.04", "size": "5.47"}], "asks": [{"price": "0.99", "size": "285.01"}, {"price": "0.98", "size": "32.49"}], "event_type": "book", "last_trade_price": ""}, {"market": "0xc5af8923c06cb42553e4b14bc95064899f8189e6291bd415b09c1323a487939a", "asset_id": "108657127662267899028133494791527119027796045442436066215429610216382185728436", "timestamp": "1769383728009", "hash": "d61d62d80af04935e4ad3aaf6a9dec757565cc5f", "bids": [{"price": "0.01", "size": "276.93"}, {"price": "0.02", "size": "150.79"}, {"price": "0.03", "size": "15.83"}, {"price": "0.04", "size": "5.47"}], "asks": [{"price": "0.99", "size": "285.01"}, {"price": "0.98", "size": "32.49"}], "event_type": "book", "last_trade_price": ""}, {"market": "0xd9f8977f85067f928e1f821fe517283d83ef1d36e1afbf5933d9fd586b96c108", "asset_id": "47111037215654270356757030062519738555357542779734781923474897515321433084252", "timestamp": "1769383729131", "hash": "2e2faba5129d60e588dabc6c464abdc8329f5587", "bids": [{"price": "0.01", "size": "276.93"}, {"price": "0.02", "size": "150.79"}, {"price": "0.03", "size": "15.83"}, {"price": "0.04", "size": "5.47"}], "asks": [{"price": "0.99", "size": "285.01"}, {"price": "0.98", "size": "32.49"}], "event_type": "book", "last_trade_price": ""}, {"market": "0xc5af8923c06cb42553e4b14bc95064899f8189e6291bd415b09c1323a487939a", "asset_id": "83189808803537564782742707153580843654323595560995787456991554504312996409693", "timestamp": "1769383728009", "hash": "60230a492f531a639adbca30a45cbd07edffc930", "bids": [{"price": "0.01", "size": "285.01"}, {"price": "0.02", "size": "32.49"}], "asks": [{"price": "0.99", "size": "276.93"}, {"price": "0.98", "size": "150.79"}, {"price": "0.97", "size": "15.83"}, {"price": "0.96", "size": "5.47"}], "event_type": "book", "last_trade_price": ""}, {"market": "0xd9f8977f85067f928e1f821fe517283d83ef1d36e1afbf5933d9fd586b96c108", "asset_id": "102288605511457859072620702962586196342058509309154277783639696123722455995225", "timestamp": "1769383729131", "hash": "d9e3b7399e2c9d288bf1ed9792937b30945ae424", "bids": [{"price": "0.01", "size": "285.01"}, {"price": "0.02", "size": "32.49"}], "asks": [{"price": "0.99", "size": "276.93"}, {"price": "0.98", "size": "150.79"}, {"price": "0.97", "size": "15.83"}, {"price": "0.96", "size": "5.47"}], "event_type": "book", "last_trade_price": ""}, {"market": "0x1e1312dc053f1a963f731cd1d2670108c14bdc700fd03b1808b77d870cc82da8", "asset_id": "15732321847611741252957291286360980603534110150337687720599669537928584869489", "timestamp": "1769383730229", "hash": "1bafcf40d6937db07cbceb819df6d1a9971aea8e", "bids": [{"price": "0.01", "size": "285.01"}, {"price": "0.02", "size": "32.49"}], "asks": [{"price": "0.99", "size": "276.93"}, {"price": "0.98", "size": "150.79"}, {"price": "0.97", "size": "15.83"}, {"price": "0.96", "size": "5.47"}], "event_type": "book", "last_trade_price": ""}, {"market": "0xe8e46f5983c22fa68c06681f8a6dbd269f7bc939183d8991ce21e8cda6503d9a", "asset_id": "49525585791667531781998504912209687750703304154649922297076875115539970708114", "timestamp": "1769383725965", "hash": "d9817691bddcbca9846c39993274dab21aa963b5", "bids": [{"price": "0.01", "size": "424.83"}, {"price": "0.02", "size": "58.12"}, {"price": "0.03", "size": "6.42"}, {"price": "0.04", "size": "133"}, {"price": "0.05", "size": "77.93"}], "asks": [{"price": "0.99", "size": "414.79"}, {"price": "0.98", "size": "26.16"}, {"price": "0.96", "size": "31"}, {"price": "0.95", "size": "80"}, {"price": "0.94", "size": "43.95"}], "event_type": "book", "last_trade_price": ""}, {"market": "0x8b31d5181ead5a2b2525378f7c83ff1fe5b44844b1047cb8825c8611d8eac10a", "asset_id": "14510748841034223947510016727384852737169431192992274095319511449961433743225", "timestamp": "1769383727086", "hash": "419ef7b3d7d1af10d0bafeb6c0848841db89a6d0", "bids": [{"price": "0.01", "size": "276.93"}, {"price": "0.02", "size": "150.79"}, {"price": "0.03", "size": "15.83"}, {"price": "0.04", "size": "5.47"}], "asks": [{"price": "0.99", "size": "285.01"}, {"price": "0.98", "size": "32.49"}], "event_type": "book", "last_trade_price": ""}, {"market": "0x8b31d5181ead5a2b2525378f7c83ff1fe5b44844b1047cb8825c8611d8eac10a", "asset_id": "29050569160570267152326768980449260655128051756277482238059065741337224817828", "timestamp": "1769383727086", "hash": "a08f1d8ed2e28b1522d9fdc26346366085d3afe0", "bids": [{"price": "0.01", "size": "285.01"}, {"price": "0.02", "size": "32.49"}], "asks": [{"price": "0.99", "size": "276.93"}, {"price": "0.98", "size": "150.79"}, {"price": "0.97", "size": "15.83"}, {"price": "0.96", "size": "5.47"}], "event_type": "book", "last_trade_price": ""}]}
