{"_local_timestamp": "2026-01-25T23:41:38.017991+00:00", "data": [{"market": "0x318d88b1e0fec4a167e4fbad5f93220fb47f8d1b99d55074e632882c55825de0", "asset_id": "36034196294575396747091899557178321509131044308250907471079112648988975868103", "timestamp": "1769384424960", "hash": "f58422e5086d73b4413c297714db83c60d3cee8b", "bids": [{"price": "0.01", "size": "4015.21"}, {"price": "0.02", "size": "700"}, {"price": "0.03", "size": "6.95"}, {"price": "0.05", "size": "520"}, {"price": "0.06", "size": "7.63"}, {"price": "0.12", "size": "208.33"}, {"price": "0.15", "size": "73.33"}, {"price": "0.16", "size": "36"}, {"price": "0.18", "size": "6.56"}, {"price": "0.63", "size": "200"}, {"price": "0.65", "size": "132.8"}, {"price": "0.66", "size": "116.2"}], "asks": [{"price": "0.99", "size": "50"}, {"price": "0.98", "size": "710.13"}, {"price": "0.94", "size": "216.66"}, {"price": "0.93", "size": "6.62"}, {"price": "0.9", "size": "588"}, {"price": "0.79", "size": "10"}, {"price": "0.78", "size": "50"}, {"price": "0.75", "size": "50"}, {"price": "0.73", "size": "132.8"}, {"price": "0.72", "size": "266.2"}], "event_type": "book", "last_trade_price": ""}, {"market": "0xd6fb9e911c34d23ed97c4800876292c8d7a22d3cbf616a3235351ad701c22940", "asset_id": "95712314720470422860417047941166805429193420272148910879936042379855416878837", "timestamp": "1769384424962", "hash": "00289b843f0ccb36fbc21c0b2b6ff4a92dc65ca4", "bids": [{"price": "0.01", "size": "4014.97"}, {"price": "0.02", "size": "700"}, {"price": "0.03", "size": "6.84"}, {"price": "0.05", "size": "520"}, {"price": "0.06", "size": "7.51"}, {"price": "0.12", "size": "208.33"}, {"price": "0.15", "size": "73.33"}, {"price": "0.16", "size": "36"}, {"price": "0.17", "size": "7.02"}, {"price": "0.67", "size": "150"}, {"price": "0.68", "size": "50"}, {"price": "0.7", "size": "132.8"}, {"price": "0.71", "size": "116.2"}], "asks": [{"price": "0.99", "size": "55.71"}, {"price": "0.98", "size": "700"}, {"price": "0.97", "size": "5.66"}, {"price": "0.94", "size": "216.66"}, {"price": "0.93", "size": "6.27"}, {"price": "0.92", "size": "68.75"}, {"price": "0.9", "size": "600"}, {"price": "0.82", "size": "10"}, {"price": "0.8", "size": "50"}, {"price": "0.78", "size": "132.8"}, {"price": "0.77", "size": "116.2"}, {"price": "0.76", "size": "150"}], "event_type": "book", "last_trade_price": ""}, {"market": "0x4ef0d36ad1b3ad6757ccc2a185acc647d301128dd1bbc919caf12164bd21ea00", "asset_id": "17982574177154545213253608716471419910707958735240396006685377462262669512257", "timestamp": "1769384424961", "hash": "edb39d58a3a9fb98a4cadaf8b60e9d260371f44e", "bids": [{"price": "0.01", "size": "50"}, {"price": "0.02", "size": "707.1"}, {"price": "0.05", "size": "500"}, {"price": "0.07", "size": "7.49"}, {"price": "0.09", "size": "450"}, {"price": "0.3", "size": "10"}, {"price": "0.31", "size": "41.93"}, {"price": "0.32", "size": "34.37"}, {"price": "0.37", "size": "50"}, {"price": "0.39", "size": "282.8"}, {"price": "0.4", "size": "116.2"}], "asks": [{"price": "0.99", "size": "3866.07"}, {"price": "0.98", "size": "700"}, {"price": "0.97", "size": "7.35"}, {"price": "0.95", "size": "500"}, {"price": "0.94", "size": "8.07"}, {"price": "0.88", "size": "208.33"}, {"price": "0.85", "size": "73.33"}, {"price": "0.84", "size": "36"}, {"price": "0.83", "size": "6.67"}, {"price": "0.49", "size": "50"}, {"price": "0.48", "size": "150"}, {"price": "0.47", "size": "132.8"}, {"price": "0.46", "size": "116.2"}], "event_type": "book", "last_trade_price": ""}, {"market": "0x4ef0d36ad1b3ad6757ccc2a185acc647d301128dd1bbc919caf12164bd21ea00", "asset_id": "29885799276188803037126187994550969655445157943298204776746802164318924926638", "timestamp": "1769384424961", "hash": "61517016303395ddeeff4efe65820bca8f85ea8a", "bids": [{"price": "0.01", "size": "3866.07"}, {"price": "0.02", "size": "700"}, {"price": "0.03", "size": "7.35"}, {"price": "0.05", "size": "500"}, {"price": "0.06", "size": "8.07"}, {"price": "0.12", "size": "208.33"}, {"price": "0.15", "size": "73.33"}, {"price": "0.16", "size": "36"}, {"price": "0.17", "size": "6.67"}, {"price": "0.51", "size": "50"}, {"price": "0.52", "size": "150"}, {"price": "0.53", "size": "132.8"}, {"price": "0.54", "size": "116.2"}], "asks": [{"price": "0.99", "size": "50"}, {"price": "0.98", "size": "707.1"}, {"price": "0.95", "size": "500"}, {"price": "0.93", "size": "7.49"}, {"price": "0.91", "size": "450"}, {"price": "0.7", "size": "10"}, {"price": "0.69", "size": "41.93"}, {"price": "0.68", "size": "34.37"}, {"price": "0.63", "size": "50"}, {"price": "0.61", "size": "282.8"}, {"price": "0.6", "size": "116.2"}], "event_type": "book", "last_trade_price": ""}, {"market": "0x318d88b1e0fec4a167e4fbad5f93220fb47f8d1b99d55074e632882c55825de0", "asset_id": "19848033335840325528813496120771301319297025886594651422391372037099209477054", "timestamp": "1769384424960", "hash": "9f999e7d72f5ec1d7f7834806f0e7b56145373c3", "bids": [{"price": "0.01", "size": "50"}, {"price": "0.02", "size": "710.13"}, {"price": "0.06", "size": "216.66"}, {"price": "0.07", "size": "6.62"}, {"price": "0.1", "size": "588"}, {"price": "0.21", "size": "10"}, {"price": "0.22", "size": "50"}, {"price": "0.25", "size": "50"}, {"price": "0.27", "size": "132.8"}, {"price": "0.28", "size": "266.2"}], "asks": [{"price": "0.99", "size": "4015.21"}, {"price": "0.98", "size": "700"}, {"price": "0.97", "size": "6.95"}, {"price": "0.95", "size": "520"}, {"price": "0.94", "size": "7.63"}, {"price": "0.88", "size": "208.33"}, {"price": "0.85", "size": "73.33"}, {"price": "0.84", "size": "36"}, {"price": "0.82", "size": "6.56"}, {"price": "0.37", "size": "200"}, {"price": "0.35", "size": "132.8"}, {"price": "0.34", "size": "116.2"}], "event_type": "book", "last_trade_price": ""}, {"market": "0xd6fb9e911c34d23ed97c4800876292c8d7a22d3cbf616a3235351ad701c22940", "asset_id": "11325758388437955372305375986973720378423634739323098619627896752732492531600", "timestamp": "1769384424962", "hash": "513480dc0281a11982382802ef9467b64596f50b", "bids": [{"price": "0.01", "size": "55.71"}, {"price": "0.02", "size": "700"}, {"price": "0.03", "size": "5.66"}, {"price": "0.06", "size": "216.66"}, {"price": "0.07", "size": "6.27"}, {"price": "0.08", "size": "68.75"}, {"price": "0.1", "size": "600"}, {"price": "0.18", "size": "10"}, {"price": "0.2", "size": "50"}, {"price": "0.22", "size": "132.8"}, {"price": "0.23", "size": "116.2"}, {"price": "0.24", "size": "150"}], "asks": [{"price": "0.99", "size": "4014.97"}, {"price": "0.98", "size": "700"}, {"price": "0.97", "size": "6.84"}, {"price": "0.95", "size": "520"}, {"price": "0.94", "size": "7.51"}, {"price": "0.88", "size": "208.33"}, {"price": "0.85", "size": "73.33"}, {"price": "0.84", "size": "36"}, {"price": "0.83", "size": "7.02"}, {"price": "0.33", "size": "150"}, {"price": "0.32", "size": "50"}, {"price": "0.3", "size": "132.8"}, {"price": "0.29", "size": "116.2"}], "event_type": "book", "last_trade_price": ""}]}
{"_local_timestamp": "2026-01-25T23:42:55.106986+00:00", "data": {"market": "0x318d88b1e0fec4a167e4fbad5f93220fb47f8d1b99d55074e632882c55825de0", "price_changes": [{"asset_id": "36034196294575396747091899557178321509131044308250907471079112648988975868103", "price": "0.18", "size": "0", "side": "BUY", "hash": "80241070d1e2c5aa92c5c79f9b8e0c7daeadcebd", "best_bid": "0.66", "best_ask": "0.72"}, {"asset_id": "19848033335840325528813496120771301319297025886594651422391372037099209477054", "price": "0.82", "size": "0", "side": "SELL", "hash": "bb4c699c4411ef20f383b5a93261b294a2bc5d02", "best_bid": "0.28", "best_ask": "0.34"}], "timestamp": "1769384574971", "event_type": "price_change"}}
{"_local_timestamp": "2026-01-25T23:42:55.581873+00:00", "data": {"market": "0x4ef0d36ad1b3ad6757ccc2a185acc647d301128dd1bbc919caf12164bd21ea00", "price_changes": [{"asset_id": "29885799276188803037126187994550969655445157943298204776746802164318924926638", "price": "0.17", "size": "0", "side": "BUY", "hash": "986f1882a15191a5731abdf9447f4c3136e67904", "best_bid": "0.54", "best_ask": "0.6"}, {"asset_id": "17982574177154545213253608716471419910707958735240396006685377462262669512257", "price": "0.83", "size": "0", "side": "SELL", "hash": "fbd1858bdbaf0f61bd697366390f2cbaeee03b06", "best_bid": "0.4", "best_ask": "0.46"}], "timestamp": "1769384575447", "event_type": "price_change"}}
{"_local_timestamp": "2026-01-25T23:42:55.583660+00:00", "data": {"market": "0xd6fb9e911c34d23ed97c4800876292c8d7a22d3cbf616a3235351ad701c22940", "price_changes": [{"asset_id": "95712314720470422860417047941166805429193420272148910879936042379855416878837", "price": "0.17", "size": "0", "side": "BUY", "hash": "f01b25648d0beb8c98cb9af173be3e804911551b", "best_bid": "0.71", "best_ask": "0.76"}, {"asset_id": "11325758388437955372305375986973720378423634739323098619627896752732492531600", "price": "0.83", "size": "0", "side": "SELL", "hash": "97084667de92dacf3d133f5e1296af23743189a0", "best_bid": "0.24", "best_ask": "0.29"}], "timestamp": "1769384575447", "event_type": "price_change"}}
{"_local_timestamp": "2026-01-25T23:42:56.587618+00:00", "data": {"market": "0xd6fb9e911c34d23ed97c4800876292c8d7a22d3cbf616a3235351ad701c22940", "price_changes": [{"asset_id": "95712314720470422860417047941166805429193420272148910879936042379855416878837", "price": "0.17", "size": "7.02", "side": "BUY", "hash": "18fed5207463fc8362fdf118cd8c0627464c9185", "best_bid": "0.71", "best_ask": "0.76"}, {"asset_id": "11325758388437955372305375986973720378423634739323098619627896752732492531600", "price": "0.83", "size": "7.02", "side": "SELL", "hash": "a2061f903e62fa2749679ac6fdff9190c7311084", "best_bid": "0.24", "best_ask": "0.29"}], "timestamp": "1769384576445", "event_type": "price_change"}}
{"_local_timestamp": "2026-01-25T23:42:56.588169+00:00", "data": {"market": "0x4ef0d36ad1b3ad6757ccc2a185acc647d301128dd1bbc919caf12164bd21ea00", "price_changes": [{"asset_id": "29885799276188803037126187994550969655445157943298204776746802164318924926638", "price": "0.17", "size": "6.67", "side": "BUY", "hash": "76164734c1bd016c5bce45b01cb0c83a754894fd", "best_bid": "0.54", "best_ask": "0.6"}, {"asset_id": "17982574177154545213253608716471419910707958735240396006685377462262669512257", "price": "0.83", "size": "6.67", "side": "SELL", "hash": "507630b1ca14ab009e6794796a38209499da32a9", "best_bid": "0.4", "best_ask": "0.46"}], "timestamp": "1769384576445", "event_type": "price_change"}}
{"_local_timestamp": "2026-01-25T23:42:57.039669+00:00", "data": {"market": "0x318d88b1e0fec4a167e4fbad5f93220fb47f8d1b99d55074e632882c55825de0", "price_changes": [{"asset_id": "36034196294575396747091899557178321509131044308250907471079112648988975868103", "price": "0.17", "size": "6.95", "side": "BUY", "hash": "11ccee08cef6e06df4714f12dee9b64b87b3632f", "best_bid": "0.66", "best_ask": "0.72"}, {"asset_id": "19848033335840325528813496120771301319297025886594651422391372037099209477054", "price": "0.83", "size": "6.95", "side": "SELL", "hash": "7e20a6a85b5bcb084122453cb61b3bd16c7692af", "best_bid": "0.28", "best_ask": "0.34"}], "timestamp": "1769384576892", "event_type": "price_change"}}
{"_local_timestamp": "2026-01-25T23:43:08.154766+00:00", "data": {"market": "0x4ef0d36ad1b3ad6757ccc2a185acc647d301128dd1bbc919caf12164bd21ea00", "price_changes": [{"asset_id": "29885799276188803037126187994550969655445157943298204776746802164318924926638", "price": "0.52", "size": "0", "side": "BUY", "hash": "52643be8be62e52f3a395166b9fa74a51208cb43", "best_bid": "0.54", "best_ask": "0.6"}, {"asset_id": "17982574177154545213253608716471419910707958735240396006685377462262669512257", "price": "0.48", "size": "0", "side": "SELL", "hash": "cdb6e6bf6368368516925fb74dcb2f1b6321ce34", "best_bid": "0.4", "best_ask": "0.46"}], "timestamp": "1769384588000", "event_type": "price_change"}}
{"_local_timestamp": "2026-01-25T23:43:08.213117+00:00", "data": {"market": "0x4ef0d36ad1b3ad6757ccc2a185acc647d301128dd1bbc919caf12164bd21ea00", "price_changes": [{"asset_id": "17982574177154545213253608716471419910707958735240396006685377462262669512257", "price": "0.39", "size": "132.8", "side": "BUY", "hash": "65a6261aaf4da9773f210546a928c900e633a0fd", "best_bid": "0.4", "best_ask": "0.46"}, {"asset_id": "29885799276188803037126187994550969655445157943298204776746802164318924926638", "price": "0.61", "size": "132.8", "side": "SELL", "hash": "07cf4c614c3bdd318961f4b37a56fa251bf42b9b", "best_bid": "0.54", "best_ask": "0.6"}], "timestamp": "1769384588004", "event_type": "price_change"}}
{"_local_timestamp": "2026-01-25T23:43:13.633342+00:00", "data": {"market": "0x4ef0d36ad1b3ad6757ccc2a185acc647d301128dd1bbc919caf12164bd21ea00", "price_changes": [{"asset_id": "17982574177154545213253608716471419910707958735240396006685377462262669512257", "price": "0.39", "size": "282.8", "side": "BUY", "hash": "d05228b5e764bbee54bf1f1c744fa5c2e3515438", "best_bid": "0.4", "best_ask": "0.46"}, {"asset_id": "29885799276188803037126187994550969655445157943298204776746802164318924926638", "price": "0.61", "size": "282.8", "side": "SELL", "hash": "4807885e74238297afb36396b3ec274a4c2eb770", "best_bid": "0.54", "best_ask": "0.6"}], "timestamp": "1769384593499", "event_type": "price_change"}}
{"_local_timestamp": "2026-01-25T23:43:13.641618+00:00", "data": {"market": "0x4ef0d36ad1b3ad6757ccc2a185acc647d301128dd1bbc919caf12164bd21ea00", "price_changes": [{"asset_id": "29885799276188803037126187994550969655445157943298204776746802164318924926638", "price": "0.52", "size": "150", "side": "BUY", "hash": "27699e2c7813209d5ec585367a307d95c2ab523e", "best_bid": "0.54", "best_ask": "0.6"}, {"asset_id": "17982574177154545213253608716471419910707958735240396006685377462262669512257", "price": "0.48", "size": "150", "side": "SELL", "hash": "195c26db2fa229d6ba1ab9ecfa66b38b97575be5", "best_bid": "0.4", "best_ask": "0.46"}], "timestamp": "1769384593501", "event_type": "price_change"}}
{"_local_timestamp": "2026-01-25T23:44:02.551528+00:00", "data": {"market": "0x4ef0d36ad1b3ad6757ccc2a185acc647d301128dd1bbc919caf12164bd21ea00", "price_changes": [{"asset_id": "17982574177154545213253608716471419910707958735240396006685377462262669512257", "price": "0.07", "size": "0", "side": "BUY", "hash": "a0d186978fed1613f447d82d28ec85830f7d93aa", "best_bid": "0.4", "best_ask": "0.46"}, {"asset_id": "29885799276188803037126187994550969655445157943298204776746802164318924926638", "price": "0.93", "size": "0", "side": "SELL", "hash": "ea36d6b15b0060a3f93742c518de113b2b7d4de4", "best_bid": "0.54", "best_ask": "0.6"}], "timestamp": "1769384642416", "event_type": "price_change"}}
{"_local_timestamp": "2026-01-25T23:44:05.044231+00:00", "data": {"market": "0x4ef0d36ad1b3ad6757ccc2a185acc647d301128dd1bbc919caf12164bd21ea00", "price_changes": [{"asset_id": "17982574177154545213253608716471419910707958735240396006685377462262669512257", "price": "0.06", "size": "8.74", "side": "BUY", "hash": "344cf624d2d02a73229d6dac414498d429cdea36", "best_bid": "0.4", "best_ask": "0.46"}, {"asset_id": "29885799276188803037126187994550969655445157943298204776746802164318924926638", "price": "0.94", "size": "8.74", "side": "SELL", "hash": "74e87917b7048eb4bb205a01770a6eb44023e9da", "best_bid": "0.54", "best_ask": "0.6"}], "timestamp": "1769384644898", "event_type": "price_change"}}
{"_local_timestamp": "2026-01-25T23:45:57.223210+00:00", "data": {"market": "0x4ef0d36ad1b3ad6757ccc2a185acc647d301128dd1bbc919caf12164bd21ea00", "price_changes": [{"asset_id": "17982574177154545213253608716471419910707958735240396006685377462262669512257", "price": "0.09", "size": "300", "side": "BUY", "hash": "3107b6d33ef2865472758845b1713a45405ce4d9", "best_bid": "0.4", "best_ask": "0.46"}, {"asset_id": "29885799276188803037126187994550969655445157943298204776746802164318924926638", "price": "0.91", "size": "300", "side": "SELL", "hash": "493896b8b1bd9f5f7496411074ea54e99a7c26d0", "best_bid": "0.54", "best_ask": "0.6"}], "timestamp": "1769384756836", "event_type": "price_change"}}
{"_local_timestamp": "2026-01-25T23:45:57.231591+00:00", "data": {"market": "0xd6fb9e911c34d23ed97c4800876292c8d7a22d3cbf616a3235351ad701c22940", "price_changes": [{"asset_id": "11325758388437955372305375986973720378423634739323098619627896752732492531600", "price": "0.1", "size": "300", "side": "BUY", "hash": "3b481b5f4940388e36de34534dcd22523de294dd", "best_bid": "0.24", "best_ask": "0.29"}, {"asset_id": "95712314720470422860417047941166805429193420272148910879936042379855416878837", "price": "0.9", "size": "300", "side": "SELL", "hash": "c280545a80078049eba20f226f7bbdbe94806a7d", "best_bid": "0.71", "best_ask": "0.76"}], "timestamp": "1769384756838", "event_type": "price_change"}}
{"_local_timestamp": "2026-01-25T23:45:57.242700+00:00", "data": {"market": "0x318d88b1e0fec4a167e4fbad5f93220fb47f8d1b99d55074e632882c55825de0", "price_changes": [{"asset_id": "19848033335840325528813496120771301319297025886594651422391372037099209477054", "price": "0.1", "size": "300", "side": "BUY", "hash": "df1d05f17641fc177e24a849a0b1a471011101bf", "best_bid": "0.28", "best_ask": "0.34"}, {"asset_id": "36034196294575396747091899557178321509131044308250907471079112648988975868103", "price": "0.9", "size": "300", "side": "SELL", "hash": "1d6e358f370704f14fad0162170209860fc4bcf8", "best_bid": "0.66", "best_ask": "0.72"}], "timestamp": "1769384756841", "event_type": "price_change"}}
{"_local_timestamp": "2026-01-25T23:46:59.775354+00:00", "data": {"market": "0xd6fb9e911c34d23ed97c4800876292c8d7a22d3cbf616a3235351ad701c22940", "price_changes": [{"asset_id": "11325758388437955372305375986973720378423634739323098619627896752732492531600", "price": "0.11", "size": "300", "side": "BUY", "hash": "a886124ad73ac2fd1aedd93b1ff3f6998ced38cc", "best_bid": "0.24", "best_ask": "0.29"}, {"asset_id": "95712314720470422860417047941166805429193420272148910879936042379855416878837", "price": "0.89", "size": "300", "side": "SELL", "hash": "3a3c095553a9f3e4cac21b2b22ac9307064e6056", "best_bid": "0.71", "best_ask": "0.76"}], "timestamp": "1769384819697", "event_type": "price_change"}}
{"_local_timestamp": "2026-01-25T23:46:59.776870+00:00", "data": {"market": "0x318d88b1e0fec4a167e4fbad5f93220fb47f8d1b99d55074e632882c55825de0", "price_changes": [{"asset_id": "19848033335840325528813496120771301319297025886594651422391372037099209477054", "price": "0.11", "size": "294", "side": "BUY", "hash": "427df24350521aa4ac00d30658f25b5e1c825440", "best_bid": "0.28", "best_ask": "0.34"}, {"asset_id": "36034196294575396747091899557178321509131044308250907471079112648988975868103", "price": "0.89", "size": "294", "side": "SELL", "hash": "5563cd43c7cb4291a335cf0e7f4752baecfdaeaa", "best_bid": "0.66", "best_ask": "0.72"}], "timestamp": "1769384819698", "event_type": "price_change"}}
{"_local_timestamp": "2026-01-25T23:46:59.777252+00:00", "data": {"market": "0x4ef0d36ad1b3ad6757ccc2a185acc647d301128dd1bbc919caf12164bd21ea00", "price_changes": [{"asset_id": "17982574177154545213253608716471419910707958735240396006685377462262669512257", "price": "0.1", "size": "225", "side": "BUY", "hash": "6dd1c4b4eed2e6abd6db533ac8b56d302c978db7", "best_bid": "0.4", "best_ask": "0.46"}, {"asset_id": "29885799276188803037126187994550969655445157943298204776746802164318924926638", "price": "0.9", "size": "225", "side": "SELL", "hash": "b49ddf4d0a408cea058c09d9a604e995b37d6a96", "best_bid": "0.54", "best_ask": "0.6"}], "timestamp": "1769384819699", "event_type": "price_change"}}
{"_local_timestamp": "2026-01-25T23:47:18.978287+00:00", "data": {"market": "0xd6fb9e911c34d23ed97c4800876292c8d7a22d3cbf616a3235351ad701c22940", "price_changes": [{"asset_id": "11325758388437955372305375986973720378423634739323098619627896752732492531600", "price": "0.1", "size": "0", "side": "BUY", "hash": "0586ebee95b530b33aeab1f677c74e5b687d1a4e", "best_bid": "0.24", "best_ask": "0.29"}, {"asset_id": "95712314720470422860417047941166805429193420272148910879936042379855416878837", "price": "0.9", "size": "0", "side": "SELL", "hash": "254a07f6694921a3edaf8a884dd61c891db4fac9", "best_bid": "0.71", "best_ask": "0.76"}], "timestamp": "1769384838781", "event_type": "price_change"}}
{"_local_timestamp": "2026-01-25T23:47:18.978870+00:00", "data": {"market": "0x318d88b1e0fec4a167e4fbad5f93220fb47f8d1b99d55074e632882c55825de0", "price_changes": [{"asset_id": "19848033335840325528813496120771301319297025886594651422391372037099209477054", "price": "0.1", "size": "0", "side": "BUY", "hash": "0bf72ec021db3882f04f7b35788b403858d4c539", "best_bid": "0.28", "best_ask": "0.34"}, {"asset_id": "36034196294575396747091899557178321509131044308250907471079112648988975868103", "price": "0.9", "size": "0", "side": "SELL", "hash": "e2a11de814706660038395bc6752812db4b08360", "best_bid": "0.66", "best_ask": "0.72"}], "timestamp": "1769384838781", "event_type": "price_change"}}
{"_local_timestamp": "2026-01-25T23:47:18.986251+00:00", "data": {"market": "0x4ef0d36ad1b3ad6757ccc2a185acc647d301128dd1bbc919caf12164bd21ea00", "price_changes": [{"asset_id": "17982574177154545213253608716471419910707958735240396006685377462262669512257", "price": "0.09", "size": "0", "side": "BUY", "hash": "0d094c37ff3222ec71404d0bbfb6637c43bf22b2", "best_bid": "0.4", "best_ask": "0.46"}, {"asset_id": "29885799276188803037126187994550969655445157943298204776746802164318924926638", "price": "0.91", "size": "0", "side": "SELL", "hash": "e0d985fbcdfe37d1ee655554b0d55d16245977fd", "best_bid": "0.54", "best_ask": "0.6"}], "timestamp": "1769384838781", "event_type": "price_change"}}
{"_local_timestamp": "2026-01-25T23:47:19.247007+00:00", "data": {"market": "0xd6fb9e911c34d23ed97c4800876292c8d7a22d3cbf616a3235351ad701c22940", "price_changes": [{"asset_id": "11325758388437955372305375986973720378423634739323098619627896752732492531600", "price": "0.06", "size": "716.66", "side": "BUY", "hash": "f85e9f7ceedbb0f4d0f2ac377c9cee847e47ee5f", "best_bid": "0.24", "best_ask": "0.29"}, {"asset_id": "95712314720470422860417047941166805429193420272148910879936042379855416878837", "price": "0.94", "size": "716.66", "side": "SELL", "hash": "3a5235001b21070ed7d3208d79957f83b7abb001", "best_bid": "0.71", "best_ask": "0.76"}], "timestamp": "1769384839099", "event_type": "price_change"}}
{"_local_timestamp": "2026-01-25T23:47:19.308713+00:00", "data": {"market": "0x4ef0d36ad1b3ad6757ccc2a185acc647d301128dd1bbc919caf12164bd21ea00", "price_changes": [{"asset_id": "17982574177154545213253608716471419910707958735240396006685377462262669512257", "price": "0.08", "size": "300", "side": "BUY", "hash": "17862a1fa98b5c19131fd8629de7088b713dca32", "best_bid": "0.4", "best_ask": "0.46"}, {"asset_id": "29885799276188803037126187994550969655445157943298204776746802164318924926638", "price": "0.92", "size": "300", "side": "SELL", "hash": "c77dcff253583fa8ac02280728d77b4fc8f6b503", "best_bid": "0.54", "best_ask": "0.6"}], "timestamp": "1769384839101", "event_type": "price_change"}}
{"_local_timestamp": "2026-01-25T23:47:19.312691+00:00", "data": {"market": "0x318d88b1e0fec4a167e4fbad5f93220fb47f8d1b99d55074e632882c55825de0", "price_changes": [{"asset_id": "19848033335840325528813496120771301319297025886594651422391372037099209477054", "price": "0.06", "size": "716.66", "side": "BUY", "hash": "41124a00874e05f44e9a56503b8cecb7632dca87", "best_bid": "0.28", "best_ask": "0.34"}, {"asset_id": "36034196294575396747091899557178321509131044308250907471079112648988975868103", "price": "0.94", "size": "716.66", "side": "SELL", "hash": "ea3f24cc440bbd4af7c4fd645f1aa84013aac52f", "best_bid": "0.66", "best_ask": "0.72"}], "timestamp": "1769384839101", "event_type": "price_change"}}
