{"_local_timestamp": "2026-01-25T23:41:37.913587+00:00", "data": [{"market": "0x63eef1e7ddc30871f858cb33f0951c830162d77bc255cc7e1613f726d7d9bbbd", "asset_id": "11660292538627794075658530091963206975200612713337553152269210351032664031402", "timestamp": "1769384424948", "hash": "e31a0ca76686113e14298aa26e5f0deeaeb25c90", "bids": [{"price": "0.01", "size": "50"}, {"price": "0.02", "size": "706.67"}, {"price": "0.05", "size": "500"}, {"price": "0.06", "size": "8.88"}, {"price": "0.11", "size": "362"}, {"price": "0.36", "size": "10"}, {"price": "0.37", "size": "35.13"}, {"price": "0.38", "size": "28.94"}, {"price": "0.46", "size": "200"}, {"price": "0.48", "size": "132.8"}, {"price": "0.49", "size": "116.2"}], "asks": [{"price": "0.99", "size": "3867.13"}, {"price": "0.98", "size": "700"}, {"price": "0.97", "size": "7.83"}, {"price": "0.95", "size": "500"}, {"price": "0.94", "size": "8.6"}, {"price": "0.88", "size": "208.33"}, {"price": "0.85", "size": "73.33"}, {"price": "0.84", "size": "36"}, {"price": "0.83", "size": "6.33"}, {"price": "0.58", "size": "50"}, {"price": "0.56", "size": "282.8"}, {"price": "0.55", "size": "116.2"}], "event_type": "book", "last_trade_price": ""}, {"market": "0xb3ce92190789c0a1f11bd10d4ed50f46924d23c8768443b49f42ec29ab4a268d", "asset_id": "54567718133445606979023777364376460252479537179374711014956071539694628134187", "timestamp": "1769384424949", "hash": "627f02aef7e6fd21c479dfff488a75d0927b4ffe", "bids": [{"price": "0.01", "size": "55.65"}, {"price": "0.02", "size": "700"}, {"price": "0.03", "size": "6.01"}, {"price": "0.06", "size": "216.66"}, {"price": "0.07", "size": "806.14"}, {"price": "0.08", "size": "68.75"}, {"price": "0.17", "size": "10"}, {"price": "0.18", "size": "50"}, {"price": "0.2", "size": "132.8"}, {"price": "0.21", "size": "116.2"}, {"price": "0.22", "size": "150"}], "asks": [{"price": "0.99", "size": "4014.88"}, {"price": "0.98", "size": "700"}, {"price": "0.97", "size": "6.8"}, {"price": "0.95", "size": "520"}, {"price": "0.94", "size": "7.47"}, {"price": "0.88", "size": "208.33"}, {"price": "0.85", "size": "73.33"}, {"price": "0.84", "size": "36"}, {"price": "0.83", "size": "7.05"}, {"price": "0.31", "size": "150"}, {"price": "0.3", "size": "50"}, {"price": "0.28", "size": "132.8"}, {"price": "0.27", "size": "116.2"}], "event_type": "book", "last_trade_price": ""}, {"market": "0x159f16c21dcc9bc1b14828cf2a5aebc69863351a79b727cec20933e701c4d58b", "asset_id": "41351031223955968751197364164733451373142854088425938934153152726378654855840", "timestamp": "1769383877980", "hash": "cb3b3cda27da8bc0c1bf9d85464d6b31d939c04a", "bids": [{"price": "0.01", "size": "4014.88"}, {"price": "0.02", "size": "700"}, {"price": "0.03", "size": "6.8"}, {"price": "0.05", "size": "520"}, {"price": "0.06", "size": "7.47"}, {"price": "0.12", "size": "208.33"}, {"price": "0.15", "size": "73.33"}, {"price": "0.16", "size": "36"}, {"price": "0.17", "size": "7.05"}, {"price": "0.7", "size": "150"}, {"price": "0.72", "size": "132.8"}, {"price": "0.73", "size": "116.2"}], "asks": [{"price": "0.99", "size": "50"}, {"price": "0.98", "size": "7.57"}, {"price": "0.97", "size": "1133.33"}, {"price": "0.94", "size": "91.66"}, {"price": "0.93", "size": "52.36"}, {"price": "0.84", "size": "10"}, {"price": "0.82", "size": "50"}, {"price": "0.8", "size": "132.8"}, {"price": "0.79", "size": "266.2"}], "event_type": "book", "last_trade_price": ""}, {"market": "0x159f16c21dcc9bc1b14828cf2a5aebc69863351a79b727cec20933e701c4d58b", "asset_id": "38694063949297891313853888024557125980700553528686301399287830508791715050771", "timestamp": "1769383877980", "hash": "958b82f25156eef6c09f6ae1bef48aa7e34ac342", "bids": [{"price": "0.01", "size": "50"}, {"price": "0.02", "size": "7.57"}, {"price": "0.03", "size": "1133.33"}, {"price": "0.06", "size": "91.66"}, {"price": "0.07", "size": "52.36"}, {"price": "0.16", "size": "10"}, {"price": "0.18", "size": "50"}, {"price": "0.2", "size": "132.8"}, {"price": "0.21", "size": "266.2"}], "asks": [{"price": "0.99", "size": "4014.88"}, {"price": "0.98", "size": "700"}, {"price": "0.97", "size": "6.8"}, {"price": "0.95", "size": "520"}, {"price": "0.94", "size": "7.47"}, {"price": "0.88", "size": "208.33"}, {"price": "0.85", "size": "73.33"}, {"price": "0.84", "size": "36"}, {"price": "0.83", "size": "7.05"}, {"price": "0.3", "size": "150"}, {"price": "0.28", "size": "132.8"}, {"price": "0.27", "size": "116.2"}], "event_type": "book", "last_trade_price": ""}, {"market": "0x63eef1e7ddc30871f858cb33f0951c830162d77bc255cc7e1613f726d7d9bbbd", "asset_id": "71457524868855738850555066545358268868458783577023441587811384168844622164140", "timestamp": "1769384424948", "hash": "989ac5c114dbb2ea4f71d64355d518678bdb1cc0", "bids": [{"price": "0.01", "size": "3867.13"}, {"price": "0.02", "size": "700"}, {"price": "0.03", "size": "7.83"}, {"price": "0.05", "size": "500"}, {"price": "0.06", "size": "8.6"}, {"price": "0.12", "size": "208.33"}, {"price": "0.15", "size": "73.33"}, {"price": "0.16", "size": "36"}, {"price": "0.17", "size": "6.33"}, {"price": "0.42", "size": "50"}, {"price": "0.44", "size": "282.8"}, {"price": "0.45", "size": "116.2"}], "asks": [{"price": "0.99", "size": "50"}, {"price": "0.98", "size": "706.67"}, {"price": "0.95", "size": "500"}, {"price": "0.94", "size": "8.88"}, {"price": "0.89", "size": "362"}, {"price": "0.64", "size": "10"}, {"price": "0.63", "size": "35.13"}, {"price": "0.62", "size": "28.94"}, {"price": "0.54", "size": "200"}, {"price": "0.52", "size": "132.8"}, {"price": "0.51", "size": "116.2"}], "event_type": "book", "last_trade_price": ""}, {"market": "0xb3ce92190789c0a1f11bd10d4ed50f46924d23c8768443b49f42ec29ab4a268d", "asset_id": "104685332569447508279532420582703268000193485390176927803012044179947279619608", "timestamp": "1769384424949", "hash": "53d128db5c8de2c670bbb7ae6d261dc943322b44", "bids": [{"price": "0.01", "size": "4014.88"}, {"price": "0.02", "size": "700"}, {"price": "0.03", "size": "6.8"}, {"price": "0.05", "size": "520"}, {"price": "0.06", "size": "7.47"}, {"price": "0.12", "size": "208.33"}, {"price": "0.15", "size": "73.33"}, {"price": "0.16", "size": "36"}, {"price": "0.17", "size": "7.05"}, {"price": "0.69", "size": "150"}, {"price": "0.7", "size": "50"}, {"price": "0.72", "size": "132.8"}, {"price": "0.73", "size": "116.2"}], "asks": [{"price": "0.99", "size": "55.65"}, {"price": "0.98", "size": "700"}, {"price": "0.97", "size": "6.01"}, {"price": "0.94", "size": "216.66"}, {"price": "0.93", "size": "806.14"}, {"price": "0.92", "size": "68.75"}, {"price": "0.83", "size": "10"}, {"price": "0.82", "size": "50"}, {"price": "0.8", "size": "132.8"}, {"price": "0.79", "size": "116.2"}, {"price": "0.78", "size": "150"}], "event_type": "book", "last_trade_price": ""}]}
{"_local_timestamp": "2026-01-25T23:42:58.155670+00:00", "data": {"market": "0xb3ce92190789c0a1f11bd10d4ed50f46924d23c8768443b49f42ec29ab4a268d", "price_changes": [{"asset_id": "104685332569447508279532420582703268000193485390176927803012044179947279619608", "price": "0.17", "size": "0", "side": "BUY", "hash": "35c705cf79761e67e8e77d92faf978d2b4ee6bc4", "best_bid": "0.73", "best_ask": "0.78"}, {"asset_id": "54567718133445606979023777364376460252479537179374711014956071539694628134187", "price": "0.83", "size": "0", "side": "SELL", "hash": "41bf766e88f2374848158198e6e7bbc06ce81654", "best_bid": "0.22", "best_ask": "0.27"}], "timestamp": "1769384578014", "event_type": "price_change"}}
{"_local_timestamp": "2026-01-25T23:42:58.161998+00:00", "data": {"market": "0x159f16c21dcc9bc1b14828cf2a5aebc69863351a79b727cec20933e701c4d58b", "price_changes": [{"asset_id": "41351031223955968751197364164733451373142854088425938934153152726378654855840", "price": "0.17", "size": "0", "side": "BUY", "hash": "a5fddc245e9feaac2d5ed0128a55784e59d84742", "best_bid": "0.73", "best_ask": "0.79"}, {"asset_id": "38694063949297891313853888024557125980700553528686301399287830508791715050771", "price": "0.83", "size": "0", "side": "SELL", "hash": "e955a7b652a47cc14121a7a91ae3e0dac8c08f33", "best_bid": "0.21", "best_ask": "0.27"}], "timestamp": "1769384578014", "event_type": "price_change"}}
{"_local_timestamp": "2026-01-25T23:43:00.182393+00:00", "data": {"market": "0xb3ce92190789c0a1f11bd10d4ed50f46924d23c8768443b49f42ec29ab4a268d", "price_changes": [{"asset_id": "104685332569447508279532420582703268000193485390176927803012044179947279619608", "price": "0.18", "size": "6.66", "side": "BUY", "hash": "b37960e618a9b2bced7818cf84e2896ecfe4511e", "best_bid": "0.73", "best_ask": "0.78"}, {"asset_id": "54567718133445606979023777364376460252479537179374711014956071539694628134187", "price": "0.82", "size": "6.66", "side": "SELL", "hash": "22eb4bfb89bbec4f2849d0a60dfbff4fc5d595d1", "best_bid": "0.22", "best_ask": "0.27"}], "timestamp": "1769384580011", "event_type": "price_change"}}
{"_local_timestamp": "2026-01-25T23:43:00.182800+00:00", "data": {"market": "0x159f16c21dcc9bc1b14828cf2a5aebc69863351a79b727cec20933e701c4d58b", "price_changes": [{"asset_id": "41351031223955968751197364164733451373142854088425938934153152726378654855840", "price": "0.18", "size": "6.66", "side": "BUY", "hash": "eeafa06de24483c3b914deab00a616ddeef721b9", "best_bid": "0.73", "best_ask": "0.79"}, {"asset_id": "38694063949297891313853888024557125980700553528686301399287830508791715050771", "price": "0.82", "size": "6.66", "side": "SELL", "hash": "bec26c6f33dc582d9673b49b49878c9160b69dbb", "best_bid": "0.21", "best_ask": "0.27"}], "timestamp": "1769384580011", "event_type": "price_change"}}
{"_local_timestamp": "2026-01-25T23:43:00.261325+00:00", "data": {"market": "0x63eef1e7ddc30871f858cb33f0951c830162d77bc255cc7e1613f726d7d9bbbd", "price_changes": [{"asset_id": "71457524868855738850555066545358268868458783577023441587811384168844622164140", "price": "0.17", "size": "0", "side": "BUY", "hash": "1196b809fb644c33bb46dfd0318ad6035d29cc2c", "best_bid": "0.45", "best_ask": "0.51"}, {"asset_id": "11660292538627794075658530091963206975200612713337553152269210351032664031402", "price": "0.83", "size": "0", "side": "SELL", "hash": "97f20c4b1ae330ff48c8b1f7ae6fb920e765cb4c", "best_bid": "0.49", "best_ask": "0.55"}], "timestamp": "1769384580126", "event_type": "price_change"}}
{"_local_timestamp": "2026-01-25T23:43:02.006036+00:00", "data": {"market": "0x63eef1e7ddc30871f858cb33f0951c830162d77bc255cc7e1613f726d7d9bbbd", "price_changes": [{"asset_id": "71457524868855738850555066545358268868458783577023441587811384168844622164140", "price": "0.17", "size": "6.33", "side": "BUY", "hash": "86a168a986832ae94133d207f45244836fd45f6b", "best_bid": "0.45", "best_ask": "0.51"}, {"asset_id": "11660292538627794075658530091963206975200612713337553152269210351032664031402", "price": "0.83", "size": "6.33", "side": "SELL", "hash": "74108618df3d85c62753172f4af010127449ca5e", "best_bid": "0.49", "best_ask": "0.55"}], "timestamp": "1769384581865", "event_type": "price_change"}}
{"_local_timestamp": "2026-01-25T23:44:05.367147+00:00", "data": {"market": "0x159f16c21dcc9bc1b14828cf2a5aebc69863351a79b727cec20933e701c4d58b", "price_changes": [{"asset_id": "38694063949297891313853888024557125980700553528686301399287830508791715050771", "price": "0.07", "size": "45", "side": "BUY", "hash": "ba331e784779ecfcad2263c3708df217159cb6a4", "best_bid": "0.21", "best_ask": "0.27"}, {"asset_id": "41351031223955968751197364164733451373142854088425938934153152726378654855840", "price": "0.93", "size": "45", "side": "SELL", "hash": "7c8f5a97448dd826636a8a72e150dfe2eb772a3e", "best_bid": "0.73", "best_ask": "0.79"}], "timestamp": "1769384645052", "event_type": "price_change"}}
{"_local_timestamp": "2026-01-25T23:44:07.238100+00:00", "data": {"market": "0x159f16c21dcc9bc1b14828cf2a5aebc69863351a79b727cec20933e701c4d58b", "price_changes": [{"asset_id": "38694063949297891313853888024557125980700553528686301399287830508791715050771", "price": "0.07", "size": "52.36", "side": "BUY", "hash": "740cd2c813c9862c0bccdd67438487093eb95f40", "best_bid": "0.21", "best_ask": "0.27"}, {"asset_id": "41351031223955968751197364164733451373142854088425938934153152726378654855840", "price": "0.93", "size": "52.36", "side": "SELL", "hash": "ea15531c97808228d7d203dfe32858003001abc7", "best_bid": "0.73", "best_ask": "0.79"}], "timestamp": "1769384646966", "event_type": "price_change"}}
{"_local_timestamp": "2026-01-25T23:44:08.547239+00:00", "data": {"market": "0x159f16c21dcc9bc1b14828cf2a5aebc69863351a79b727cec20933e701c4d58b", "price_changes": [{"asset_id": "38694063949297891313853888024557125980700553528686301399287830508791715050771", "price": "0.07", "size": "45", "side": "BUY", "hash": "6a2c90c7b80063f95daff83621cfee42b786dbb9", "best_bid": "0.21", "best_ask": "0.27"}, {"asset_id": "41351031223955968751197364164733451373142854088425938934153152726378654855840", "price": "0.93", "size": "45", "side": "SELL", "hash": "b7c6772b14a9039ea5d0aff4f40e25add58a300a", "best_bid": "0.73", "best_ask": "0.79"}], "timestamp": "1769384648158", "event_type": "price_change"}}
{"_local_timestamp": "2026-01-25T23:44:10.311135+00:00", "data": {"market": "0x159f16c21dcc9bc1b14828cf2a5aebc69863351a79b727cec20933e701c4d58b", "price_changes": [{"asset_id": "38694063949297891313853888024557125980700553528686301399287830508791715050771", "price": "0.07", "size": "52.36", "side": "BUY", "hash": "e618d56ad6f02c81fccc9f4750876b992bdd2f54", "best_bid": "0.21", "best_ask": "0.27"}, {"asset_id": "41351031223955968751197364164733451373142854088425938934153152726378654855840", "price": "0.93", "size": "52.36", "side": "SELL", "hash": "41ae6110a0c67f83982ef2a51b3dbe0ed46aaee9", "best_bid": "0.73", "best_ask": "0.79"}], "timestamp": "1769384650026", "event_type": "price_change"}}
{"_local_timestamp": "2026-01-25T23:45:57.232683+00:00", "data": {"market": "0x63eef1e7ddc30871f858cb33f0951c830162d77bc255cc7e1613f726d7d9bbbd", "price_changes": [{"asset_id": "11660292538627794075658530091963206975200612713337553152269210351032664031402", "price": "0.11", "size": "100", "side": "BUY", "hash": "4c4c640d62be3349df942f770bb34eaf6b98f672", "best_bid": "0.49", "best_ask": "0.55"}, {"asset_id": "71457524868855738850555066545358268868458783577023441587811384168844622164140", "price": "0.89", "size": "100", "side": "SELL", "hash": "e9d7465069e5b9b0d8fd51b9fb84cf477f2c20db", "best_bid": "0.45", "best_ask": "0.51"}], "timestamp": "1769384756840", "event_type": "price_change"}}
{"_local_timestamp": "2026-01-25T23:45:57.242689+00:00", "data": {"market": "0xb3ce92190789c0a1f11bd10d4ed50f46924d23c8768443b49f42ec29ab4a268d", "price_changes": [{"asset_id": "54567718133445606979023777364376460252479537179374711014956071539694628134187", "price": "0.07", "size": "506.14", "side": "BUY", "hash": "bd058755493dc812af89e9daa0295419cf4eec58", "best_bid": "0.22", "best_ask": "0.27"}, {"asset_id": "104685332569447508279532420582703268000193485390176927803012044179947279619608", "price": "0.93", "size": "506.14", "side": "SELL", "hash": "1c9fb534365e430b626ffa5e699589b176a6be8e", "best_bid": "0.73", "best_ask": "0.78"}], "timestamp": "1769384756838", "event_type": "price_change"}}
{"_local_timestamp": "2026-01-25T23:46:58.884624+00:00", "data": {"market": "0xb3ce92190789c0a1f11bd10d4ed50f46924d23c8768443b49f42ec29ab4a268d", "price_changes": [{"asset_id": "54567718133445606979023777364376460252479537179374711014956071539694628134187", "price": "0.08", "size": "368.75", "side": "BUY", "hash": "5274430c67c43006997b4446ebf2674905897b35", "best_bid": "0.22", "best_ask": "0.27"}, {"asset_id": "104685332569447508279532420582703268000193485390176927803012044179947279619608", "price": "0.92", "size": "368.75", "side": "SELL", "hash": "c5293a82595a1f7971a95e1cc29ab1038b4df628", "best_bid": "0.73", "best_ask": "0.78"}], "timestamp": "1769384818782", "event_type": "price_change"}}
{"_local_timestamp": "2026-01-25T23:46:58.885261+00:00", "data": {"market": "0x63eef1e7ddc30871f858cb33f0951c830162d77bc255cc7e1613f726d7d9bbbd", "price_changes": [{"asset_id": "11660292538627794075658530091963206975200612713337553152269210351032664031402", "price": "0.12", "size": "181", "side": "BUY", "hash": "1118b12a0b920e4e3b4463eff0e2e2dbec17abac", "best_bid": "0.49", "best_ask": "0.55"}, {"asset_id": "71457524868855738850555066545358268868458783577023441587811384168844622164140", "price": "0.88", "size": "181", "side": "SELL", "hash": "7724584acac30bed2d08ea5da0b260b836fad5fb", "best_bid": "0.45", "best_ask": "0.51"}], "timestamp": "1769384818782", "event_type": "price_change"}}
{"_local_timestamp": "2026-01-25T23:47:19.011668+00:00", "data": {"market": "0xb3ce92190789c0a1f11bd10d4ed50f46924d23c8768443b49f42ec29ab4a268d", "price_changes": [{"asset_id": "54567718133445606979023777364376460252479537179374711014956071539694628134187", "price": "0.07", "size": "6.14", "side": "BUY", "hash": "87dcd37e026b1ad39a6f3cb140ba3e01350270d6", "best_bid": "0.22", "best_ask": "0.27"}, {"asset_id": "104685332569447508279532420582703268000193485390176927803012044179947279619608", "price": "0.93", "size": "6.14", "side": "SELL", "hash": "f6773b2cba5d9caae632c19604d1ac8ad744b776", "best_bid": "0.73", "best_ask": "0.78"}], "timestamp": "1769384838787", "event_type": "price_change"}}
{"_local_timestamp": "2026-01-25T23:47:19.012192+00:00", "data": {"market": "0x63eef1e7ddc30871f858cb33f0951c830162d77bc255cc7e1613f726d7d9bbbd", "price_changes": [{"asset_id": "11660292538627794075658530091963206975200612713337553152269210351032664031402", "price": "0.11", "size": "0", "side": "BUY", "hash": "848e0e75c12dcec1f8aab422105a8286bb721b8d", "best_bid": "0.49", "best_ask": "0.55"}, {"asset_id": "71457524868855738850555066545358268868458783577023441587811384168844622164140", "price": "0.89", "size": "0", "side": "SELL", "hash": "7c5409804ee776bdad5a6fed8793ec88448ccb0e", "best_bid": "0.45", "best_ask": "0.51"}], "timestamp": "1769384838787", "event_type": "price_change"}}
{"_local_timestamp": "2026-01-25T23:47:19.277399+00:00", "data": {"market": "0xb3ce92190789c0a1f11bd10d4ed50f46924d23c8768443b49f42ec29ab4a268d", "price_changes": [{"asset_id": "54567718133445606979023777364376460252479537179374711014956071539694628134187", "price": "0.06", "size": "716.66", "side": "BUY", "hash": "03b2968b72c0693ab91997278202007da20e3cfb", "best_bid": "0.22", "best_ask": "0.27"}, {"asset_id": "104685332569447508279532420582703268000193485390176927803012044179947279619608", "price": "0.94", "size": "716.66", "side": "SELL", "hash": "78c8156d789ff2ca7a96ba84a42642b558f12f61", "best_bid": "0.73", "best_ask": "0.78"}], "timestamp": "1769384839093", "event_type": "price_change"}}
{"_local_timestamp": "2026-01-25T23:47:19.288992+00:00", "data": {"market": "0x63eef1e7ddc30871f858cb33f0951c830162d77bc255cc7e1613f726d7d9bbbd", "price_changes": [{"asset_id": "11660292538627794075658530091963206975200612713337553152269210351032664031402", "price": "0.08", "size": "300", "side": "BUY", "hash": "f8dcd95fd112b67bae8baa2694dad3d8f2cf90f8", "best_bid": "0.49", "best_ask": "0.55"}, {"asset_id": "71457524868855738850555066545358268868458783577023441587811384168844622164140", "price": "0.92", "size": "300", "side": "SELL", "hash": "505a57fe165592ad266ebe04eb316a6bef2fa130", "best_bid": "0.45", "best_ask": "0.51"}], "timestamp": "1769384839093", "event_type": "price_change"}}
{"_local_timestamp": "2026-01-25T23:48:38.088695+00:00", "data": {"market": "0xb3ce92190789c0a1f11bd10d4ed50f46924d23c8768443b49f42ec29ab4a268d", "price_changes": [{"asset_id": "54567718133445606979023777364376460252479537179374711014956071539694628134187", "price": "0.06", "size": "216.66", "side": "BUY", "hash": "5b53092cc2d247b22a2b2ddfc4eec38191dc4a8e", "best_bid": "0.22", "best_ask": "0.27"}, {"asset_id": "104685332569447508279532420582703268000193485390176927803012044179947279619608", "price": "0.94", "size": "216.66", "side": "SELL", "hash": "76fee6cac273700015f14638c82498bc74339c22", "best_bid": "0.73", "best_ask": "0.78"}], "timestamp": "1769384917750", "event_type": "price_change"}}
{"_local_timestamp": "2026-01-25T23:48:38.103884+00:00", "data": {"market": "0x63eef1e7ddc30871f858cb33f0951c830162d77bc255cc7e1613f726d7d9bbbd", "price_changes": [{"asset_id": "11660292538627794075658530091963206975200612713337553152269210351032664031402", "price": "0.08", "size": "0", "side": "BUY", "hash": "586cf0b7a060f4513c976cfbf21063ce146d849f", "best_bid": "0.49", "best_ask": "0.55"}, {"asset_id": "71457524868855738850555066545358268868458783577023441587811384168844622164140", "price": "0.92", "size": "0", "side": "SELL", "hash": "b76e70a6716f9a84a19bd2e36b948ae104182c9b", "best_bid": "0.45", "best_ask": "0.51"}], "timestamp": "1769384917750", "event_type": "price_change"}}
{"_local_timestamp": "2026-01-25T23:48:38.413211+00:00", "data": {"market": "0x63eef1e7ddc30871f858cb33f0951c830162d77bc255cc7e1613f726d7d9bbbd", "price_changes": [{"asset_id": "11660292538627794075658530091963206975200612713337553152269210351032664031402", "price": "0.12", "size": "281", "side": "BUY", "hash": "c01e0ed8bfed93e159ba7507c12b22082689effa", "best_bid": "0.49", "best_ask": "0.55"}, {"asset_id": "71457524868855738850555066545358268868458783577023441587811384168844622164140", "price": "0.88", "size": "281", "side": "SELL", "hash": "506db85d94e64eccd565340b12d3388f2bcb2f9c", "best_bid": "0.45", "best_ask": "0.51"}], "timestamp": "1769384918096", "event_type": "price_change"}}
{"_local_timestamp": "2026-01-25T23:48:38.451888+00:00", "data": {"market": "0xb3ce92190789c0a1f11bd10d4ed50f46924d23c8768443b49f42ec29ab4a268d", "price_changes": [{"asset_id": "54567718133445606979023777364376460252479537179374711014956071539694628134187", "price": "0.08", "size": "668.75", "side": "BUY", "hash": "4368b6d653accb79d40ea97469c0ba66eff86d3b", "best_bid": "0.22", "best_ask": "0.27"}, {"asset_id": "104685332569447508279532420582703268000193485390176927803012044179947279619608", "price": "0.92", "size": "668.75", "side": "SELL", "hash": "0df12682baa0cbef03ceb05a3c28a3fae24ecba8", "best_bid": "0.73", "best_ask": "0.78"}], "timestamp": "1769384918111", "event_type": "price_change"}}
