{"_local_timestamp": "2026-01-25T23:40:36.026032+00:00", "data": [{"market": "0x3ad730e7246024cfeed00809f36869dc2b08fa43bc2ff44eb23ea179f7f3782f", "asset_id": "101129384109437429316473694955824877559353345274754874163018334567697217858751", "timestamp": "1769384421011", "hash": "182faa0c106e08135006c16bcf52a9eac2fbd9de", "bids": [{"price": "0.01", "size": "2000"}, {"price": "0.02", "size": "3016.13"}, {"price": "0.03", "size": "250"}, {"price": "0.04", "size": "302.29"}, {"price": "0.05", "size": "205"}, {"price": "0.06", "size": "93.91"}], "asks": [{"price": "0.99", "size": "15309.79"}, {"price": "0.98", "size": "2000"}, {"price": "0.97", "size": "9.14"}, {"price": "0.95", "size": "355.28"}, {"price": "0.94", "size": "33"}, {"price": "0.92", "size": "250"}, {"price": "0.91", "size": "700"}, {"price": "0.9", "size": "6.27"}, {"price": "0.86", "size": "567.85"}, {"price": "0.82", "size": "427.77"}, {"price": "0.77", "size": "121.73"}, {"price": "0.76", "size": "700"}, {"price": "0.75", "size": "250"}, {"price": "0.73", "size": "50"}, {"price": "0.72", "size": "92.85"}, {"price": "0.68", "size": "75"}, {"price": "0.66", "size": "50"}, {"price": "0.63", "size": "54.05"}, {"price": "0.6", "size": "5.76"}, {"price": "0.59", "size": "560"}, {"price": "0.58", "size": "10"}, {"price": "0.57", "size": "5"}, {"price": "0.24", "size": "5"}, {"price": "0.23", "size": "50"}, {"price": "0.22", "size": "40"}, {"price": "0.21", "size": "40"}, {"price": "0.2", "size": "38.99"}, {"price": "0.19", "size": "100"}, {"price": "0.17", "size": "34.33"}, {"price": "0.15", "size": "195.32"}, {"price": "0.14", "size": "30"}], "event_type": "book", "last_trade_price": ""}, {"market": "0x3ad730e7246024cfeed00809f36869dc2b08fa43bc2ff44eb23ea179f7f3782f", "asset_id": "39288963141128996081726917903469212844164834307858564320712174133789758624741", "timestamp": "1769384421011", "hash": "88f30595fdf37229ba9261dbd57bcc7cdee989c6", "bids": [{"price": "0.01", "size": "15309.79"}, {"price": "0.02", "size": "2000"}, {"price": "0.03", "size": "9.14"}, {"price": "0.05", "size": "355.28"}, {"price": "0.06", "size": "33"}, {"price": "0.08", "size": "250"}, {"price": "0.09", "size": "700"}, {"price": "0.1", "size": "6.27"}, {"price": "0.14", "size": "567.85"}, {"price": "0.18", "size": "427.77"}, {"price": "0.23", "size": "121.73"}, {"price": "0.24", "size": "700"}, {"price": "0.25", "size": "250"}, {"price": "0.27", "size": "50"}, {"price": "0.28", "size": "92.85"}, {"price": "0.32", "size": "75"}, {"price": "0.34", "size": "50"}, {"price": "0.37", "size": "54.05"}, {"price": "0.4", "size": "5.76"}, {"price": "0.41", "size": "560"}, {"price": "0.42", "size": "10"}, {"price": "0.43", "size": "5"}, {"price": "0.76", "size": "5"}, {"price": "0.77", "size": "50"}, {"price": "0.78", "size": "40"}, {"price": "0.79", "size": "40"}, {"price": "0.8", "size": "38.99"}, {"price": "0.81", "size": "100"}, {"price": "0.83", "size": "34.33"}, {"price": "0.85", "size": "195.32"}, {"price": "0.86", "size": "30"}], "asks": [{"price": "0.99", "size": "2000"}, {"price": "0.98", "size": "3016.13"}, {"price": "0.97", "size": "250"}, {"price": "0.96", "size": "302.29"}, {"price": "0.95", "size": "205"}, {"price": "0.94", "size": "93.91"}], "event_type": "book", "last_trade_price": ""}]}
{"_local_timestamp": "2026-01-25T23:41:49.863172+00:00", "data": {"market": "0x3ad730e7246024cfeed00809f36869dc2b08fa43bc2ff44eb23ea179f7f3782f", "price_changes": [{"asset_id": "39288963141128996081726917903469212844164834307858564320712174133789758624741", "price": "0.86", "size": "74.18", "side": "BUY", "hash": "cedd00ad88d3513b92ea084c46bb914eab19a6b0", "best_bid": "0.86", "best_ask": "0.94"}, {"asset_id": "101129384109437429316473694955824877559353345274754874163018334567697217858751", "price": "0.14", "size": "74.18", "side": "SELL", "hash": "d49e0339367c8b5956758f1f772896cdb724f7c4", "best_bid": "0.06", "best_ask": "0.14"}], "timestamp": "1769384509774", "event_type": "price_change"}}
{"_local_timestamp": "2026-01-25T23:43:43.254130+00:00", "data": {"market": "0x3ad730e7246024cfeed00809f36869dc2b08fa43bc2ff44eb23ea179f7f3782f", "price_changes": [{"asset_id": "39288963141128996081726917903469212844164834307858564320712174133789758624741", "price": "0.86", "size": "30", "side": "BUY", "hash": "b259700a149b4a37df4326f671abae5205a6f2ab", "best_bid": "0.86", "best_ask": "0.94"}, {"asset_id": "101129384109437429316473694955824877559353345274754874163018334567697217858751", "price": "0.14", "size": "30", "side": "SELL", "hash": "f837d1712923f48129a3c59b7e1b83fc08ffe9bd", "best_bid": "0.06", "best_ask": "0.14"}], "timestamp": "1769384623179", "event_type": "price_change"}}
{"_local_timestamp": "2026-01-25T23:45:09.355045+00:00", "data": {"market": "0x3ad730e7246024cfeed00809f36869dc2b08fa43bc2ff44eb23ea179f7f3782f", "price_changes": [{"asset_id": "39288963141128996081726917903469212844164834307858564320712174133789758624741", "price": "0.86", "size": "74.18", "side": "BUY", "hash": "857dbfe09a95713d9fedc94bafa2c897853856fa", "best_bid": "0.86", "best_ask": "0.94"}, {"asset_id": "101129384109437429316473694955824877559353345274754874163018334567697217858751", "price": "0.14", "size": "74.18", "side": "SELL", "hash": "d37838a709f8308fb1f1c164284983e1a68b0709", "best_bid": "0.06", "best_ask": "0.14"}], "timestamp": "1769384709281", "event_type": "price_change"}}
{"_local_timestamp": "2026-01-25T23:47:02.820245+00:00", "data": {"market": "0x3ad730e7246024cfeed00809f36869dc2b08fa43bc2ff44eb23ea179f7f3782f", "price_changes": [{"asset_id": "39288963141128996081726917903469212844164834307858564320712174133789758624741", "price": "0.86", "size": "30", "side": "BUY", "hash": "1a6c53dbaff85072d779d94647f215169401264e", "best_bid": "0.86", "best_ask": "0.94"}, {"asset_id": "101129384109437429316473694955824877559353345274754874163018334567697217858751", "price": "0.14", "size": "30", "side": "SELL", "hash": "45e2309926ecc35b45bf00be5c4f677dd6296190", "best_bid": "0.06", "best_ask": "0.14"}], "timestamp": "1769384822747", "event_type": "price_change"}}
