{"_local_timestamp": "2026-01-25T23:33:16.897992+00:00", "data": [{"market": "0x6beb95a01147de25b24d3ffae7a43551f392da4235a62f058515c3e99d7af199", "asset_id": "28896435178698960514118263445469746104354405285937252810253126742266982740239", "timestamp": "1769383966444", "hash": "5832a7360ba749b5dde5782cef5372fe9277e743", "bids": [{"price": "0.001", "size": "1024538.73"}, {"price": "0.002", "size": "1250"}, {"price": "0.003", "size": "21406.67"}, {"price": "0.006", "size": "200"}, {"price": "0.007", "size": "20.2"}, {"price": "0.01", "size": "23"}, {"price": "0.011", "size": "20.95"}, {"price": "0.05", "size": "30"}, {"price": "0.1", "size": "860"}, {"price": "0.101", "size": "5.92"}, {"price": "0.115", "size": "6000"}, {"price": "0.116", "size": "2586"}, {"price": "0.14", "size": "242.85"}, {"price": "0.141", "size": "1134"}, {"price": "0.19", "size": "168.42"}, {"price": "0.191", "size": "836"}, {"price": "0.24", "size": "116.66"}, {"price": "0.25", "size": "200"}, {"price": "0.29", "size": "289.65"}, {"price": "0.291", "size": "1442"}, {"price": "0.34", "size": "70.58"}, {"price": "0.39", "size": "51.28"}, {"price": "0.391", "size": "200"}, {"price": "0.392", "size": "1530"}, {"price": "0.393", "size": "5"}, {"price": "0.78", "size": "56.02"}, {"price": "0.8", "size": "272.72"}, {"price": "0.85", "size": "1000"}, {"price": "0.871", "size": "200"}, {"price": "0.901", "size": "200"}, {"price": "0.904", "size": "225.55"}, {"price": "0.905", "size": "500"}, {"price": "0.908", "size": "200"}, {"price": "0.921", "size": "6"}, {"price": "0.923", "size": "134"}, {"price": "0.926", "size": "416.86"}, {"price": "0.928", "size": "478.4"}, {"price": "0.929", "size": "488.7"}, {"price": "0.93", "size": "800"}, {"price": "0.932", "size": "9.2"}, {"price": "0.933", "size": "100"}, {"price": "0.934", "size": "100"}, {"price": "0.935", "size": "300"}, {"price": "0.936", "size": "100"}, {"price": "0.937", "size": "200.1"}, {"price": "0.938", "size": "100"}, {"price": "0.939", "size": "100"}, {"price": "0.94", "size": "300"}, {"price": "0.941", "size": "200"}], "asks": [{"price": "0.999", "size": "13219.44"}, {"price": "0.998", "size": "65.46"}, {"price": "0.995", "size": "1000"}, {"price": "0.994", "size": "25.33"}, {"price": "0.99", "size": "643.98"}, {"price": "0.989", "size": "6.38"}, {"price": "0.988", "size": "1000"}, {"price": "0.987", "size": "10.54"}, {"price": "0.984", "size": "2809"}, {"price": "0.983", "size": "2919.93"}, {"price": "0.982", "size": "6.51"}, {"price": "0.981", "size": "200"}, {"price": "0.979", "size": "238"}, {"price": "0.978", "size": "205.22"}, {"price": "0.974", "size": "305"}, {"price": "0.973", "size": "10.29"}, {"price": "0.97", "size": "600"}, {"price": "0.968", "size": "352"}, {"price": "0.967", "size": "879.44"}, {"price": "0.966", "size": "257.92"}], "event_type": "book", "last_trade_price": "0.059"}, {"market": "0x6beb95a01147de25b24d3ffae7a43551f392da4235a62f058515c3e99d7af199", "asset_id": "107587773577193309872234793913282710128193219302267633047803930965862507239189", "timestamp": "1769383966444", "hash": "a386b6698653af29dcdd2ef699a25a398b6c10de", "bids": [{"price": "0.001", "size": "13219.44"}, {"price": "0.002", "size": "65.46"}, {"price": "0.005", "size": "1000"}, {"price": "0.006", "size": "25.33"}, {"price": "0.01", "size": "643.98"}, {"price": "0.011", "size": "6.38"}, {"price": "0.012", "size": "1000"}, {"price": "0.013", "size": "10.54"}, {"price": "0.016", "size": "2809"}, {"price": "0.017", "size": "2919.93"}, {"price": "0.018", "size": "6.51"}, {"price": "0.019", "size": "200"}, {"price": "0.021", "size": "238"}, {"price": "0.022", "size": "205.22"}, {"price": "0.026", "size": "305"}, {"price": "0.027", "size": "10.29"}, {"price": "0.03", "size": "600"}, {"price": "0.032", "size": "352"}, {"price": "0.033", "size": "879.44"}, {"price": "0.034", "size": "257.92"}], "asks": [{"price": "0.999", "size": "1024538.73"}, {"price": "0.998", "size": "1250"}, {"price": "0.997", "size": "21406.67"}, {"price": "0.994", "size": "200"}, {"price": "0.993", "size": "20.2"}, {"price": "0.99", "size": "23"}, {"price": "0.989", "size": "20.95"}, {"price": "0.95", "size": "30"}, {"price": "0.9", "size": "860"}, {"price": "0.899", "size": "5.92"}, {"price": "0.885", "size": "6000"}, {"price": "0.884", "size": "2586"}, {"price": "0.86", "size": "242.85"}, {"price": "0.859", "size": "1134"}, {"price": "0.81", "size": "168.42"}, {"price": "0.809", "size": "836"}, {"price": "0.76", "size": "116.66"}, {"price": "0.75", "size": "200"}, {"price": "0.71", "size": "289.65"}, {"price": "0.709", "size": "1442"}, {"price": "0.66", "size": "70.58"}, {"price": "0.61", "size": "51.28"}, {"price": "0.609", "size": "200"}, {"price": "0.608", "size": "1530"}, {"price": "0.607", "size": "5"}, {"price": "0.22", "size": "56.02"}, {"price": "0.2", "size": "272.72"}, {"price": "0.15", "size": "1000"}, {"price": "0.129", "size": "200"}, {"price": "0.099", "size": "200"}, {"price": "0.096", "size": "225.55"}, {"price": "0.095", "size": "500"}, {"price": "0.092", "size": "200"}, {"price": "0.079", "size": "6"}, {"price": "0.077", "size": "134"}, {"price": "0.074", "size": "416.86"}, {"price": "0.072", "size": "478.4"}, {"price": "0.071", "size": "488.7"}, {"price": "0.07", "size": "800"}, {"price": "0.068", "size": "9.2"}, {"price": "0.067", "size": "100"}, {"price": "0.066", "size": "100"}, {"price": "0.065", "size": "300"}, {"price": "0.064", "size": "100"}, {"price": "0.063", "size": "200.1"}, {"price": "0.062", "size": "100"}, {"price": "0.061", "size": "100"}, {"price": "0.06", "size": "300"}, {"price": "0.059", "size": "200"}], "event_type": "book", "last_trade_price": "0.059"}]}
{"_local_timestamp": "2026-01-25T23:33:23.425818+00:00", "data": {"market": "0x6beb95a01147de25b24d3ffae7a43551f392da4235a62f058515c3e99d7af199", "price_changes": [{"asset_id": "107587773577193309872234793913282710128193219302267633047803930965862507239189", "price": "0.002", "size": "39.02", "side": "BUY", "hash": "831d16184e1bf9da0ecaccc575631e3affe3b090", "best_bid": "0.034", "best_ask": "0.059"}, {"asset_id": "28896435178698960514118263445469746104354405285937252810253126742266982740239", "price": "0.998", "size": "39.02", "side": "SELL", "hash": "084df9a35f6dde33cdea2cc316a684f39c513a46", "best_bid": "0.941", "best_ask": "0.966"}], "timestamp": "1769384003353", "event_type": "price_change"}}
{"_local_timestamp": "2026-01-25T23:33:23.834593+00:00", "data": {"market": "0x6beb95a01147de25b24d3ffae7a43551f392da4235a62f058515c3e99d7af199", "price_changes": [{"asset_id": "107587773577193309872234793913282710128193219302267633047803930965862507239189", "price": "0.002", "size": "65.48", "side": "BUY", "hash": "0df86109bdd36d557cd09462b8fb9fe218f5a326", "best_bid": "0.034", "best_ask": "0.059"}, {"asset_id": "28896435178698960514118263445469746104354405285937252810253126742266982740239", "price": "0.998", "size": "65.48", "side": "SELL", "hash": "d3a04f85295557da46b418679a8056dcb1421fa3", "best_bid": "0.941", "best_ask": "0.966"}], "timestamp": "1769384003765", "event_type": "price_change"}}
{"_local_timestamp": "2026-01-25T23:33:53.106336+00:00", "data": {"market": "0x6beb95a01147de25b24d3ffae7a43551f392da4235a62f058515c3e99d7af199", "price_changes": [{"asset_id": "107587773577193309872234793913282710128193219302267633047803930965862507239189", "price": "0.002", "size": "51.93", "side": "BUY", "hash": "685c2bc898790dfa37e553e423c2f50619a0c9fc", "best_bid": "0.034", "best_ask": "0.059"}, {"asset_id": "28896435178698960514118263445469746104354405285937252810253126742266982740239", "price": "0.998", "size": "51.93", "side": "SELL", "hash": "ef37ec05e8c669494dc2685f7a361d4d5bb73d96", "best_bid": "0.941", "best_ask": "0.966"}], "timestamp": "1769384033000", "event_type": "price_change"}}
{"_local_timestamp": "2026-01-25T23:34:26.313538+00:00", "data": {"market": "0x6beb95a01147de25b24d3ffae7a43551f392da4235a62f058515c3e99d7af199", "price_changes": [{"asset_id": "107587773577193309872234793913282710128193219302267633047803930965862507239189", "price": "0.002", "size": "65.48", "side": "BUY", "hash": "8ea7132ff8ecf09f87e5fa189ded66be02ed9150", "best_bid": "0.034", "best_ask": "0.059"}, {"asset_id": "28896435178698960514118263445469746104354405285937252810253126742266982740239", "price": "0.998", "size": "65.48", "side": "SELL", "hash": "9da82eeaf0f7b8c7ab2f9806218d9b9393dad35b", "best_bid": "0.941", "best_ask": "0.966"}], "timestamp": "1769384066044", "event_type": "price_change"}}
