{"_local_timestamp": "2026-01-25T23:33:36.182768+00:00", "data": [{"market": "0x6262a76b26dba92b7de48e49bc9c5dce0b1e3cbd4927ba02a2292e53ab32677b", "asset_id": "101585409159496530633179743726445266550257884783684157888874008441092798859191", "timestamp": "1769384015317", "hash": "e9e172477d8faf297f18f39efc2a2b5384eb85be", "bids": [{"price": "0.01", "size": "516365.25"}, {"price": "0.02", "size": "17655.07"}, {"price": "0.03", "size": "2500"}, {"price": "0.04", "size": "557.12"}, {"price": "0.05", "size": "1000"}, {"price": "0.06", "size": "3400"}, {"price": "0.08", "size": "3101"}, {"price": "0.09", "size": "3200"}, {"price": "0.1", "size": "500"}, {"price": "0.11", "size": "5.09"}, {"price": "0.12", "size": "1332"}, {"price": "0.13", "size": "3855"}, {"price": "0.15", "size": "500"}, {"price": "0.18", "size": "100"}, {"price": "0.2", "size": "4093"}, {"price": "0.25", "size": "510"}, {"price": "0.26", "size": "1720"}, {"price": "0.3", "size": "500"}, {"price": "0.31", "size": "723"}, {"price": "0.35", "size": "550"}, {"price": "0.36", "size": "312"}, {"price": "0.4", "size": "338"}, {"price": "0.42", "size": "315"}, {"price": "0.43", "size": "2481"}, {"price": "0.44", "size": "753.28"}, {"price": "0.45", "size": "1353.57"}, {"price": "0.46", "size": "206.84"}], "asks": [{"price": "0.99", "size": "3010.33"}, {"price": "0.98", "size": "1000"}, {"price": "0.97", "size": "5.93"}, {"price": "0.95", "size": "1200"}, {"price": "0.94", "size": "200"}, {"price": "0.93", "size": "10.26"}, {"price": "0.87", "size": "1230"}, {"price": "0.86", "size": "3323"}, {"price": "0.81", "size": "4071"}, {"price": "0.8", "size": "400"}, {"price": "0.79", "size": "9"}, {"price": "0.7", "size": "100"}, {"price": "0.65", "size": "100"}, {"price": "0.64", "size": "18.72"}, {"price": "0.63", "size": "6.24"}, {"price": "0.62", "size": "8.32"}, {"price": "0.61", "size": "11.09"}, {"price": "0.6", "size": "114.78"}, {"price": "0.59", "size": "19.71"}, {"price": "0.58", "size": "26.28"}, {"price": "0.57", "size": "35.04"}, {"price": "0.56", "size": "46.72"}, {"price": "0.55", "size": "88.56"}, {"price": "0.54", "size": "343.06"}, {"price": "0.53", "size": "1108.45"}, {"price": "0.52", "size": "434.36"}, {"price": "0.51", "size": "535.2"}, {"price": "0.5", "size": "1272.08"}, {"price": "0.49", "size": "1051.19"}, {"price": "0.48", "size": "57.48"}], "event_type": "book", "last_trade_price": "0.540"}, {"market": "0x6262a76b26dba92b7de48e49bc9c5dce0b1e3cbd4927ba02a2292e53ab32677b", "asset_id": "3029562585062734671915107793115526294897334591050692289098351457189383153489", "timestamp": "1769384015317", "hash": "e9ab62e727d4f6b3174bf5114c5a6650a5a412cf", "bids": [{"price": "0.01", "size": "3010.33"}, {"price": "0.02", "size": "1000"}, {"price": "0.03", "size": "5.93"}, {"price": "0.05", "size": "1200"}, {"price": "0.06", "size": "200"}, {"price": "0.07", "size": "10.26"}, {"price": "0.13", "size": "1230"}, {"price": "0.14", "size": "3323"}, {"price": "0.19", "size": "4071"}, {"price": "0.2", "size": "400"}, {"price": "0.21", "size": "9"}, {"price": "0.3", "size": "100"}, {"price": "0.35", "size": "100"}, {"price": "0.36", "size": "18.72"}, {"price": "0.37", "size": "6.24"}, {"price": "0.38", "size": "8.32"}, {"price": "0.39", "size": "11.09"}, {"price": "0.4", "size": "114.78"}, {"price": "0.41", "size": "19.71"}, {"price": "0.42", "size": "26.28"}, {"price": "0.43", "size": "35.04"}, {"price": "0.44", "size": "46.72"}, {"price": "0.45", "size": "88.56"}, {"price": "0.46", "size": "343.06"}, {"price": "0.47", "size": "1108.45"}, {"price": "0.48", "size": "434.36"}, {"price": "0.49", "size": "535.2"}, {"price": "0.5", "size": "1272.08"}, {"price": "0.51", "size": "1051.19"}, {"price": "0.52", "size": "57.48"}], "asks": [{"price": "0.99", "size": "516365.25"}, {"price": "0.98", "size": "17655.07"}, {"price": "0.97", "size": "2500"}, {"price": "0.96", "size": "557.12"}, {"price": "0.95", "size": "1000"}, {"price": "0.94", "size": "3400"}, {"price": "0.92", "size": "3101"}, {"price": "0.91", "size": "3200"}, {"price": "0.9", "size": "500"}, {"price": "0.89", "size": "5.09"}, {"price": "0.88", "size": "1332"}, {"price": "0.87", "size": "3855"}, {"price": "0.85", "size": "500"}, {"price": "0.82", "size": "100"}, {"price": "0.8", "size": "4093"}, {"price": "0.75", "size": "510"}, {"price": "0.74", "size": "1720"}, {"price": "0.7", "size": "500"}, {"price": "0.69", "size": "723"}, {"price": "0.65", "size": "550"}, {"price": "0.64", "size": "312"}, {"price": "0.6", "size": "338"}, {"price": "0.58", "size": "315"}, {"price": "0.57", "size": "2481"}, {"price": "0.56", "size": "753.28"}, {"price": "0.55", "size": "1353.57"}, {"price": "0.54", "size": "206.84"}], "event_type": "book", "last_trade_price": "0.540"}]}
{"_local_timestamp": "2026-01-25T23:33:36.949292+00:00", "data": {"market": "0x6262a76b26dba92b7de48e49bc9c5dce0b1e3cbd4927ba02a2292e53ab32677b", "price_changes": [{"asset_id": "101585409159496530633179743726445266550257884783684157888874008441092798859191", "price": "0.45", "size": "1363.57", "side": "BUY", "hash": "4767f59c356ad04f6e688b68541b6a2b445b00ef", "best_bid": "0.46", "best_ask": "0.48"}, {"asset_id": "3029562585062734671915107793115526294897334591050692289098351457189383153489", "price": "0.55", "size": "1363.57", "side": "SELL", "hash": "18fc3754bcf6921728c782700411c70cf8389a7c", "best_bid": "0.52", "best_ask": "0.54"}], "timestamp": "1769384016879", "event_type": "price_change"}}
{"_local_timestamp": "2026-01-25T23:33:40.405756+00:00", "data": {"market": "0x6262a76b26dba92b7de48e49bc9c5dce0b1e3cbd4927ba02a2292e53ab32677b", "price_changes": [{"asset_id": "101585409159496530633179743726445266550257884783684157888874008441092798859191", "price": "0.45", "size": "1353.57", "side": "BUY", "hash": "c11ea01caa2c3097f1f05a083b62488bdd1f71fa", "best_bid": "0.46", "best_ask": "0.48"}, {"asset_id": "3029562585062734671915107793115526294897334591050692289098351457189383153489", "price": "0.55", "size": "1353.57", "side": "SELL", "hash": "ad037b87c903960605a2785abb88284fc6a9563a", "best_bid": "0.52", "best_ask": "0.54"}], "timestamp": "1769384020222", "event_type": "price_change"}}
{"_local_timestamp": "2026-01-25T23:33:41.745358+00:00", "data": {"market": "0x6262a76b26dba92b7de48e49bc9c5dce0b1e3cbd4927ba02a2292e53ab32677b", "price_changes": [{"asset_id": "3029562585062734671915107793115526294897334591050692289098351457189383153489", "price": "0.51", "size": "1061.19", "side": "BUY", "hash": "73bfcfcb6ed5146ae663e60983cb0003b423ab0a", "best_bid": "0.52", "best_ask": "0.54"}, {"asset_id": "101585409159496530633179743726445266550257884783684157888874008441092798859191", "price": "0.49", "size": "1061.19", "side": "SELL", "hash": "05ce2e21fbf75b3b8ff6a3b5a5b0cd60fa3e9677", "best_bid": "0.46", "best_ask": "0.48"}], "timestamp": "1769384021673", "event_type": "price_change"}}
{"_local_timestamp": "2026-01-25T23:33:41.797766+00:00", "data": {"market": "0x6262a76b26dba92b7de48e49bc9c5dce0b1e3cbd4927ba02a2292e53ab32677b", "price_changes": [{"asset_id": "3029562585062734671915107793115526294897334591050692289098351457189383153489", "price": "0.51", "size": "1051.19", "side": "BUY", "hash": "4f6df36c8cb4972c3d8b960b7a3ba19b81c8b003", "best_bid": "0.52", "best_ask": "0.54"}, {"asset_id": "101585409159496530633179743726445266550257884783684157888874008441092798859191", "price": "0.49", "size": "1051.19", "side": "SELL", "hash": "6ec23aa3bbed5ff12ecff196e72ec76651d46c52", "best_bid": "0.46", "best_ask": "0.48"}], "timestamp": "1769384021728", "event_type": "price_change"}}
{"_local_timestamp": "2026-01-25T23:33:42.633550+00:00", "data": {"market": "0x6262a76b26dba92b7de48e49bc9c5dce0b1e3cbd4927ba02a2292e53ab32677b", "price_changes": [{"asset_id": "101585409159496530633179743726445266550257884783684157888874008441092798859191", "price": "0.45", "size": "1363.57", "side": "BUY", "hash": "d67b1f1ee9b8f2d6be4068621af66e831de56597", "best_bid": "0.46", "best_ask": "0.48"}, {"asset_id": "3029562585062734671915107793115526294897334591050692289098351457189383153489", "price": "0.55", "size": "1363.57", "side": "SELL", "hash": "fd4ba6eefd9ea85afeb2610b7d627f3d8ac54ba6", "best_bid": "0.52", "best_ask": "0.54"}], "timestamp": "1769384022567", "event_type": "price_change"}}
{"_local_timestamp": "2026-01-25T23:33:44.281164+00:00", "data": {"market": "0x6262a76b26dba92b7de48e49bc9c5dce0b1e3cbd4927ba02a2292e53ab32677b", "price_changes": [{"asset_id": "101585409159496530633179743726445266550257884783684157888874008441092798859191", "price": "0.45", "size": "1353.57", "side": "BUY", "hash": "916cadea7de8589bb9f2f7988612bf88328dfb30", "best_bid": "0.46", "best_ask": "0.48"}, {"asset_id": "3029562585062734671915107793115526294897334591050692289098351457189383153489", "price": "0.55", "size": "1353.57", "side": "SELL", "hash": "fa62b6322910f0d14f22cadc1168b2d23fd3dca0", "best_bid": "0.52", "best_ask": "0.54"}], "timestamp": "1769384024216", "event_type": "price_change"}}
{"_local_timestamp": "2026-01-25T23:33:44.969380+00:00", "data": {"market": "0x6262a76b26dba92b7de48e49bc9c5dce0b1e3cbd4927ba02a2292e53ab32677b", "price_changes": [{"asset_id": "3029562585062734671915107793115526294897334591050692289098351457189383153489", "price": "0.51", "size": "1061.19", "side": "BUY", "hash": "13e2b359fb154fa8ee4b9023967b71b004b3f5d8", "best_bid": "0.52", "best_ask": "0.54"}, {"asset_id": "101585409159496530633179743726445266550257884783684157888874008441092798859191", "price": "0.49", "size": "1061.19", "side": "SELL", "hash": "42fcc423f2c229ee92be512db67f8a6adc18c127", "best_bid": "0.46", "best_ask": "0.48"}], "timestamp": "1769384024902", "event_type": "price_change"}}
{"_local_timestamp": "2026-01-25T23:33:49.878061+00:00", "data": {"market": "0x6262a76b26dba92b7de48e49bc9c5dce0b1e3cbd4927ba02a2292e53ab32677b", "price_changes": [{"asset_id": "3029562585062734671915107793115526294897334591050692289098351457189383153489", "price": "0.51", "size": "1051.19", "side": "BUY", "hash": "41081d31433362df6a41da816562abb5316b4436", "best_bid": "0.52", "best_ask": "0.54"}, {"asset_id": "101585409159496530633179743726445266550257884783684157888874008441092798859191", "price": "0.49", "size": "1051.19", "side": "SELL", "hash": "4f7ecd7f85113208f97c4e459e33f60c2c17fa3f", "best_bid": "0.46", "best_ask": "0.48"}], "timestamp": "1769384029803", "event_type": "price_change"}}
{"_local_timestamp": "2026-01-25T23:33:51.375703+00:00", "data": {"market": "0x6262a76b26dba92b7de48e49bc9c5dce0b1e3cbd4927ba02a2292e53ab32677b", "price_changes": [{"asset_id": "101585409159496530633179743726445266550257884783684157888874008441092798859191", "price": "0.45", "size": "1363.57", "side": "BUY", "hash": "f0a2c45e5546ae638d70fd840afdc74be74176fa", "best_bid": "0.46", "best_ask": "0.48"}, {"asset_id": "3029562585062734671915107793115526294897334591050692289098351457189383153489", "price": "0.55", "size": "1363.57", "side": "SELL", "hash": "b467bde1ea1a18db8e00b0e68b13c5cccd3da95e", "best_bid": "0.52", "best_ask": "0.54"}], "timestamp": "1769384031308", "event_type": "price_change"}}
{"_local_timestamp": "2026-01-25T23:33:56.334751+00:00", "data": {"market": "0x6262a76b26dba92b7de48e49bc9c5dce0b1e3cbd4927ba02a2292e53ab32677b", "price_changes": [{"asset_id": "101585409159496530633179743726445266550257884783684157888874008441092798859191", "price": "0.45", "size": "1353.57", "side": "BUY", "hash": "b9f0c4467acaa4d06045954221edca28fc1f879b", "best_bid": "0.46", "best_ask": "0.48"}, {"asset_id": "3029562585062734671915107793115526294897334591050692289098351457189383153489", "price": "0.55", "size": "1353.57", "side": "SELL", "hash": "abed192e8fe6e59b44748e6e1b6cac6db735c948", "best_bid": "0.52", "best_ask": "0.54"}], "timestamp": "1769384036260", "event_type": "price_change"}}
{"_local_timestamp": "2026-01-25T23:33:57.739269+00:00", "data": {"market": "0x6262a76b26dba92b7de48e49bc9c5dce0b1e3cbd4927ba02a2292e53ab32677b", "price_changes": [{"asset_id": "101585409159496530633179743726445266550257884783684157888874008441092798859191", "price": "0.45", "size": "1363.57", "side": "BUY", "hash": "a9967e40fbaf55472246c4346801f534b05ed5f1", "best_bid": "0.46", "best_ask": "0.48"}, {"asset_id": "3029562585062734671915107793115526294897334591050692289098351457189383153489", "price": "0.55", "size": "1363.57", "side": "SELL", "hash": "286cab02ee000188528e9fcfb23602302e4235c7", "best_bid": "0.52", "best_ask": "0.54"}], "timestamp": "1769384037671", "event_type": "price_change"}}
{"_local_timestamp": "2026-01-25T23:34:01.923044+00:00", "data": {"market": "0x6262a76b26dba92b7de48e49bc9c5dce0b1e3cbd4927ba02a2292e53ab32677b", "price_changes": [{"asset_id": "101585409159496530633179743726445266550257884783684157888874008441092798859191", "price": "0.45", "size": "1353.57", "side": "BUY", "hash": "4477673e9038d123b51b72f4051387201780a12a", "best_bid": "0.46", "best_ask": "0.48"}, {"asset_id": "3029562585062734671915107793115526294897334591050692289098351457189383153489", "price": "0.55", "size": "1353.57", "side": "SELL", "hash": "12e880ddb13500899a6970c94385b7848db8772a", "best_bid": "0.52", "best_ask": "0.54"}], "timestamp": "1769384041855", "event_type": "price_change"}}
{"_local_timestamp": "2026-01-25T23:34:03.271438+00:00", "data": {"market": "0x6262a76b26dba92b7de48e49bc9c5dce0b1e3cbd4927ba02a2292e53ab32677b", "price_changes": [{"asset_id": "3029562585062734671915107793115526294897334591050692289098351457189383153489", "price": "0.51", "size": "1061.19", "side": "BUY", "hash": "0a179d5dc7690ace91cbec0c462390eac041c842", "best_bid": "0.52", "best_ask": "0.54"}, {"asset_id": "101585409159496530633179743726445266550257884783684157888874008441092798859191", "price": "0.49", "size": "1061.19", "side": "SELL", "hash": "4cee9fadc2d4c16ca09676ffb9f3a9a60de670f5", "best_bid": "0.46", "best_ask": "0.48"}], "timestamp": "1769384043157", "event_type": "price_change"}}
{"_local_timestamp": "2026-01-25T23:34:03.892543+00:00", "data": {"market": "0x6262a76b26dba92b7de48e49bc9c5dce0b1e3cbd4927ba02a2292e53ab32677b", "price_changes": [{"asset_id": "3029562585062734671915107793115526294897334591050692289098351457189383153489", "price": "0.51", "size": "1051.19", "side": "BUY", "hash": "56f22760b0ca90d682bfd15e22c51ec0a85271df", "best_bid": "0.52", "best_ask": "0.54"}, {"asset_id": "101585409159496530633179743726445266550257884783684157888874008441092798859191", "price": "0.49", "size": "1051.19", "side": "SELL", "hash": "c5ad438338fa230ea964675b23bfeba03084e0c4", "best_bid": "0.46", "best_ask": "0.48"}], "timestamp": "1769384043821", "event_type": "price_change"}}
{"_local_timestamp": "2026-01-25T23:34:05.980283+00:00", "data": {"market": "0x6262a76b26dba92b7de48e49bc9c5dce0b1e3cbd4927ba02a2292e53ab32677b", "price_changes": [{"asset_id": "101585409159496530633179743726445266550257884783684157888874008441092798859191", "price": "0.45", "size": "1363.57", "side": "BUY", "hash": "4f32aa1bdbc4172174d9a5551c9488ef760516ee", "best_bid": "0.46", "best_ask": "0.48"}, {"asset_id": "3029562585062734671915107793115526294897334591050692289098351457189383153489", "price": "0.55", "size": "1363.57", "side": "SELL", "hash": "49b63373dda934ef16d1a87ec7cc6ff4b3ac08e8", "best_bid": "0.52", "best_ask": "0.54"}], "timestamp": "1769384045906", "event_type": "price_change"}}
{"_local_timestamp": "2026-01-25T23:34:09.758252+00:00", "data": {"market": "0x6262a76b26dba92b7de48e49bc9c5dce0b1e3cbd4927ba02a2292e53ab32677b", "price_changes": [{"asset_id": "101585409159496530633179743726445266550257884783684157888874008441092798859191", "price": "0.45", "size": "1353.57", "side": "BUY", "hash": "1718648c5bce2b10c1ae436aa09bdfdccb9afa26", "best_bid": "0.46", "best_ask": "0.48"}, {"asset_id": "3029562585062734671915107793115526294897334591050692289098351457189383153489", "price": "0.55", "size": "1353.57", "side": "SELL", "hash": "af58be0f5bd4411c568e0f585443908c95f04f94", "best_bid": "0.52", "best_ask": "0.54"}], "timestamp": "1769384049689", "event_type": "price_change"}}
{"_local_timestamp": "2026-01-25T23:34:11.457228+00:00", "data": {"market": "0x6262a76b26dba92b7de48e49bc9c5dce0b1e3cbd4927ba02a2292e53ab32677b", "price_changes": [{"asset_id": "3029562585062734671915107793115526294897334591050692289098351457189383153489", "price": "0.51", "size": "1061.19", "side": "BUY", "hash": "9a75d054b47ba7b281ee734e3afa1f91b7f6e6ca", "best_bid": "0.52", "best_ask": "0.54"}, {"asset_id": "101585409159496530633179743726445266550257884783684157888874008441092798859191", "price": "0.49", "size": "1061.19", "side": "SELL", "hash": "399e9429e54cae415f373cc9ce772ba8d5c4a244", "best_bid": "0.46", "best_ask": "0.48"}], "timestamp": "1769384051392", "event_type": "price_change"}}
{"_local_timestamp": "2026-01-25T23:34:14.963088+00:00", "data": {"market": "0x6262a76b26dba92b7de48e49bc9c5dce0b1e3cbd4927ba02a2292e53ab32677b", "price_changes": [{"asset_id": "3029562585062734671915107793115526294897334591050692289098351457189383153489", "price": "0.51", "size": "1051.19", "side": "BUY", "hash": "3e880a1d35831d5179e6fad00dc772df7405d147", "best_bid": "0.52", "best_ask": "0.54"}, {"asset_id": "101585409159496530633179743726445266550257884783684157888874008441092798859191", "price": "0.49", "size": "1051.19", "side": "SELL", "hash": "346a86464759050b5cff732fe6468267cc6e1312", "best_bid": "0.46", "best_ask": "0.48"}], "timestamp": "1769384054876", "event_type": "price_change"}}
{"_local_timestamp": "2026-01-25T23:34:16.379004+00:00", "data": {"market": "0x6262a76b26dba92b7de48e49bc9c5dce0b1e3cbd4927ba02a2292e53ab32677b", "price_changes": [{"asset_id": "3029562585062734671915107793115526294897334591050692289098351457189383153489", "price": "0.51", "size": "1061.19", "side": "BUY", "hash": "07c234ab7e1c4e010288016dc843044677769d0e", "best_bid": "0.52", "best_ask": "0.54"}, {"asset_id": "101585409159496530633179743726445266550257884783684157888874008441092798859191", "price": "0.49", "size": "1061.19", "side": "SELL", "hash": "ee59fb3b2ddfc5491fffb8488b03e739d00346c7", "best_bid": "0.46", "best_ask": "0.48"}], "timestamp": "1769384056312", "event_type": "price_change"}}
{"_local_timestamp": "2026-01-25T23:34:16.409466+00:00", "data": {"market": "0x6262a76b26dba92b7de48e49bc9c5dce0b1e3cbd4927ba02a2292e53ab32677b", "price_changes": [{"asset_id": "3029562585062734671915107793115526294897334591050692289098351457189383153489", "price": "0.51", "size": "1051.19", "side": "BUY", "hash": "adfbb17542e728e5605ef4e547c3aae598e9cb22", "best_bid": "0.52", "best_ask": "0.54"}, {"asset_id": "101585409159496530633179743726445266550257884783684157888874008441092798859191", "price": "0.49", "size": "1051.19", "side": "SELL", "hash": "e0854a7a979610e1150316a8244ccc7cf2a95f78", "best_bid": "0.46", "best_ask": "0.48"}], "timestamp": "1769384056343", "event_type": "price_change"}}
{"_local_timestamp": "2026-01-25T23:34:19.476073+00:00", "data": {"market": "0x6262a76b26dba92b7de48e49bc9c5dce0b1e3cbd4927ba02a2292e53ab32677b", "price_changes": [{"asset_id": "101585409159496530633179743726445266550257884783684157888874008441092798859191", "price": "0.45", "size": "1363.57", "side": "BUY", "hash": "1db5262b61f913aa140ac16f25cd7fc74cd3b2e4", "best_bid": "0.46", "best_ask": "0.48"}, {"asset_id": "3029562585062734671915107793115526294897334591050692289098351457189383153489", "price": "0.55", "size": "1363.57", "side": "SELL", "hash": "1dd8fd74516a6d141f2f2427a4270bd1a7d021af", "best_bid": "0.52", "best_ask": "0.54"}], "timestamp": "1769384059408", "event_type": "price_change"}}
{"_local_timestamp": "2026-01-25T23:34:20.999919+00:00", "data": {"market": "0x6262a76b26dba92b7de48e49bc9c5dce0b1e3cbd4927ba02a2292e53ab32677b", "price_changes": [{"asset_id": "101585409159496530633179743726445266550257884783684157888874008441092798859191", "price": "0.45", "size": "1353.57", "side": "BUY", "hash": "a5459682f9de66f0d6362433ff40ff25f7af3102", "best_bid": "0.46", "best_ask": "0.48"}, {"asset_id": "3029562585062734671915107793115526294897334591050692289098351457189383153489", "price": "0.55", "size": "1353.57", "side": "SELL", "hash": "a395449d329cdb1c21817558091ea28810206112", "best_bid": "0.52", "best_ask": "0.54"}], "timestamp": "1769384060930", "event_type": "price_change"}}
{"_local_timestamp": "2026-01-25T23:34:23.003400+00:00", "data": {"market": "0x6262a76b26dba92b7de48e49bc9c5dce0b1e3cbd4927ba02a2292e53ab32677b", "price_changes": [{"asset_id": "101585409159496530633179743726445266550257884783684157888874008441092798859191", "price": "0.45", "size": "1363.57", "side": "BUY", "hash": "8b405bffc013003ed540a710f1db3c3f0b46ad6b", "best_bid": "0.46", "best_ask": "0.48"}, {"asset_id": "3029562585062734671915107793115526294897334591050692289098351457189383153489", "price": "0.55", "size": "1363.57", "side": "SELL", "hash": "6bde36162ac0738166248c99c87b267cd9d6aaf6", "best_bid": "0.52", "best_ask": "0.54"}], "timestamp": "1769384062934", "event_type": "price_change"}}
{"_local_timestamp": "2026-01-25T23:34:29.145055+00:00", "data": {"market": "0x6262a76b26dba92b7de48e49bc9c5dce0b1e3cbd4927ba02a2292e53ab32677b", "price_changes": [{"asset_id": "101585409159496530633179743726445266550257884783684157888874008441092798859191", "price": "0.45", "size": "1353.57", "side": "BUY", "hash": "3ac8606c25402fb17d1987c45b072fcecf676b98", "best_bid": "0.46", "best_ask": "0.48"}, {"asset_id": "3029562585062734671915107793115526294897334591050692289098351457189383153489", "price": "0.55", "size": "1353.57", "side": "SELL", "hash": "d925d6ecbb70f004813b3ddd91f760f445b6fcdc", "best_bid": "0.52", "best_ask": "0.54"}], "timestamp": "1769384068936", "event_type": "price_change"}}
{"_local_timestamp": "2026-01-25T23:34:30.825496+00:00", "data": {"market": "0x6262a76b26dba92b7de48e49bc9c5dce0b1e3cbd4927ba02a2292e53ab32677b", "price_changes": [{"asset_id": "101585409159496530633179743726445266550257884783684157888874008441092798859191", "price": "0.45", "size": "1363.57", "side": "BUY", "hash": "909ee19315d5d3f24bf962dbed24dcc496e6115b", "best_bid": "0.46", "best_ask": "0.48"}, {"asset_id": "3029562585062734671915107793115526294897334591050692289098351457189383153489", "price": "0.55", "size": "1363.57", "side": "SELL", "hash": "6856b22e45fcf725da6c7644ab29cf9dca6ab63c", "best_bid": "0.52", "best_ask": "0.54"}], "timestamp": "1769384070757", "event_type": "price_change"}}
{"_local_timestamp": "2026-01-25T23:34:35.205856+00:00", "data": {"market": "0x6262a76b26dba92b7de48e49bc9c5dce0b1e3cbd4927ba02a2292e53ab32677b", "price_changes": [{"asset_id": "101585409159496530633179743726445266550257884783684157888874008441092798859191", "price": "0.45", "size": "1353.57", "side": "BUY", "hash": "6a48103df6967dae506196ab59a36bea8705da65", "best_bid": "0.46", "best_ask": "0.48"}, {"asset_id": "3029562585062734671915107793115526294897334591050692289098351457189383153489", "price": "0.55", "size": "1353.57", "side": "SELL", "hash": "52b80fa4952f8af13ca608c21489249741b977de", "best_bid": "0.52", "best_ask": "0.54"}], "timestamp": "1769384075137", "event_type": "price_change"}}
{"_local_timestamp": "2026-01-25T23:34:36.666223+00:00", "data": {"market": "0x6262a76b26dba92b7de48e49bc9c5dce0b1e3cbd4927ba02a2292e53ab32677b", "price_changes": [{"asset_id": "101585409159496530633179743726445266550257884783684157888874008441092798859191", "price": "0.45", "size": "1363.57", "side": "BUY", "hash": "df1130c40d7bb4ff3953859a9f54aaace7d8e25f", "best_bid": "0.46", "best_ask": "0.48"}, {"asset_id": "3029562585062734671915107793115526294897334591050692289098351457189383153489", "price": "0.55", "size": "1363.57", "side": "SELL", "hash": "1c99581e29b0deb31f8e7e2301607639e8c25a78", "best_bid": "0.52", "best_ask": "0.54"}], "timestamp": "1769384076592", "event_type": "price_change"}}
{"_local_timestamp": "2026-01-25T23:34:38.842001+00:00", "data": {"market": "0x6262a76b26dba92b7de48e49bc9c5dce0b1e3cbd4927ba02a2292e53ab32677b", "price_changes": [{"asset_id": "101585409159496530633179743726445266550257884783684157888874008441092798859191", "price": "0.45", "size": "1353.57", "side": "BUY", "hash": "87720962891b6123accd361f703c1ad34abad409", "best_bid": "0.46", "best_ask": "0.48"}, {"asset_id": "3029562585062734671915107793115526294897334591050692289098351457189383153489", "price": "0.55", "size": "1353.57", "side": "SELL", "hash": "7a19938325ce445b647029c5d9a1b7f2e54f5d6f", "best_bid": "0.52", "best_ask": "0.54"}], "timestamp": "1769384078775", "event_type": "price_change"}}
{"_local_timestamp": "2026-01-25T23:34:40.609948+00:00", "data": {"market": "0x6262a76b26dba92b7de48e49bc9c5dce0b1e3cbd4927ba02a2292e53ab32677b", "price_changes": [{"asset_id": "3029562585062734671915107793115526294897334591050692289098351457189383153489", "price": "0.51", "size": "1061.19", "side": "BUY", "hash": "57db0231e6cf2324bc7cdf35ebd886ff0f71752f", "best_bid": "0.52", "best_ask": "0.54"}, {"asset_id": "101585409159496530633179743726445266550257884783684157888874008441092798859191", "price": "0.49", "size": "1061.19", "side": "SELL", "hash": "94bf3c6f7206599e1f15941f603c7e92c9f95d0d", "best_bid": "0.46", "best_ask": "0.48"}], "timestamp": "1769384080395", "event_type": "price_change"}}
{"_local_timestamp": "2026-01-25T23:34:43.590567+00:00", "data": {"market": "0x6262a76b26dba92b7de48e49bc9c5dce0b1e3cbd4927ba02a2292e53ab32677b", "price_changes": [{"asset_id": "3029562585062734671915107793115526294897334591050692289098351457189383153489", "price": "0.51", "size": "1051.19", "side": "BUY", "hash": "cda8e03f3043415ff9a9c5321f82571af5c8bd30", "best_bid": "0.52", "best_ask": "0.54"}, {"asset_id": "101585409159496530633179743726445266550257884783684157888874008441092798859191", "price": "0.49", "size": "1051.19", "side": "SELL", "hash": "98abfdd580c1fac135fbee3f13ddbc5a7f705154", "best_bid": "0.46", "best_ask": "0.48"}], "timestamp": "1769384083523", "event_type": "price_change"}}
{"_local_timestamp": "2026-01-25T23:34:43.662138+00:00", "data": {"market": "0x6262a76b26dba92b7de48e49bc9c5dce0b1e3cbd4927ba02a2292e53ab32677b", "price_changes": [{"asset_id": "101585409159496530633179743726445266550257884783684157888874008441092798859191", "price": "0.45", "size": "1363.57", "side": "BUY", "hash": "9ed10e284c393c1efddeb66d620380090637b246", "best_bid": "0.46", "best_ask": "0.48"}, {"asset_id": "3029562585062734671915107793115526294897334591050692289098351457189383153489", "price": "0.55", "size": "1363.57", "side": "SELL", "hash": "70a148dcefc2829b3e690ecc159c3598e3355d61", "best_bid": "0.52", "best_ask": "0.54"}], "timestamp": "1769384083567", "event_type": "price_change"}}
{"_local_timestamp": "2026-01-25T23:34:44.874154+00:00", "data": {"market": "0x6262a76b26dba92b7de48e49bc9c5dce0b1e3cbd4927ba02a2292e53ab32677b", "price_changes": [{"asset_id": "101585409159496530633179743726445266550257884783684157888874008441092798859191", "price": "0.45", "size": "1353.57", "side": "BUY", "hash": "c9f30babb678187ae8b3bf7d7baaa5926a77e2e3", "best_bid": "0.46", "best_ask": "0.48"}, {"asset_id": "3029562585062734671915107793115526294897334591050692289098351457189383153489", "price": "0.55", "size": "1353.57", "side": "SELL", "hash": "4d1ec7dc60628e248daae2da1ec4a3d326a447e4", "best_bid": "0.52", "best_ask": "0.54"}], "timestamp": "1769384084800", "event_type": "price_change"}}
{"_local_timestamp": "2026-01-25T23:34:45.171281+00:00", "data": {"market": "0x6262a76b26dba92b7de48e49bc9c5dce0b1e3cbd4927ba02a2292e53ab32677b", "price_changes": [{"asset_id": "101585409159496530633179743726445266550257884783684157888874008441092798859191", "price": "0.45", "size": "1363.57", "side": "BUY", "hash": "243d72940277032e599acf5539f388de0e7afcd0", "best_bid": "0.46", "best_ask": "0.48"}, {"asset_id": "3029562585062734671915107793115526294897334591050692289098351457189383153489", "price": "0.55", "size": "1363.57", "side": "SELL", "hash": "3c905169fbccd4f11284a71354de9c179b5324bb", "best_bid": "0.52", "best_ask": "0.54"}], "timestamp": "1769384085080", "event_type": "price_change"}}
{"_local_timestamp": "2026-01-25T23:34:45.467074+00:00", "data": {"market": "0x6262a76b26dba92b7de48e49bc9c5dce0b1e3cbd4927ba02a2292e53ab32677b", "price_changes": [{"asset_id": "101585409159496530633179743726445266550257884783684157888874008441092798859191", "price": "0.2", "size": "1050", "side": "BUY", "hash": "b326b83546d0826efdce20606de61222b2b10f07", "best_bid": "0.46", "best_ask": "0.48"}, {"asset_id": "3029562585062734671915107793115526294897334591050692289098351457189383153489", "price": "0.8", "size": "1050", "side": "SELL", "hash": "602c7daa525554328912931408608dd29985c600", "best_bid": "0.52", "best_ask": "0.54"}], "timestamp": "1769384085392", "event_type": "price_change"}}
{"_local_timestamp": "2026-01-25T23:34:45.624768+00:00", "data": {"market": "0x6262a76b26dba92b7de48e49bc9c5dce0b1e3cbd4927ba02a2292e53ab32677b", "price_changes": [{"asset_id": "101585409159496530633179743726445266550257884783684157888874008441092798859191", "price": "0.16", "size": "3779", "side": "BUY", "hash": "b28780b88be5ebdf391f5809d3204fb5fb651d2e", "best_bid": "0.46", "best_ask": "0.48"}, {"asset_id": "3029562585062734671915107793115526294897334591050692289098351457189383153489", "price": "0.84", "size": "3779", "side": "SELL", "hash": "2d7be83b5f6adb5cf9685e172d419314c2a52eac", "best_bid": "0.52", "best_ask": "0.54"}], "timestamp": "1769384085561", "event_type": "price_change"}}
{"_local_timestamp": "2026-01-25T23:34:45.826554+00:00", "data": {"market": "0x6262a76b26dba92b7de48e49bc9c5dce0b1e3cbd4927ba02a2292e53ab32677b", "price_changes": [{"asset_id": "3029562585062734671915107793115526294897334591050692289098351457189383153489", "price": "0.19", "size": "100", "side": "BUY", "hash": "a516745e96bad16bfc385f20a8b27003e6de1fe6", "best_bid": "0.52", "best_ask": "0.54"}, {"asset_id": "101585409159496530633179743726445266550257884783684157888874008441092798859191", "price": "0.81", "size": "100", "side": "SELL", "hash": "2606330f2e2da1c26a97758cb14bede483f22102", "best_bid": "0.46", "best_ask": "0.48"}], "timestamp": "1769384085757", "event_type": "price_change"}}
{"_local_timestamp": "2026-01-25T23:34:45.995115+00:00", "data": {"market": "0x6262a76b26dba92b7de48e49bc9c5dce0b1e3cbd4927ba02a2292e53ab32677b", "price_changes": [{"asset_id": "3029562585062734671915107793115526294897334591050692289098351457189383153489", "price": "0.21", "size": "3625", "side": "BUY", "hash": "f0125378207f33cd829ecaba35b1292a23047507", "best_bid": "0.52", "best_ask": "0.54"}, {"asset_id": "101585409159496530633179743726445266550257884783684157888874008441092798859191", "price": "0.79", "size": "3625", "side": "SELL", "hash": "3d26202dae3f44f74d19282b603ddff16f9de019", "best_bid": "0.46", "best_ask": "0.48"}], "timestamp": "1769384085925", "event_type": "price_change"}}
{"_local_timestamp": "2026-01-25T23:34:46.945085+00:00", "data": {"market": "0x6262a76b26dba92b7de48e49bc9c5dce0b1e3cbd4927ba02a2292e53ab32677b", "price_changes": [{"asset_id": "101585409159496530633179743726445266550257884783684157888874008441092798859191", "price": "0.45", "size": "1353.57", "side": "BUY", "hash": "3fd2823be9d91cd3cd5a2c36011404cccf35c3da", "best_bid": "0.46", "best_ask": "0.48"}, {"asset_id": "3029562585062734671915107793115526294897334591050692289098351457189383153489", "price": "0.55", "size": "1353.57", "side": "SELL", "hash": "ec2e8ef8fa8f811917dcc6ab7f8f73ea67cd0c28", "best_bid": "0.52", "best_ask": "0.54"}], "timestamp": "1769384086874", "event_type": "price_change"}}
{"_local_timestamp": "2026-01-25T23:34:48.331662+00:00", "data": {"market": "0x6262a76b26dba92b7de48e49bc9c5dce0b1e3cbd4927ba02a2292e53ab32677b", "price_changes": [{"asset_id": "3029562585062734671915107793115526294897334591050692289098351457189383153489", "price": "0.51", "size": "1061.19", "side": "BUY", "hash": "1651608a36b58be55da89ef03322dc40ffba4169", "best_bid": "0.52", "best_ask": "0.54"}, {"asset_id": "101585409159496530633179743726445266550257884783684157888874008441092798859191", "price": "0.49", "size": "1061.19", "side": "SELL", "hash": "aab7d8b362f505809a9609cc094b969908111099", "best_bid": "0.46", "best_ask": "0.48"}], "timestamp": "1769384088262", "event_type": "price_change"}}
{"_local_timestamp": "2026-01-25T23:34:48.472990+00:00", "data": {"market": "0x6262a76b26dba92b7de48e49bc9c5dce0b1e3cbd4927ba02a2292e53ab32677b", "price_changes": [{"asset_id": "3029562585062734671915107793115526294897334591050692289098351457189383153489", "price": "0.51", "size": "1051.19", "side": "BUY", "hash": "50f923838b6ba0f485e85f37fac5c1f3428734ea", "best_bid": "0.52", "best_ask": "0.54"}, {"asset_id": "101585409159496530633179743726445266550257884783684157888874008441092798859191", "price": "0.49", "size": "1051.19", "side": "SELL", "hash": "6811dafa8bc13e2a8e20f8976e31bd8ce864cb3b", "best_bid": "0.46", "best_ask": "0.48"}], "timestamp": "1769384088409", "event_type": "price_change"}}
{"_local_timestamp": "2026-01-25T23:34:51.428951+00:00", "data": {"market": "0x6262a76b26dba92b7de48e49bc9c5dce0b1e3cbd4927ba02a2292e53ab32677b", "price_changes": [{"asset_id": "101585409159496530633179743726445266550257884783684157888874008441092798859191", "price": "0.45", "size": "1363.57", "side": "BUY", "hash": "4448706ef23a089b3ce9778646449b7245552976", "best_bid": "0.46", "best_ask": "0.48"}, {"asset_id": "3029562585062734671915107793115526294897334591050692289098351457189383153489", "price": "0.55", "size": "1363.57", "side": "SELL", "hash": "2b6dd6fe18cadd4342bb0a2c77fb82a5f218fb0f", "best_bid": "0.52", "best_ask": "0.54"}], "timestamp": "1769384091359", "event_type": "price_change"}}
{"_local_timestamp": "2026-01-25T23:34:54.688387+00:00", "data": {"market": "0x6262a76b26dba92b7de48e49bc9c5dce0b1e3cbd4927ba02a2292e53ab32677b", "price_changes": [{"asset_id": "101585409159496530633179743726445266550257884783684157888874008441092798859191", "price": "0.45", "size": "1353.57", "side": "BUY", "hash": "3cf539abdc4bae1519d4914fc02e0f957850a05b", "best_bid": "0.46", "best_ask": "0.48"}, {"asset_id": "3029562585062734671915107793115526294897334591050692289098351457189383153489", "price": "0.55", "size": "1353.57", "side": "SELL", "hash": "e7f5411d675284983e45dbc01b297402fa2811ab", "best_bid": "0.52", "best_ask": "0.54"}], "timestamp": "1769384094596", "event_type": "price_change"}}
{"_local_timestamp": "2026-01-25T23:34:56.436555+00:00", "data": {"market": "0x6262a76b26dba92b7de48e49bc9c5dce0b1e3cbd4927ba02a2292e53ab32677b", "price_changes": [{"asset_id": "101585409159496530633179743726445266550257884783684157888874008441092798859191", "price": "0.45", "size": "1363.57", "side": "BUY", "hash": "35be1a845f44e16a22188d438be766032892f1ba", "best_bid": "0.46", "best_ask": "0.48"}, {"asset_id": "3029562585062734671915107793115526294897334591050692289098351457189383153489", "price": "0.55", "size": "1363.57", "side": "SELL", "hash": "e1dc3962da343f33c4b659c297ef33bd2906f1b0", "best_bid": "0.52", "best_ask": "0.54"}], "timestamp": "1769384096353", "event_type": "price_change"}}
{"_local_timestamp": "2026-01-25T23:34:57.464405+00:00", "data": {"market": "0x6262a76b26dba92b7de48e49bc9c5dce0b1e3cbd4927ba02a2292e53ab32677b", "price_changes": [{"asset_id": "101585409159496530633179743726445266550257884783684157888874008441092798859191", "price": "0.45", "size": "1353.57", "side": "BUY", "hash": "04043493778f42f73525fcc252b744a44a939453", "best_bid": "0.46", "best_ask": "0.48"}, {"asset_id": "3029562585062734671915107793115526294897334591050692289098351457189383153489", "price": "0.55", "size": "1353.57", "side": "SELL", "hash": "aa126dea5d24dcae9df5454af4ccb07b042b4301", "best_bid": "0.52", "best_ask": "0.54"}], "timestamp": "1769384097369", "event_type": "price_change"}}
{"_local_timestamp": "2026-01-25T23:34:58.488576+00:00", "data": {"market": "0x6262a76b26dba92b7de48e49bc9c5dce0b1e3cbd4927ba02a2292e53ab32677b", "price_changes": [{"asset_id": "3029562585062734671915107793115526294897334591050692289098351457189383153489", "price": "0.51", "size": "1061.19", "side": "BUY", "hash": "3cd2d480f5b60e2f290131ae2efbc5eefbdd303c", "best_bid": "0.52", "best_ask": "0.54"}, {"asset_id": "101585409159496530633179743726445266550257884783684157888874008441092798859191", "price": "0.49", "size": "1061.19", "side": "SELL", "hash": "32e32f36965a564be51902648dc12649fc2c5c1a", "best_bid": "0.46", "best_ask": "0.48"}], "timestamp": "1769384098400", "event_type": "price_change"}}
{"_local_timestamp": "2026-01-25T23:34:58.504911+00:00", "data": {"market": "0x6262a76b26dba92b7de48e49bc9c5dce0b1e3cbd4927ba02a2292e53ab32677b", "price_changes": [{"asset_id": "3029562585062734671915107793115526294897334591050692289098351457189383153489", "price": "0.51", "size": "1051.19", "side": "BUY", "hash": "7140f73e9d0acd4a2034639270f85534208075ae", "best_bid": "0.52", "best_ask": "0.54"}, {"asset_id": "101585409159496530633179743726445266550257884783684157888874008441092798859191", "price": "0.49", "size": "1051.19", "side": "SELL", "hash": "ba856b228f38d7bdd343fe2d2cf58af0a2a03d5c", "best_bid": "0.46", "best_ask": "0.48"}], "timestamp": "1769384098431", "event_type": "price_change"}}
{"_local_timestamp": "2026-01-25T23:34:58.642699+00:00", "data": {"market": "0x6262a76b26dba92b7de48e49bc9c5dce0b1e3cbd4927ba02a2292e53ab32677b", "price_changes": [{"asset_id": "101585409159496530633179743726445266550257884783684157888874008441092798859191", "price": "0.45", "size": "1363.57", "side": "BUY", "hash": "b5257c30def8b89fdd734609da7936d51f82199a", "best_bid": "0.46", "best_ask": "0.48"}, {"asset_id": "3029562585062734671915107793115526294897334591050692289098351457189383153489", "price": "0.55", "size": "1363.57", "side": "SELL", "hash": "a61c35bbf6efa8e1588b6f4a9702182785ed58dd", "best_bid": "0.52", "best_ask": "0.54"}], "timestamp": "1769384098557", "event_type": "price_change"}}
{"_local_timestamp": "2026-01-25T23:35:00.576397+00:00", "data": {"market": "0x6262a76b26dba92b7de48e49bc9c5dce0b1e3cbd4927ba02a2292e53ab32677b", "price_changes": [{"asset_id": "101585409159496530633179743726445266550257884783684157888874008441092798859191", "price": "0.45", "size": "1353.57", "side": "BUY", "hash": "7f826ab9bfc79014311068f6d456de646a721dea", "best_bid": "0.46", "best_ask": "0.48"}, {"asset_id": "3029562585062734671915107793115526294897334591050692289098351457189383153489", "price": "0.55", "size": "1353.57", "side": "SELL", "hash": "221f847f5a330df414dc95db9039c2c9bba08d92", "best_bid": "0.52", "best_ask": "0.54"}], "timestamp": "1769384100506", "event_type": "price_change"}}
{"_local_timestamp": "2026-01-25T23:35:02.382670+00:00", "data": {"market": "0x6262a76b26dba92b7de48e49bc9c5dce0b1e3cbd4927ba02a2292e53ab32677b", "price_changes": [{"asset_id": "101585409159496530633179743726445266550257884783684157888874008441092798859191", "price": "0.45", "size": "1363.57", "side": "BUY", "hash": "1198c46339b5b98efb5aabdb0ee4a5707eaea9b2", "best_bid": "0.46", "best_ask": "0.48"}, {"asset_id": "3029562585062734671915107793115526294897334591050692289098351457189383153489", "price": "0.55", "size": "1363.57", "side": "SELL", "hash": "4d25f76f739506e2fb557f3e4b5ca7bc87cb7e67", "best_bid": "0.52", "best_ask": "0.54"}], "timestamp": "1769384102233", "event_type": "price_change"}}
{"_local_timestamp": "2026-01-25T23:35:02.524600+00:00", "data": {"market": "0x6262a76b26dba92b7de48e49bc9c5dce0b1e3cbd4927ba02a2292e53ab32677b", "price_changes": [{"asset_id": "101585409159496530633179743726445266550257884783684157888874008441092798859191", "price": "0.45", "size": "1353.57", "side": "BUY", "hash": "99e129e2ab0779fd1744764d14b6feb1fa2f4c3a", "best_bid": "0.46", "best_ask": "0.48"}, {"asset_id": "3029562585062734671915107793115526294897334591050692289098351457189383153489", "price": "0.55", "size": "1353.57", "side": "SELL", "hash": "d4f52b7688906a35195405d4488418fcb0aff5ff", "best_bid": "0.52", "best_ask": "0.54"}], "timestamp": "1769384102377", "event_type": "price_change"}}
{"_local_timestamp": "2026-01-25T23:35:04.932466+00:00", "data": {"market": "0x6262a76b26dba92b7de48e49bc9c5dce0b1e3cbd4927ba02a2292e53ab32677b", "price_changes": [{"asset_id": "3029562585062734671915107793115526294897334591050692289098351457189383153489", "price": "0.51", "size": "1061.19", "side": "BUY", "hash": "e8432262cbdd82433f65bd4ee07f1c08666a432c", "best_bid": "0.52", "best_ask": "0.54"}, {"asset_id": "101585409159496530633179743726445266550257884783684157888874008441092798859191", "price": "0.49", "size": "1061.19", "side": "SELL", "hash": "1c48e40d2b97c143baef80707eb42c0485dda7d8", "best_bid": "0.46", "best_ask": "0.48"}], "timestamp": "1769384104785", "event_type": "price_change"}}
{"_local_timestamp": "2026-01-25T23:35:05.221582+00:00", "data": {"market": "0x6262a76b26dba92b7de48e49bc9c5dce0b1e3cbd4927ba02a2292e53ab32677b", "price_changes": [{"asset_id": "3029562585062734671915107793115526294897334591050692289098351457189383153489", "price": "0.51", "size": "1161.19", "side": "BUY", "hash": "275ed2ac4ef2e483a0b4a51197e4e503651c99fc", "best_bid": "0.52", "best_ask": "0.54"}, {"asset_id": "101585409159496530633179743726445266550257884783684157888874008441092798859191", "price": "0.49", "size": "1161.19", "side": "SELL", "hash": "bc47fe002181d853c1982e184aa8d81076eee8ee", "best_bid": "0.46", "best_ask": "0.48"}], "timestamp": "1769384105069", "event_type": "price_change"}}
{"_local_timestamp": "2026-01-25T23:35:05.222072+00:00", "data": {"market": "0x6262a76b26dba92b7de48e49bc9c5dce0b1e3cbd4927ba02a2292e53ab32677b", "price_changes": [{"asset_id": "101585409159496530633179743726445266550257884783684157888874008441092798859191", "price": "0.45", "size": "1453.57", "side": "BUY", "hash": "9aa223aadb06d0bdd6e26dc0def9b9abc90aa668", "best_bid": "0.46", "best_ask": "0.48"}, {"asset_id": "3029562585062734671915107793115526294897334591050692289098351457189383153489", "price": "0.55", "size": "1453.57", "side": "SELL", "hash": "3073890f30a09178cb328d6063481d151b81d3cd", "best_bid": "0.52", "best_ask": "0.54"}], "timestamp": "1769384105069", "event_type": "price_change"}}
{"_local_timestamp": "2026-01-25T23:35:06.300634+00:00", "data": {"market": "0x6262a76b26dba92b7de48e49bc9c5dce0b1e3cbd4927ba02a2292e53ab32677b", "price_changes": [{"asset_id": "3029562585062734671915107793115526294897334591050692289098351457189383153489", "price": "0.51", "size": "1151.19", "side": "BUY", "hash": "8ec2e6486eeddddc5356a1c454eebd21fdd38055", "best_bid": "0.52", "best_ask": "0.54"}, {"asset_id": "101585409159496530633179743726445266550257884783684157888874008441092798859191", "price": "0.49", "size": "1151.19", "side": "SELL", "hash": "4355076ff80567b1308ad57681a48e667f4027c6", "best_bid": "0.46", "best_ask": "0.48"}], "timestamp": "1769384106102", "event_type": "price_change"}}
{"_local_timestamp": "2026-01-25T23:35:06.360586+00:00", "data": {"market": "0x6262a76b26dba92b7de48e49bc9c5dce0b1e3cbd4927ba02a2292e53ab32677b", "price_changes": [{"asset_id": "101585409159496530633179743726445266550257884783684157888874008441092798859191", "price": "0.45", "size": "1463.57", "side": "BUY", "hash": "ccec8b9a39a70120437c69803e647934a911c75e", "best_bid": "0.46", "best_ask": "0.48"}, {"asset_id": "3029562585062734671915107793115526294897334591050692289098351457189383153489", "price": "0.55", "size": "1463.57", "side": "SELL", "hash": "180dbbf7b9f6f4f9ed9bf7aa324887753578cb3d", "best_bid": "0.52", "best_ask": "0.54"}], "timestamp": "1769384106175", "event_type": "price_change"}}
{"_local_timestamp": "2026-01-25T23:35:06.508363+00:00", "data": {"market": "0x6262a76b26dba92b7de48e49bc9c5dce0b1e3cbd4927ba02a2292e53ab32677b", "price_changes": [{"asset_id": "101585409159496530633179743726445266550257884783684157888874008441092798859191", "price": "0.45", "size": "1453.57", "side": "BUY", "hash": "5315bb31a7e2537c0827d37a3900736fb3176759", "best_bid": "0.46", "best_ask": "0.48"}, {"asset_id": "3029562585062734671915107793115526294897334591050692289098351457189383153489", "price": "0.55", "size": "1453.57", "side": "SELL", "hash": "b7facb050a528b2072942de06768fceb43d5a35f", "best_bid": "0.52", "best_ask": "0.54"}], "timestamp": "1769384106320", "event_type": "price_change"}}
{"_local_timestamp": "2026-01-25T23:35:06.537438+00:00", "data": {"market": "0x6262a76b26dba92b7de48e49bc9c5dce0b1e3cbd4927ba02a2292e53ab32677b", "price_changes": [{"asset_id": "3029562585062734671915107793115526294897334591050692289098351457189383153489", "price": "0.51", "size": "1161.19", "side": "BUY", "hash": "8d331bfbc82518eaf804a7772ac140753c9febe8", "best_bid": "0.52", "best_ask": "0.54"}, {"asset_id": "101585409159496530633179743726445266550257884783684157888874008441092798859191", "price": "0.49", "size": "1161.19", "side": "SELL", "hash": "50558a04d06193be7ae3dfdc1e7a005a5ad12f41", "best_bid": "0.46", "best_ask": "0.48"}], "timestamp": "1769384106347", "event_type": "price_change"}}
{"_local_timestamp": "2026-01-25T23:35:08.094628+00:00", "data": {"market": "0x6262a76b26dba92b7de48e49bc9c5dce0b1e3cbd4927ba02a2292e53ab32677b", "price_changes": [{"asset_id": "3029562585062734671915107793115526294897334591050692289098351457189383153489", "price": "0.51", "size": "1151.19", "side": "BUY", "hash": "7f04db70c1edb6c5ac17a945d04eaa8f24d3952f", "best_bid": "0.52", "best_ask": "0.54"}, {"asset_id": "101585409159496530633179743726445266550257884783684157888874008441092798859191", "price": "0.49", "size": "1151.19", "side": "SELL", "hash": "7b4602eb5a580f7884c8655c953e0ce87b857cab", "best_bid": "0.46", "best_ask": "0.48"}], "timestamp": "1769384107886", "event_type": "price_change"}}
{"_local_timestamp": "2026-01-25T23:35:08.264109+00:00", "data": {"market": "0x6262a76b26dba92b7de48e49bc9c5dce0b1e3cbd4927ba02a2292e53ab32677b", "price_changes": [{"asset_id": "3029562585062734671915107793115526294897334591050692289098351457189383153489", "price": "0.51", "size": "1161.19", "side": "BUY", "hash": "07562c097829a3364d292cbae98382d564292361", "best_bid": "0.52", "best_ask": "0.54"}, {"asset_id": "101585409159496530633179743726445266550257884783684157888874008441092798859191", "price": "0.49", "size": "1161.19", "side": "SELL", "hash": "74c4a1f9c075773b4db8e17f62685de93385ec7c", "best_bid": "0.46", "best_ask": "0.48"}], "timestamp": "1769384108007", "event_type": "price_change"}}
{"_local_timestamp": "2026-01-25T23:35:10.170500+00:00", "data": {"market": "0x6262a76b26dba92b7de48e49bc9c5dce0b1e3cbd4927ba02a2292e53ab32677b", "price_changes": [{"asset_id": "3029562585062734671915107793115526294897334591050692289098351457189383153489", "price": "0.51", "size": "1151.19", "side": "BUY", "hash": "f2417c0839267ce885111de62812b07630d47d1b", "best_bid": "0.52", "best_ask": "0.54"}, {"asset_id": "101585409159496530633179743726445266550257884783684157888874008441092798859191", "price": "0.49", "size": "1151.19", "side": "SELL", "hash": "13521d4bee2a9ebdfe0a770bb307fbe720e46464", "best_bid": "0.46", "best_ask": "0.48"}], "timestamp": "1769384109974", "event_type": "price_change"}}
{"_local_timestamp": "2026-01-25T23:35:11.260869+00:00", "data": {"market": "0x6262a76b26dba92b7de48e49bc9c5dce0b1e3cbd4927ba02a2292e53ab32677b", "price_changes": [{"asset_id": "101585409159496530633179743726445266550257884783684157888874008441092798859191", "price": "0.45", "size": "1463.57", "side": "BUY", "hash": "6fcb9ab137d2531de199c9389a4461b50a24570d", "best_bid": "0.46", "best_ask": "0.48"}, {"asset_id": "3029562585062734671915107793115526294897334591050692289098351457189383153489", "price": "0.55", "size": "1463.57", "side": "SELL", "hash": "9803f6bdd94efb33be1ec485afd9ab036bdb082a", "best_bid": "0.52", "best_ask": "0.54"}], "timestamp": "1769384111044", "event_type": "price_change"}}
{"_local_timestamp": "2026-01-25T23:35:12.328295+00:00", "data": {"market": "0x6262a76b26dba92b7de48e49bc9c5dce0b1e3cbd4927ba02a2292e53ab32677b", "price_changes": [{"asset_id": "101585409159496530633179743726445266550257884783684157888874008441092798859191", "price": "0.45", "size": "1453.57", "side": "BUY", "hash": "5bc8948321428202a1a79337ad30fc42978743b4", "best_bid": "0.46", "best_ask": "0.48"}, {"asset_id": "3029562585062734671915107793115526294897334591050692289098351457189383153489", "price": "0.55", "size": "1453.57", "side": "SELL", "hash": "a3213ef590ed0ce6c9f407d0bca9d6371b7b13d1", "best_bid": "0.52", "best_ask": "0.54"}], "timestamp": "1769384112116", "event_type": "price_change"}}
{"_local_timestamp": "2026-01-25T23:35:13.599527+00:00", "data": {"market": "0x6262a76b26dba92b7de48e49bc9c5dce0b1e3cbd4927ba02a2292e53ab32677b", "price_changes": [{"asset_id": "101585409159496530633179743726445266550257884783684157888874008441092798859191", "price": "0.45", "size": "1463.57", "side": "BUY", "hash": "e4476854c4988b2e0368a87adee99599e96e9ea9", "best_bid": "0.46", "best_ask": "0.48"}, {"asset_id": "3029562585062734671915107793115526294897334591050692289098351457189383153489", "price": "0.55", "size": "1463.57", "side": "SELL", "hash": "a1b75f3b00738295afb34c16ae435046b9ff41a1", "best_bid": "0.52", "best_ask": "0.54"}], "timestamp": "1769384113302", "event_type": "price_change"}}
{"_local_timestamp": "2026-01-25T23:35:15.941278+00:00", "data": {"market": "0x6262a76b26dba92b7de48e49bc9c5dce0b1e3cbd4927ba02a2292e53ab32677b", "price_changes": [{"asset_id": "101585409159496530633179743726445266550257884783684157888874008441092798859191", "price": "0.45", "size": "1453.57", "side": "BUY", "hash": "ef4db7c626760701cc21abe81330fc0a9119e656", "best_bid": "0.46", "best_ask": "0.48"}, {"asset_id": "3029562585062734671915107793115526294897334591050692289098351457189383153489", "price": "0.55", "size": "1453.57", "side": "SELL", "hash": "9ea1d745ea5234fe159d147deaeadd9ed2f4dc40", "best_bid": "0.52", "best_ask": "0.54"}], "timestamp": "1769384115722", "event_type": "price_change"}}
{"_local_timestamp": "2026-01-25T23:35:16.313351+00:00", "data": {"market": "0x6262a76b26dba92b7de48e49bc9c5dce0b1e3cbd4927ba02a2292e53ab32677b", "price_changes": [{"asset_id": "3029562585062734671915107793115526294897334591050692289098351457189383153489", "price": "0.51", "size": "1161.19", "side": "BUY", "hash": "43a8d39f081ba213007473f6034072aaf2f111f4", "best_bid": "0.52", "best_ask": "0.54"}, {"asset_id": "101585409159496530633179743726445266550257884783684157888874008441092798859191", "price": "0.49", "size": "1161.19", "side": "SELL", "hash": "3e9d6397ae646f0db5fd76ab216cdb3cd963a5b2", "best_bid": "0.46", "best_ask": "0.48"}], "timestamp": "1769384116088", "event_type": "price_change"}}
{"_local_timestamp": "2026-01-25T23:35:17.257660+00:00", "data": {"market": "0x6262a76b26dba92b7de48e49bc9c5dce0b1e3cbd4927ba02a2292e53ab32677b", "price_changes": [{"asset_id": "3029562585062734671915107793115526294897334591050692289098351457189383153489", "price": "0.51", "size": "1151.19", "side": "BUY", "hash": "01d0766813e885056db8818f755f65b29325358a", "best_bid": "0.52", "best_ask": "0.54"}, {"asset_id": "101585409159496530633179743726445266550257884783684157888874008441092798859191", "price": "0.49", "size": "1151.19", "side": "SELL", "hash": "e10e44115adb2eb82a3b5bd112c4d5421b6bc342", "best_bid": "0.46", "best_ask": "0.48"}], "timestamp": "1769384117045", "event_type": "price_change"}}
{"_local_timestamp": "2026-01-25T23:35:18.739503+00:00", "data": {"market": "0x6262a76b26dba92b7de48e49bc9c5dce0b1e3cbd4927ba02a2292e53ab32677b", "price_changes": [{"asset_id": "101585409159496530633179743726445266550257884783684157888874008441092798859191", "price": "0.45", "size": "1463.57", "side": "BUY", "hash": "0bc7f7cd1c92e4641df143799a0b14bf99c5ab19", "best_bid": "0.46", "best_ask": "0.48"}, {"asset_id": "3029562585062734671915107793115526294897334591050692289098351457189383153489", "price": "0.55", "size": "1463.57", "side": "SELL", "hash": "e60e0cd1cb4f4c873b9c180f8f53e592a6975efe", "best_bid": "0.52", "best_ask": "0.54"}], "timestamp": "1769384118533", "event_type": "price_change"}}
{"_local_timestamp": "2026-01-25T23:35:21.532659+00:00", "data": {"market": "0x6262a76b26dba92b7de48e49bc9c5dce0b1e3cbd4927ba02a2292e53ab32677b", "price_changes": [{"asset_id": "101585409159496530633179743726445266550257884783684157888874008441092798859191", "price": "0.45", "size": "1453.57", "side": "BUY", "hash": "66c20711300bb6883e166c5718dcde523963aabb", "best_bid": "0.46", "best_ask": "0.48"}, {"asset_id": "3029562585062734671915107793115526294897334591050692289098351457189383153489", "price": "0.55", "size": "1453.57", "side": "SELL", "hash": "12605b3ca0f86ba907a843df97ba982f778db7af", "best_bid": "0.52", "best_ask": "0.54"}], "timestamp": "1769384121321", "event_type": "price_change"}}
{"_local_timestamp": "2026-01-25T23:35:22.753901+00:00", "data": {"market": "0x6262a76b26dba92b7de48e49bc9c5dce0b1e3cbd4927ba02a2292e53ab32677b", "price_changes": [{"asset_id": "3029562585062734671915107793115526294897334591050692289098351457189383153489", "price": "0.51", "size": "1161.19", "side": "BUY", "hash": "a3a5cab0ff8f2ee10fd6cb28a02bb535212c0286", "best_bid": "0.52", "best_ask": "0.54"}, {"asset_id": "101585409159496530633179743726445266550257884783684157888874008441092798859191", "price": "0.49", "size": "1161.19", "side": "SELL", "hash": "2b70c4380403f5fc4dbf948bbd67ddeba68b630e", "best_bid": "0.46", "best_ask": "0.48"}], "timestamp": "1769384122541", "event_type": "price_change"}}
{"_local_timestamp": "2026-01-25T23:35:23.329865+00:00", "data": {"market": "0x6262a76b26dba92b7de48e49bc9c5dce0b1e3cbd4927ba02a2292e53ab32677b", "price_changes": [{"asset_id": "3029562585062734671915107793115526294897334591050692289098351457189383153489", "price": "0.51", "size": "1151.19", "side": "BUY", "hash": "cc1dcab4bc290b4d590b194f387ec0f017ce1b41", "best_bid": "0.52", "best_ask": "0.54"}, {"asset_id": "101585409159496530633179743726445266550257884783684157888874008441092798859191", "price": "0.49", "size": "1151.19", "side": "SELL", "hash": "4b31ff16b04364cbcb0e4361d315386bfac6404e", "best_bid": "0.46", "best_ask": "0.48"}], "timestamp": "1769384123120", "event_type": "price_change"}}
{"_local_timestamp": "2026-01-25T23:35:24.789727+00:00", "data": {"market": "0x6262a76b26dba92b7de48e49bc9c5dce0b1e3cbd4927ba02a2292e53ab32677b", "price_changes": [{"asset_id": "101585409159496530633179743726445266550257884783684157888874008441092798859191", "price": "0.45", "size": "1463.57", "side": "BUY", "hash": "e5dd01cdb6a8ef3aa4d33024bc4d213b36bc455b", "best_bid": "0.46", "best_ask": "0.48"}, {"asset_id": "3029562585062734671915107793115526294897334591050692289098351457189383153489", "price": "0.55", "size": "1463.57", "side": "SELL", "hash": "6742295364e102e1cfcf3376ad4798527c36d43f", "best_bid": "0.52", "best_ask": "0.54"}], "timestamp": "1769384124447", "event_type": "price_change"}}
{"_local_timestamp": "2026-01-25T23:35:25.117959+00:00", "data": {"market": "0x6262a76b26dba92b7de48e49bc9c5dce0b1e3cbd4927ba02a2292e53ab32677b", "price_changes": [{"asset_id": "101585409159496530633179743726445266550257884783684157888874008441092798859191", "price": "0.45", "size": "1453.57", "side": "BUY", "hash": "49a724002486aa331e9b87fe03c5e0b6afd29061", "best_bid": "0.46", "best_ask": "0.48"}, {"asset_id": "3029562585062734671915107793115526294897334591050692289098351457189383153489", "price": "0.55", "size": "1453.57", "side": "SELL", "hash": "193de9484ba62a3100e34e31d21b6e433e40d403", "best_bid": "0.52", "best_ask": "0.54"}], "timestamp": "1769384124772", "event_type": "price_change"}}
{"_local_timestamp": "2026-01-25T23:35:26.394553+00:00", "data": {"market": "0x6262a76b26dba92b7de48e49bc9c5dce0b1e3cbd4927ba02a2292e53ab32677b", "price_changes": [{"asset_id": "101585409159496530633179743726445266550257884783684157888874008441092798859191", "price": "0.45", "size": "1463.57", "side": "BUY", "hash": "2bd190b7298b7c7aa0df2e5f3ffefeeee5ec270b", "best_bid": "0.46", "best_ask": "0.48"}, {"asset_id": "3029562585062734671915107793115526294897334591050692289098351457189383153489", "price": "0.55", "size": "1463.57", "side": "SELL", "hash": "6442ac9368bb119c5ab2ccd1c942ebeb9bf82be5", "best_bid": "0.52", "best_ask": "0.54"}], "timestamp": "1769384126185", "event_type": "price_change"}}
{"_local_timestamp": "2026-01-25T23:35:27.995796+00:00", "data": {"market": "0x6262a76b26dba92b7de48e49bc9c5dce0b1e3cbd4927ba02a2292e53ab32677b", "price_changes": [{"asset_id": "101585409159496530633179743726445266550257884783684157888874008441092798859191", "price": "0.45", "size": "1453.57", "side": "BUY", "hash": "5d3c820985737e4a4324941e076ed5a9b137e1de", "best_bid": "0.46", "best_ask": "0.48"}, {"asset_id": "3029562585062734671915107793115526294897334591050692289098351457189383153489", "price": "0.55", "size": "1453.57", "side": "SELL", "hash": "1b8917f321ef5ed4a19b5a8ef51251c60fa53248", "best_bid": "0.52", "best_ask": "0.54"}], "timestamp": "1769384127769", "event_type": "price_change"}}
{"_local_timestamp": "2026-01-25T23:35:29.422646+00:00", "data": {"market": "0x6262a76b26dba92b7de48e49bc9c5dce0b1e3cbd4927ba02a2292e53ab32677b", "price_changes": [{"asset_id": "101585409159496530633179743726445266550257884783684157888874008441092798859191", "price": "0.45", "size": "1463.57", "side": "BUY", "hash": "3df6b6411de3e99871af6792783f76ec4cd43286", "best_bid": "0.46", "best_ask": "0.48"}, {"asset_id": "3029562585062734671915107793115526294897334591050692289098351457189383153489", "price": "0.55", "size": "1463.57", "side": "SELL", "hash": "44715f7b4e64c79f70412d9b30b5e3e5a08466b9", "best_bid": "0.52", "best_ask": "0.54"}], "timestamp": "1769384129208", "event_type": "price_change"}}
{"_local_timestamp": "2026-01-25T23:35:29.826538+00:00", "data": {"market": "0x6262a76b26dba92b7de48e49bc9c5dce0b1e3cbd4927ba02a2292e53ab32677b", "price_changes": [{"asset_id": "101585409159496530633179743726445266550257884783684157888874008441092798859191", "price": "0.45", "size": "1453.57", "side": "BUY", "hash": "31c0eddc2df0292b36840612c065a2fe30e79a68", "best_bid": "0.46", "best_ask": "0.48"}, {"asset_id": "3029562585062734671915107793115526294897334591050692289098351457189383153489", "price": "0.55", "size": "1453.57", "side": "SELL", "hash": "b1929c8bd44ab344df0ab399e5042b1b0193bbdc", "best_bid": "0.52", "best_ask": "0.54"}], "timestamp": "1769384129600", "event_type": "price_change"}}
{"_local_timestamp": "2026-01-25T23:35:30.995732+00:00", "data": {"market": "0x6262a76b26dba92b7de48e49bc9c5dce0b1e3cbd4927ba02a2292e53ab32677b", "price_changes": [{"asset_id": "3029562585062734671915107793115526294897334591050692289098351457189383153489", "price": "0.51", "size": "1161.19", "side": "BUY", "hash": "dffc3760591edb474f3083c3a94842c3a4305a3c", "best_bid": "0.52", "best_ask": "0.54"}, {"asset_id": "101585409159496530633179743726445266550257884783684157888874008441092798859191", "price": "0.49", "size": "1161.19", "side": "SELL", "hash": "fd1988219c1877eeb4edae7e69f5f6b684fd8fee", "best_bid": "0.46", "best_ask": "0.48"}], "timestamp": "1769384130757", "event_type": "price_change"}}
{"_local_timestamp": "2026-01-25T23:35:31.202574+00:00", "data": {"market": "0x6262a76b26dba92b7de48e49bc9c5dce0b1e3cbd4927ba02a2292e53ab32677b", "price_changes": [{"asset_id": "3029562585062734671915107793115526294897334591050692289098351457189383153489", "price": "0.51", "size": "1151.19", "side": "BUY", "hash": "6314fb453521da92d100edeb7d41879c767ac3e5", "best_bid": "0.52", "best_ask": "0.54"}, {"asset_id": "101585409159496530633179743726445266550257884783684157888874008441092798859191", "price": "0.49", "size": "1151.19", "side": "SELL", "hash": "c2e6658802fed3b6916fd38ff8421860e9bb4d57", "best_bid": "0.46", "best_ask": "0.48"}], "timestamp": "1769384130984", "event_type": "price_change"}}
{"_local_timestamp": "2026-01-25T23:35:31.769193+00:00", "data": {"market": "0x6262a76b26dba92b7de48e49bc9c5dce0b1e3cbd4927ba02a2292e53ab32677b", "price_changes": [{"asset_id": "101585409159496530633179743726445266550257884783684157888874008441092798859191", "price": "0.45", "size": "1463.57", "side": "BUY", "hash": "43182acbb8ea35b1dc680ac9ea3878b8b99760ef", "best_bid": "0.46", "best_ask": "0.48"}, {"asset_id": "3029562585062734671915107793115526294897334591050692289098351457189383153489", "price": "0.55", "size": "1463.57", "side": "SELL", "hash": "3a5b4a28cea7e5e368597f1fe861182fe2b7220a", "best_bid": "0.52", "best_ask": "0.54"}], "timestamp": "1769384131521", "event_type": "price_change"}}
{"_local_timestamp": "2026-01-25T23:35:31.910240+00:00", "data": {"market": "0x6262a76b26dba92b7de48e49bc9c5dce0b1e3cbd4927ba02a2292e53ab32677b", "price_changes": [{"asset_id": "101585409159496530633179743726445266550257884783684157888874008441092798859191", "price": "0.45", "size": "1453.57", "side": "BUY", "hash": "9aaf6888a9a972c46f1e6b066ce484fcc64d2598", "best_bid": "0.46", "best_ask": "0.48"}, {"asset_id": "3029562585062734671915107793115526294897334591050692289098351457189383153489", "price": "0.55", "size": "1453.57", "side": "SELL", "hash": "3360a28555275f7f94af7542849fb50104059156", "best_bid": "0.52", "best_ask": "0.54"}], "timestamp": "1769384131709", "event_type": "price_change"}}
{"_local_timestamp": "2026-01-25T23:35:32.883051+00:00", "data": {"market": "0x6262a76b26dba92b7de48e49bc9c5dce0b1e3cbd4927ba02a2292e53ab32677b", "price_changes": [{"asset_id": "3029562585062734671915107793115526294897334591050692289098351457189383153489", "price": "0.51", "size": "1161.19", "side": "BUY", "hash": "7be45dd8fbf0a658b7b1c0e7c35d12782ab17053", "best_bid": "0.52", "best_ask": "0.54"}, {"asset_id": "101585409159496530633179743726445266550257884783684157888874008441092798859191", "price": "0.49", "size": "1161.19", "side": "SELL", "hash": "c5f2e9f1e9a6e239ed6fc2aa762207322a3cc485", "best_bid": "0.46", "best_ask": "0.48"}], "timestamp": "1769384132659", "event_type": "price_change"}}
{"_local_timestamp": "2026-01-25T23:35:34.537332+00:00", "data": {"market": "0x6262a76b26dba92b7de48e49bc9c5dce0b1e3cbd4927ba02a2292e53ab32677b", "price_changes": [{"asset_id": "3029562585062734671915107793115526294897334591050692289098351457189383153489", "price": "0.51", "size": "1151.19", "side": "BUY", "hash": "47370d1406848773606ac09001bb89bf43a2bdd0", "best_bid": "0.52", "best_ask": "0.54"}, {"asset_id": "101585409159496530633179743726445266550257884783684157888874008441092798859191", "price": "0.49", "size": "1151.19", "side": "SELL", "hash": "91ccf20b1f1e27dbd3ae70a2e2d2d81534bb4691", "best_bid": "0.46", "best_ask": "0.48"}], "timestamp": "1769384134310", "event_type": "price_change"}}
{"_local_timestamp": "2026-01-25T23:35:36.711641+00:00", "data": {"market": "0x6262a76b26dba92b7de48e49bc9c5dce0b1e3cbd4927ba02a2292e53ab32677b", "price_changes": [{"asset_id": "101585409159496530633179743726445266550257884783684157888874008441092798859191", "price": "0.45", "size": "1463.57", "side": "BUY", "hash": "d24f41aa2d562c688ed73bc092222b0f81f281a8", "best_bid": "0.46", "best_ask": "0.48"}, {"asset_id": "3029562585062734671915107793115526294897334591050692289098351457189383153489", "price": "0.55", "size": "1463.57", "side": "SELL", "hash": "7659623a9a990c53f49d416b127903dda3a981b9", "best_bid": "0.52", "best_ask": "0.54"}], "timestamp": "1769384136502", "event_type": "price_change"}}
{"_local_timestamp": "2026-01-25T23:35:38.260203+00:00", "data": {"market": "0x6262a76b26dba92b7de48e49bc9c5dce0b1e3cbd4927ba02a2292e53ab32677b", "price_changes": [{"asset_id": "101585409159496530633179743726445266550257884783684157888874008441092798859191", "price": "0.45", "size": "1453.57", "side": "BUY", "hash": "2b7d63101cc7332bf8fba07def3733081bdb6a5a", "best_bid": "0.46", "best_ask": "0.48"}, {"asset_id": "3029562585062734671915107793115526294897334591050692289098351457189383153489", "price": "0.55", "size": "1453.57", "side": "SELL", "hash": "5e1921d4fcf43fc5fb7183e1317090098c23da40", "best_bid": "0.52", "best_ask": "0.54"}], "timestamp": "1769384138162", "event_type": "price_change"}}
{"_local_timestamp": "2026-01-25T23:35:39.142155+00:00", "data": {"market": "0x6262a76b26dba92b7de48e49bc9c5dce0b1e3cbd4927ba02a2292e53ab32677b", "price_changes": [{"asset_id": "3029562585062734671915107793115526294897334591050692289098351457189383153489", "price": "0.51", "size": "1161.19", "side": "BUY", "hash": "0a04ca09c3838c94f1b04b194c2175db1a65ba3a", "best_bid": "0.52", "best_ask": "0.54"}, {"asset_id": "101585409159496530633179743726445266550257884783684157888874008441092798859191", "price": "0.49", "size": "1161.19", "side": "SELL", "hash": "ea943062d54123d07935f9a22d9d0a7d79fedb70", "best_bid": "0.46", "best_ask": "0.48"}], "timestamp": "1769384139072", "event_type": "price_change"}}
{"_local_timestamp": "2026-01-25T23:35:39.842818+00:00", "data": {"market": "0x6262a76b26dba92b7de48e49bc9c5dce0b1e3cbd4927ba02a2292e53ab32677b", "price_changes": [{"asset_id": "3029562585062734671915107793115526294897334591050692289098351457189383153489", "price": "0.51", "size": "1151.19", "side": "BUY", "hash": "8d5beacffb714ba42ab75bfe9bd9f10e698bdcb7", "best_bid": "0.52", "best_ask": "0.54"}, {"asset_id": "101585409159496530633179743726445266550257884783684157888874008441092798859191", "price": "0.49", "size": "1151.19", "side": "SELL", "hash": "d95ec49b5da2bbedbce796cbfd518f743d738b4b", "best_bid": "0.46", "best_ask": "0.48"}], "timestamp": "1769384139773", "event_type": "price_change"}}
{"_local_timestamp": "2026-01-25T23:35:39.886873+00:00", "data": {"market": "0x6262a76b26dba92b7de48e49bc9c5dce0b1e3cbd4927ba02a2292e53ab32677b", "price_changes": [{"asset_id": "3029562585062734671915107793115526294897334591050692289098351457189383153489", "price": "0.51", "size": "1161.19", "side": "BUY", "hash": "d257d18716bb4f10d1a6d233b5800333b710a848", "best_bid": "0.52", "best_ask": "0.54"}, {"asset_id": "101585409159496530633179743726445266550257884783684157888874008441092798859191", "price": "0.49", "size": "1161.19", "side": "SELL", "hash": "a79b89c51aacfb7cb2e977ef0f15e4ca347792af", "best_bid": "0.46", "best_ask": "0.48"}], "timestamp": "1769384139821", "event_type": "price_change"}}
{"_local_timestamp": "2026-01-25T23:35:41.247752+00:00", "data": {"market": "0x6262a76b26dba92b7de48e49bc9c5dce0b1e3cbd4927ba02a2292e53ab32677b", "price_changes": [{"asset_id": "3029562585062734671915107793115526294897334591050692289098351457189383153489", "price": "0.51", "size": "1151.19", "side": "BUY", "hash": "5dce1ef79c6c607272f5afce9c336492bbdb239e", "best_bid": "0.52", "best_ask": "0.54"}, {"asset_id": "101585409159496530633179743726445266550257884783684157888874008441092798859191", "price": "0.49", "size": "1151.19", "side": "SELL", "hash": "09324947d8f72dda593ad5ad6c56d79ca98e4ba5", "best_bid": "0.46", "best_ask": "0.48"}], "timestamp": "1769384141176", "event_type": "price_change"}}
{"_local_timestamp": "2026-01-25T23:35:41.619279+00:00", "data": {"market": "0x6262a76b26dba92b7de48e49bc9c5dce0b1e3cbd4927ba02a2292e53ab32677b", "price_changes": [{"asset_id": "101585409159496530633179743726445266550257884783684157888874008441092798859191", "price": "0.45", "size": "1463.57", "side": "BUY", "hash": "82d7c714341264002f7f4ef500390a39165218f2", "best_bid": "0.46", "best_ask": "0.48"}, {"asset_id": "3029562585062734671915107793115526294897334591050692289098351457189383153489", "price": "0.55", "size": "1463.57", "side": "SELL", "hash": "0ca8db48518dd20770409adeb02aac329dd4f4cf", "best_bid": "0.52", "best_ask": "0.54"}], "timestamp": "1769384141552", "event_type": "price_change"}}
{"_local_timestamp": "2026-01-25T23:35:41.792231+00:00", "data": {"market": "0x6262a76b26dba92b7de48e49bc9c5dce0b1e3cbd4927ba02a2292e53ab32677b", "price_changes": [{"asset_id": "101585409159496530633179743726445266550257884783684157888874008441092798859191", "price": "0.45", "size": "1473.57", "side": "BUY", "hash": "66105e4f35141d33306c5afef066108c4cab9c9b", "best_bid": "0.46", "best_ask": "0.48"}, {"asset_id": "3029562585062734671915107793115526294897334591050692289098351457189383153489", "price": "0.55", "size": "1473.57", "side": "SELL", "hash": "56ea22661962b4d43592b58db4c5f3cc59c1825a", "best_bid": "0.52", "best_ask": "0.54"}], "timestamp": "1769384141725", "event_type": "price_change"}}
{"_local_timestamp": "2026-01-25T23:35:43.629978+00:00", "data": {"market": "0x6262a76b26dba92b7de48e49bc9c5dce0b1e3cbd4927ba02a2292e53ab32677b", "price_changes": [{"asset_id": "101585409159496530633179743726445266550257884783684157888874008441092798859191", "price": "0.45", "size": "1453.57", "side": "BUY", "hash": "f219a08f825535804515e122b205e3250ec0bc9c", "best_bid": "0.46", "best_ask": "0.48"}, {"asset_id": "3029562585062734671915107793115526294897334591050692289098351457189383153489", "price": "0.55", "size": "1453.57", "side": "SELL", "hash": "a5e66ef99e5c705822e42e4a79d81c89b319de90", "best_bid": "0.52", "best_ask": "0.54"}], "timestamp": "1769384143563", "event_type": "price_change"}}
{"_local_timestamp": "2026-01-25T23:35:45.007214+00:00", "data": {"market": "0x6262a76b26dba92b7de48e49bc9c5dce0b1e3cbd4927ba02a2292e53ab32677b", "price_changes": [{"asset_id": "3029562585062734671915107793115526294897334591050692289098351457189383153489", "price": "0.51", "size": "1161.19", "side": "BUY", "hash": "4f79879b6e6b122b23cc782261fcaefcc4c63463", "best_bid": "0.52", "best_ask": "0.54"}, {"asset_id": "101585409159496530633179743726445266550257884783684157888874008441092798859191", "price": "0.49", "size": "1161.19", "side": "SELL", "hash": "9e44ae489960f40ee5a2f8abd786033997f126c0", "best_bid": "0.46", "best_ask": "0.48"}], "timestamp": "1769384144937", "event_type": "price_change"}}
{"_local_timestamp": "2026-01-25T23:35:48.282510+00:00", "data": {"market": "0x6262a76b26dba92b7de48e49bc9c5dce0b1e3cbd4927ba02a2292e53ab32677b", "price_changes": [{"asset_id": "3029562585062734671915107793115526294897334591050692289098351457189383153489", "price": "0.51", "size": "1151.19", "side": "BUY", "hash": "3cfb2be2f31c853a48ecf23f582f6c05cd53ddc3", "best_bid": "0.52", "best_ask": "0.54"}, {"asset_id": "101585409159496530633179743726445266550257884783684157888874008441092798859191", "price": "0.49", "size": "1151.19", "side": "SELL", "hash": "665c3f54de21b5cc72f5e529610243e80ba5a3b8", "best_bid": "0.46", "best_ask": "0.48"}], "timestamp": "1769384148219", "event_type": "price_change"}}
{"_local_timestamp": "2026-01-25T23:35:49.891749+00:00", "data": {"market": "0x6262a76b26dba92b7de48e49bc9c5dce0b1e3cbd4927ba02a2292e53ab32677b", "price_changes": [{"asset_id": "101585409159496530633179743726445266550257884783684157888874008441092798859191", "price": "0.45", "size": "1463.57", "side": "BUY", "hash": "2f2a2b6e8aa049104905174511e3e23bc56998dd", "best_bid": "0.46", "best_ask": "0.48"}, {"asset_id": "3029562585062734671915107793115526294897334591050692289098351457189383153489", "price": "0.55", "size": "1463.57", "side": "SELL", "hash": "89fd26c3a2f2841edc6aafb7a93519ec5f8e801f", "best_bid": "0.52", "best_ask": "0.54"}], "timestamp": "1769384149825", "event_type": "price_change"}}
{"_local_timestamp": "2026-01-25T23:35:51.926284+00:00", "data": {"market": "0x6262a76b26dba92b7de48e49bc9c5dce0b1e3cbd4927ba02a2292e53ab32677b", "price_changes": [{"asset_id": "101585409159496530633179743726445266550257884783684157888874008441092798859191", "price": "0.31", "size": "713", "side": "BUY", "hash": "4829ad7d2c2dc3f056023780dbf4dffd633f4e50", "best_bid": "0.46", "best_ask": "0.48"}, {"asset_id": "3029562585062734671915107793115526294897334591050692289098351457189383153489", "price": "0.69", "size": "713", "side": "SELL", "hash": "10b635a49031b23317439eadf5e9bb37a28cc995", "best_bid": "0.52", "best_ask": "0.54"}], "timestamp": "1769384151842", "event_type": "price_change"}}
{"_local_timestamp": "2026-01-25T23:35:51.926896+00:00", "data": {"market": "0x6262a76b26dba92b7de48e49bc9c5dce0b1e3cbd4927ba02a2292e53ab32677b", "price_changes": [{"asset_id": "101585409159496530633179743726445266550257884783684157888874008441092798859191", "price": "0.26", "size": "1696", "side": "BUY", "hash": "4829ad7d2c2dc3f056023780dbf4dffd633f4e50", "best_bid": "0.46", "best_ask": "0.48"}, {"asset_id": "3029562585062734671915107793115526294897334591050692289098351457189383153489", "price": "0.74", "size": "1696", "side": "SELL", "hash": "10b635a49031b23317439eadf5e9bb37a28cc995", "best_bid": "0.52", "best_ask": "0.54"}], "timestamp": "1769384151842", "event_type": "price_change"}}
{"_local_timestamp": "2026-01-25T23:35:51.959581+00:00", "data": {"market": "0x6262a76b26dba92b7de48e49bc9c5dce0b1e3cbd4927ba02a2292e53ab32677b", "price_changes": [{"asset_id": "101585409159496530633179743726445266550257884783684157888874008441092798859191", "price": "0.31", "size": "720", "side": "BUY", "hash": "2a62ef0aa33404509ff2baf73643f302e09c44f8", "best_bid": "0.46", "best_ask": "0.48"}, {"asset_id": "3029562585062734671915107793115526294897334591050692289098351457189383153489", "price": "0.69", "size": "720", "side": "SELL", "hash": "9585763857f1a9fb0780972da22199e246def70c", "best_bid": "0.52", "best_ask": "0.54"}], "timestamp": "1769384151892", "event_type": "price_change"}}
{"_local_timestamp": "2026-01-25T23:35:51.960346+00:00", "data": {"market": "0x6262a76b26dba92b7de48e49bc9c5dce0b1e3cbd4927ba02a2292e53ab32677b", "price_changes": [{"asset_id": "101585409159496530633179743726445266550257884783684157888874008441092798859191", "price": "0.26", "size": "1716", "side": "BUY", "hash": "e36911b33a9bdf7cf381f85f057fb26f987bd4eb", "best_bid": "0.46", "best_ask": "0.48"}, {"asset_id": "3029562585062734671915107793115526294897334591050692289098351457189383153489", "price": "0.74", "size": "1716", "side": "SELL", "hash": "21b864e0eec229a92ef0f6064848a1592aba1a2a", "best_bid": "0.52", "best_ask": "0.54"}], "timestamp": "1769384151893", "event_type": "price_change"}}
{"_local_timestamp": "2026-01-25T23:35:53.322454+00:00", "data": {"market": "0x6262a76b26dba92b7de48e49bc9c5dce0b1e3cbd4927ba02a2292e53ab32677b", "price_changes": [{"asset_id": "101585409159496530633179743726445266550257884783684157888874008441092798859191", "price": "0.45", "size": "1453.57", "side": "BUY", "hash": "6afdb0a0d4f9c0e81e97d27124314172e952c83c", "best_bid": "0.46", "best_ask": "0.48"}, {"asset_id": "3029562585062734671915107793115526294897334591050692289098351457189383153489", "price": "0.55", "size": "1453.57", "side": "SELL", "hash": "5bd43a53e19d2f317c36aca1faf6a4398b3b32f9", "best_bid": "0.52", "best_ask": "0.54"}], "timestamp": "1769384153257", "event_type": "price_change"}}
{"_local_timestamp": "2026-01-25T23:35:53.559667+00:00", "data": {"market": "0x6262a76b26dba92b7de48e49bc9c5dce0b1e3cbd4927ba02a2292e53ab32677b", "price_changes": [{"asset_id": "3029562585062734671915107793115526294897334591050692289098351457189383153489", "price": "0.51", "size": "1161.19", "side": "BUY", "hash": "3869cca79e6a65b556a4e1b9002f61a49a5cd498", "best_bid": "0.52", "best_ask": "0.54"}, {"asset_id": "101585409159496530633179743726445266550257884783684157888874008441092798859191", "price": "0.49", "size": "1161.19", "side": "SELL", "hash": "64bd1a6b3a092b0b26f9ba4c62d12c33c43a8c05", "best_bid": "0.46", "best_ask": "0.48"}], "timestamp": "1769384153485", "event_type": "price_change"}}
{"_local_timestamp": "2026-01-25T23:35:54.864931+00:00", "data": {"market": "0x6262a76b26dba92b7de48e49bc9c5dce0b1e3cbd4927ba02a2292e53ab32677b", "price_changes": [{"asset_id": "3029562585062734671915107793115526294897334591050692289098351457189383153489", "price": "0.51", "size": "1151.19", "side": "BUY", "hash": "7a0ee93aa89f4d0e9549b0f7b2e66159052db5ff", "best_bid": "0.52", "best_ask": "0.54"}, {"asset_id": "101585409159496530633179743726445266550257884783684157888874008441092798859191", "price": "0.49", "size": "1151.19", "side": "SELL", "hash": "51650b12c29d43b547a9c8ef956221b71ef80e37", "best_bid": "0.46", "best_ask": "0.48"}], "timestamp": "1769384154798", "event_type": "price_change"}}
{"_local_timestamp": "2026-01-25T23:35:56.507785+00:00", "data": {"market": "0x6262a76b26dba92b7de48e49bc9c5dce0b1e3cbd4927ba02a2292e53ab32677b", "price_changes": [{"asset_id": "101585409159496530633179743726445266550257884783684157888874008441092798859191", "price": "0.45", "size": "1463.57", "side": "BUY", "hash": "3062ebd19f2784f159cbafe8bda009b4394b3f7f", "best_bid": "0.46", "best_ask": "0.48"}, {"asset_id": "3029562585062734671915107793115526294897334591050692289098351457189383153489", "price": "0.55", "size": "1463.57", "side": "SELL", "hash": "4d320d86ad19d98d0271c977c799de4c587ebbf3", "best_bid": "0.52", "best_ask": "0.54"}], "timestamp": "1769384156345", "event_type": "price_change"}}
{"_local_timestamp": "2026-01-25T23:35:56.560925+00:00", "data": {"market": "0x6262a76b26dba92b7de48e49bc9c5dce0b1e3cbd4927ba02a2292e53ab32677b", "price_changes": [{"asset_id": "101585409159496530633179743726445266550257884783684157888874008441092798859191", "price": "0.45", "size": "1453.57", "side": "BUY", "hash": "80adf6dd9c4e8853d696981d83da20a51d58f1de", "best_bid": "0.46", "best_ask": "0.48"}, {"asset_id": "3029562585062734671915107793115526294897334591050692289098351457189383153489", "price": "0.55", "size": "1453.57", "side": "SELL", "hash": "6b14b8eae6f6961d47e5e836756fe9b44225c9b7", "best_bid": "0.52", "best_ask": "0.54"}], "timestamp": "1769384156437", "event_type": "price_change"}}
{"_local_timestamp": "2026-01-25T23:35:56.583304+00:00", "data": {"market": "0x6262a76b26dba92b7de48e49bc9c5dce0b1e3cbd4927ba02a2292e53ab32677b", "price_changes": [{"asset_id": "3029562585062734671915107793115526294897334591050692289098351457189383153489", "price": "0.51", "size": "1161.19", "side": "BUY", "hash": "4ae5931e30ceadaa55552b8150c9f8f7938e517e", "best_bid": "0.52", "best_ask": "0.54"}, {"asset_id": "101585409159496530633179743726445266550257884783684157888874008441092798859191", "price": "0.49", "size": "1161.19", "side": "SELL", "hash": "d84909f94f6c2c3d11309210f15c3f6d4c180837", "best_bid": "0.46", "best_ask": "0.48"}], "timestamp": "1769384156473", "event_type": "price_change"}}
{"_local_timestamp": "2026-01-25T23:35:58.088168+00:00", "data": {"market": "0x6262a76b26dba92b7de48e49bc9c5dce0b1e3cbd4927ba02a2292e53ab32677b", "price_changes": [{"asset_id": "101585409159496530633179743726445266550257884783684157888874008441092798859191", "price": "0.4", "size": "207", "side": "BUY", "hash": "8528567852670b0b4afe40a0b3a7115583faf04a", "best_bid": "0.46", "best_ask": "0.48"}, {"asset_id": "3029562585062734671915107793115526294897334591050692289098351457189383153489", "price": "0.6", "size": "207", "side": "SELL", "hash": "b0e435eed3a709a67f4e24c248599ebba1c1d553", "best_bid": "0.52", "best_ask": "0.54"}], "timestamp": "1769384158000", "event_type": "price_change"}}
{"_local_timestamp": "2026-01-25T23:35:58.088890+00:00", "data": {"market": "0x6262a76b26dba92b7de48e49bc9c5dce0b1e3cbd4927ba02a2292e53ab32677b", "price_changes": [{"asset_id": "101585409159496530633179743726445266550257884783684157888874008441092798859191", "price": "0.31", "size": "32", "side": "BUY", "hash": "67b5a616b81bab27042245557e13f748f577e1e3", "best_bid": "0.46", "best_ask": "0.48"}, {"asset_id": "3029562585062734671915107793115526294897334591050692289098351457189383153489", "price": "0.69", "size": "32", "side": "SELL", "hash": "da193dfd8058430fc2257e89ca1f2f3b62a5c695", "best_bid": "0.52", "best_ask": "0.54"}], "timestamp": "1769384158004", "event_type": "price_change"}}
{"_local_timestamp": "2026-01-25T23:35:58.089456+00:00", "data": {"market": "0x6262a76b26dba92b7de48e49bc9c5dce0b1e3cbd4927ba02a2292e53ab32677b", "price_changes": [{"asset_id": "101585409159496530633179743726445266550257884783684157888874008441092798859191", "price": "0.26", "size": "88", "side": "BUY", "hash": "67b5a616b81bab27042245557e13f748f577e1e3", "best_bid": "0.46", "best_ask": "0.48"}, {"asset_id": "3029562585062734671915107793115526294897334591050692289098351457189383153489", "price": "0.74", "size": "88", "side": "SELL", "hash": "da193dfd8058430fc2257e89ca1f2f3b62a5c695", "best_bid": "0.52", "best_ask": "0.54"}], "timestamp": "1769384158004", "event_type": "price_change"}}
{"_local_timestamp": "2026-01-25T23:35:58.090111+00:00", "data": {"market": "0x6262a76b26dba92b7de48e49bc9c5dce0b1e3cbd4927ba02a2292e53ab32677b", "price_changes": [{"asset_id": "101585409159496530633179743726445266550257884783684157888874008441092798859191", "price": "0.36", "size": "20", "side": "BUY", "hash": "58e30d22112d83e186d98e4a27c377e4cae04229", "best_bid": "0.46", "best_ask": "0.48"}, {"asset_id": "3029562585062734671915107793115526294897334591050692289098351457189383153489", "price": "0.64", "size": "20", "side": "SELL", "hash": "764574c1086e59a9788dcf8e033ab8e954ce3d47", "best_bid": "0.52", "best_ask": "0.54"}], "timestamp": "1769384158005", "event_type": "price_change"}}
{"_local_timestamp": "2026-01-25T23:35:58.971012+00:00", "data": {"market": "0x6262a76b26dba92b7de48e49bc9c5dce0b1e3cbd4927ba02a2292e53ab32677b", "price_changes": [{"asset_id": "3029562585062734671915107793115526294897334591050692289098351457189383153489", "price": "0.51", "size": "1151.19", "side": "BUY", "hash": "4e314190f6e013a6f8738fc708d62e075d5a7721", "best_bid": "0.52", "best_ask": "0.54"}, {"asset_id": "101585409159496530633179743726445266550257884783684157888874008441092798859191", "price": "0.49", "size": "1151.19", "side": "SELL", "hash": "e3d0fabecd2c3dc90dc875b8ce28eb651df80465", "best_bid": "0.46", "best_ask": "0.48"}], "timestamp": "1769384158900", "event_type": "price_change"}}
{"_local_timestamp": "2026-01-25T23:35:59.858678+00:00", "data": {"market": "0x6262a76b26dba92b7de48e49bc9c5dce0b1e3cbd4927ba02a2292e53ab32677b", "price_changes": [{"asset_id": "101585409159496530633179743726445266550257884783684157888874008441092798859191", "price": "0.45", "size": "1463.57", "side": "BUY", "hash": "d0cb3d8807b946670a0863342fd428efa5968c15", "best_bid": "0.46", "best_ask": "0.48"}, {"asset_id": "3029562585062734671915107793115526294897334591050692289098351457189383153489", "price": "0.55", "size": "1463.57", "side": "SELL", "hash": "730c6b168d1c7bff202083fcc487d7c17cbb9bea", "best_bid": "0.52", "best_ask": "0.54"}], "timestamp": "1769384159791", "event_type": "price_change"}}
{"_local_timestamp": "2026-01-25T23:35:59.867971+00:00", "data": {"market": "0x6262a76b26dba92b7de48e49bc9c5dce0b1e3cbd4927ba02a2292e53ab32677b", "price_changes": [{"asset_id": "101585409159496530633179743726445266550257884783684157888874008441092798859191", "price": "0.45", "size": "1453.57", "side": "BUY", "hash": "9ea0a499b75ca0f5f66e96b7048d80b21b079715", "best_bid": "0.46", "best_ask": "0.48"}, {"asset_id": "3029562585062734671915107793115526294897334591050692289098351457189383153489", "price": "0.55", "size": "1453.57", "side": "SELL", "hash": "5e8751252425509644505ae1184ac23db0c0e7f6", "best_bid": "0.52", "best_ask": "0.54"}], "timestamp": "1769384159796", "event_type": "price_change"}}
{"_local_timestamp": "2026-01-25T23:36:00.541599+00:00", "data": {"market": "0x6262a76b26dba92b7de48e49bc9c5dce0b1e3cbd4927ba02a2292e53ab32677b", "price_changes": [{"asset_id": "3029562585062734671915107793115526294897334591050692289098351457189383153489", "price": "0.51", "size": "1161.19", "side": "BUY", "hash": "9c19d065ac4ae9ebf5dadac28fb5e4c204bafd70", "best_bid": "0.52", "best_ask": "0.54"}, {"asset_id": "101585409159496530633179743726445266550257884783684157888874008441092798859191", "price": "0.49", "size": "1161.19", "side": "SELL", "hash": "4bd6e8ade3a7c1aa2229570af932ff8f15296cf4", "best_bid": "0.46", "best_ask": "0.48"}], "timestamp": "1769384160478", "event_type": "price_change"}}
{"_local_timestamp": "2026-01-25T23:36:02.582299+00:00", "data": {"market": "0x6262a76b26dba92b7de48e49bc9c5dce0b1e3cbd4927ba02a2292e53ab32677b", "price_changes": [{"asset_id": "3029562585062734671915107793115526294897334591050692289098351457189383153489", "price": "0.51", "size": "1151.19", "side": "BUY", "hash": "1be5eefa6f1cc2e018ab4bf97085beb1065e0fa5", "best_bid": "0.52", "best_ask": "0.54"}, {"asset_id": "101585409159496530633179743726445266550257884783684157888874008441092798859191", "price": "0.49", "size": "1151.19", "side": "SELL", "hash": "57dff4040a6f7e32303f62c1a161e458f791e3c5", "best_bid": "0.46", "best_ask": "0.48"}], "timestamp": "1769384162511", "event_type": "price_change"}}
{"_local_timestamp": "2026-01-25T23:36:03.521475+00:00", "data": {"market": "0x6262a76b26dba92b7de48e49bc9c5dce0b1e3cbd4927ba02a2292e53ab32677b", "price_changes": [{"asset_id": "3029562585062734671915107793115526294897334591050692289098351457189383153489", "price": "0.51", "size": "1161.19", "side": "BUY", "hash": "e548b7d91895115fb87052249603ba3e0865a948", "best_bid": "0.52", "best_ask": "0.54"}, {"asset_id": "101585409159496530633179743726445266550257884783684157888874008441092798859191", "price": "0.49", "size": "1161.19", "side": "SELL", "hash": "922c6fc696382fc1325d578fa87ed9f81bf5b715", "best_bid": "0.46", "best_ask": "0.48"}], "timestamp": "1769384163453", "event_type": "price_change"}}
{"_local_timestamp": "2026-01-25T23:36:03.575752+00:00", "data": {"market": "0x6262a76b26dba92b7de48e49bc9c5dce0b1e3cbd4927ba02a2292e53ab32677b", "price_changes": [{"asset_id": "3029562585062734671915107793115526294897334591050692289098351457189383153489", "price": "0.51", "size": "1151.19", "side": "BUY", "hash": "b094da7241e3ec09392930b5137b4e19d6a1b911", "best_bid": "0.52", "best_ask": "0.54"}, {"asset_id": "101585409159496530633179743726445266550257884783684157888874008441092798859191", "price": "0.49", "size": "1151.19", "side": "SELL", "hash": "cb2860c1726cf5ec7b24920809c971715f76eaa7", "best_bid": "0.46", "best_ask": "0.48"}], "timestamp": "1769384163503", "event_type": "price_change"}}
{"_local_timestamp": "2026-01-25T23:36:03.666988+00:00", "data": {"market": "0x6262a76b26dba92b7de48e49bc9c5dce0b1e3cbd4927ba02a2292e53ab32677b", "price_changes": [{"asset_id": "101585409159496530633179743726445266550257884783684157888874008441092798859191", "price": "0.45", "size": "1463.57", "side": "BUY", "hash": "fff1f1e74d15e3fe389ec01fba11111583c6f433", "best_bid": "0.46", "best_ask": "0.48"}, {"asset_id": "3029562585062734671915107793115526294897334591050692289098351457189383153489", "price": "0.55", "size": "1463.57", "side": "SELL", "hash": "eb9fa2bbb79c46d6fce6edaef95f9247c2557ce0", "best_bid": "0.52", "best_ask": "0.54"}], "timestamp": "1769384163595", "event_type": "price_change"}}
{"_local_timestamp": "2026-01-25T23:36:04.941615+00:00", "data": {"market": "0x6262a76b26dba92b7de48e49bc9c5dce0b1e3cbd4927ba02a2292e53ab32677b", "price_changes": [{"asset_id": "101585409159496530633179743726445266550257884783684157888874008441092798859191", "price": "0.45", "size": "1453.57", "side": "BUY", "hash": "387099e30ee6b3326358df9d6bf6a653247e1842", "best_bid": "0.46", "best_ask": "0.48"}, {"asset_id": "3029562585062734671915107793115526294897334591050692289098351457189383153489", "price": "0.55", "size": "1453.57", "side": "SELL", "hash": "fdfd7e95a396b66cd460f3329c28cd9c2d22ffe5", "best_bid": "0.52", "best_ask": "0.54"}], "timestamp": "1769384164872", "event_type": "price_change"}}
{"_local_timestamp": "2026-01-25T23:36:05.214516+00:00", "data": {"market": "0x6262a76b26dba92b7de48e49bc9c5dce0b1e3cbd4927ba02a2292e53ab32677b", "price_changes": [{"asset_id": "101585409159496530633179743726445266550257884783684157888874008441092798859191", "price": "0.26", "size": "1716", "side": "BUY", "hash": "3ec897c775db1759418ebbe9bd873be2af90f8fe", "best_bid": "0.46", "best_ask": "0.48"}, {"asset_id": "3029562585062734671915107793115526294897334591050692289098351457189383153489", "price": "0.74", "size": "1716", "side": "SELL", "hash": "e1df5ad0c53e35282239e96e3d7e16f0f080dbf1", "best_bid": "0.52", "best_ask": "0.54"}], "timestamp": "1769384165142", "event_type": "price_change"}}
{"_local_timestamp": "2026-01-25T23:36:05.215260+00:00", "data": {"market": "0x6262a76b26dba92b7de48e49bc9c5dce0b1e3cbd4927ba02a2292e53ab32677b", "price_changes": [{"asset_id": "101585409159496530633179743726445266550257884783684157888874008441092798859191", "price": "0.36", "size": "312", "side": "BUY", "hash": "16b2e8c95032a1a1f57120124f03d6bede46854b", "best_bid": "0.46", "best_ask": "0.48"}, {"asset_id": "3029562585062734671915107793115526294897334591050692289098351457189383153489", "price": "0.64", "size": "312", "side": "SELL", "hash": "f866bb4ee35350a0c4ee2bfa8c04a8b1f9fa28fa", "best_bid": "0.52", "best_ask": "0.54"}], "timestamp": "1769384165143", "event_type": "price_change"}}
{"_local_timestamp": "2026-01-25T23:36:05.215813+00:00", "data": {"market": "0x6262a76b26dba92b7de48e49bc9c5dce0b1e3cbd4927ba02a2292e53ab32677b", "price_changes": [{"asset_id": "101585409159496530633179743726445266550257884783684157888874008441092798859191", "price": "0.4", "size": "340", "side": "BUY", "hash": "4e0e089b7c129b7d4274fb70d312213cd87abc46", "best_bid": "0.46", "best_ask": "0.48"}, {"asset_id": "3029562585062734671915107793115526294897334591050692289098351457189383153489", "price": "0.6", "size": "340", "side": "SELL", "hash": "680033e5918515870397749eea2ead3887efce9b", "best_bid": "0.52", "best_ask": "0.54"}], "timestamp": "1769384165143", "event_type": "price_change"}}
{"_local_timestamp": "2026-01-25T23:36:05.216380+00:00", "data": {"market": "0x6262a76b26dba92b7de48e49bc9c5dce0b1e3cbd4927ba02a2292e53ab32677b", "price_changes": [{"asset_id": "101585409159496530633179743726445266550257884783684157888874008441092798859191", "price": "0.31", "size": "720", "side": "BUY", "hash": "64e353de827ea2b691c17b1b4209a4bb8fbda9fe", "best_bid": "0.46", "best_ask": "0.48"}, {"asset_id": "3029562585062734671915107793115526294897334591050692289098351457189383153489", "price": "0.69", "size": "720", "side": "SELL", "hash": "38bd188e0e2edc6edbd79109d5a0160c1d617f34", "best_bid": "0.52", "best_ask": "0.54"}], "timestamp": "1769384165144", "event_type": "price_change"}}
{"_local_timestamp": "2026-01-25T23:36:06.796818+00:00", "data": {"market": "0x6262a76b26dba92b7de48e49bc9c5dce0b1e3cbd4927ba02a2292e53ab32677b", "price_changes": [{"asset_id": "101585409159496530633179743726445266550257884783684157888874008441092798859191", "price": "0.45", "size": "1463.57", "side": "BUY", "hash": "f9113ef0b10a745b7099877eb05c1dc04f257e5e", "best_bid": "0.46", "best_ask": "0.48"}, {"asset_id": "3029562585062734671915107793115526294897334591050692289098351457189383153489", "price": "0.55", "size": "1463.57", "side": "SELL", "hash": "79e71e0279756bc1c71d30c57ad544abe2f404e7", "best_bid": "0.52", "best_ask": "0.54"}], "timestamp": "1769384166732", "event_type": "price_change"}}
{"_local_timestamp": "2026-01-25T23:36:07.702646+00:00", "data": {"market": "0x6262a76b26dba92b7de48e49bc9c5dce0b1e3cbd4927ba02a2292e53ab32677b", "price_changes": [{"asset_id": "101585409159496530633179743726445266550257884783684157888874008441092798859191", "price": "0.45", "size": "1453.57", "side": "BUY", "hash": "6eae0c3cbee0f8841e3b630c6e4ec306b4e62de6", "best_bid": "0.46", "best_ask": "0.48"}, {"asset_id": "3029562585062734671915107793115526294897334591050692289098351457189383153489", "price": "0.55", "size": "1453.57", "side": "SELL", "hash": "09afc03bd9a47737b2ecd31b6f73764a856820c4", "best_bid": "0.52", "best_ask": "0.54"}], "timestamp": "1769384167628", "event_type": "price_change"}}
{"_local_timestamp": "2026-01-25T23:36:08.642414+00:00", "data": {"market": "0x6262a76b26dba92b7de48e49bc9c5dce0b1e3cbd4927ba02a2292e53ab32677b", "price_changes": [{"asset_id": "3029562585062734671915107793115526294897334591050692289098351457189383153489", "price": "0.51", "size": "1161.19", "side": "BUY", "hash": "d8ad466644d5cb4b95940875e0dd22d74df70a41", "best_bid": "0.52", "best_ask": "0.54"}, {"asset_id": "101585409159496530633179743726445266550257884783684157888874008441092798859191", "price": "0.49", "size": "1161.19", "side": "SELL", "hash": "d2053b0e456b5ea46fb504e2d759121aa9e45f2d", "best_bid": "0.46", "best_ask": "0.48"}], "timestamp": "1769384168572", "event_type": "price_change"}}
{"_local_timestamp": "2026-01-25T23:36:08.928674+00:00", "data": {"market": "0x6262a76b26dba92b7de48e49bc9c5dce0b1e3cbd4927ba02a2292e53ab32677b", "price_changes": [{"asset_id": "3029562585062734671915107793115526294897334591050692289098351457189383153489", "price": "0.51", "size": "1151.19", "side": "BUY", "hash": "b2867a6b6e7157ccdc8a4e5fd7396e33f5df344b", "best_bid": "0.52", "best_ask": "0.54"}, {"asset_id": "101585409159496530633179743726445266550257884783684157888874008441092798859191", "price": "0.49", "size": "1151.19", "side": "SELL", "hash": "6255c5ef63c0857de4b1a1528092f060524a4cda", "best_bid": "0.46", "best_ask": "0.48"}], "timestamp": "1769384168865", "event_type": "price_change"}}
{"_local_timestamp": "2026-01-25T23:36:09.036697+00:00", "data": {"market": "0x6262a76b26dba92b7de48e49bc9c5dce0b1e3cbd4927ba02a2292e53ab32677b", "price_changes": [{"asset_id": "3029562585062734671915107793115526294897334591050692289098351457189383153489", "price": "0.51", "size": "1161.19", "side": "BUY", "hash": "648f7e6f6ebf0e9a051b7266dcce7124989b8d02", "best_bid": "0.52", "best_ask": "0.54"}, {"asset_id": "101585409159496530633179743726445266550257884783684157888874008441092798859191", "price": "0.49", "size": "1161.19", "side": "SELL", "hash": "8823863c1dd3650b94d2dcf8ddbbbf666415b66d", "best_bid": "0.46", "best_ask": "0.48"}], "timestamp": "1769384168963", "event_type": "price_change"}}
{"_local_timestamp": "2026-01-25T23:36:10.253989+00:00", "data": {"market": "0x6262a76b26dba92b7de48e49bc9c5dce0b1e3cbd4927ba02a2292e53ab32677b", "price_changes": [{"asset_id": "3029562585062734671915107793115526294897334591050692289098351457189383153489", "price": "0.51", "size": "1151.19", "side": "BUY", "hash": "2f3fcc71632d11506dae68930cbe14a528ea57a3", "best_bid": "0.52", "best_ask": "0.54"}, {"asset_id": "101585409159496530633179743726445266550257884783684157888874008441092798859191", "price": "0.49", "size": "1151.19", "side": "SELL", "hash": "8faae2e82b416148b092a4069635e06f154d7f2a", "best_bid": "0.46", "best_ask": "0.48"}], "timestamp": "1769384170180", "event_type": "price_change"}}
{"_local_timestamp": "2026-01-25T23:36:11.774431+00:00", "data": {"market": "0x6262a76b26dba92b7de48e49bc9c5dce0b1e3cbd4927ba02a2292e53ab32677b", "price_changes": [{"asset_id": "3029562585062734671915107793115526294897334591050692289098351457189383153489", "price": "0.51", "size": "1161.19", "side": "BUY", "hash": "7a98c69439d30ce4316b2e58f22c55fcc026dbfa", "best_bid": "0.52", "best_ask": "0.54"}, {"asset_id": "101585409159496530633179743726445266550257884783684157888874008441092798859191", "price": "0.49", "size": "1161.19", "side": "SELL", "hash": "ec73bf572d188df9e8b986cdf55594337022bc9f", "best_bid": "0.46", "best_ask": "0.48"}], "timestamp": "1769384171703", "event_type": "price_change"}}
{"_local_timestamp": "2026-01-25T23:36:11.840717+00:00", "data": {"market": "0x6262a76b26dba92b7de48e49bc9c5dce0b1e3cbd4927ba02a2292e53ab32677b", "price_changes": [{"asset_id": "3029562585062734671915107793115526294897334591050692289098351457189383153489", "price": "0.51", "size": "1151.19", "side": "BUY", "hash": "9be00343fecac4282be67cd883298275161394c3", "best_bid": "0.52", "best_ask": "0.54"}, {"asset_id": "101585409159496530633179743726445266550257884783684157888874008441092798859191", "price": "0.49", "size": "1151.19", "side": "SELL", "hash": "0c32d624ea87caf858c5929bdaebe7941bd012e8", "best_bid": "0.46", "best_ask": "0.48"}], "timestamp": "1769384171777", "event_type": "price_change"}}
{"_local_timestamp": "2026-01-25T23:36:12.219856+00:00", "data": {"market": "0x6262a76b26dba92b7de48e49bc9c5dce0b1e3cbd4927ba02a2292e53ab32677b", "price_changes": [{"asset_id": "101585409159496530633179743726445266550257884783684157888874008441092798859191", "price": "0.45", "size": "1463.57", "side": "BUY", "hash": "f5cedda5aa54834d98d227b4b19a63a1df772d1d", "best_bid": "0.46", "best_ask": "0.48"}, {"asset_id": "3029562585062734671915107793115526294897334591050692289098351457189383153489", "price": "0.55", "size": "1463.57", "side": "SELL", "hash": "bf688416faa380fff07f1526583c59b78a87011d", "best_bid": "0.52", "best_ask": "0.54"}], "timestamp": "1769384172139", "event_type": "price_change"}}
{"_local_timestamp": "2026-01-25T23:36:16.051422+00:00", "data": {"market": "0x6262a76b26dba92b7de48e49bc9c5dce0b1e3cbd4927ba02a2292e53ab32677b", "price_changes": [{"asset_id": "101585409159496530633179743726445266550257884783684157888874008441092798859191", "price": "0.45", "size": "1453.57", "side": "BUY", "hash": "01c0c1630cd81fb5ce0228417cb16d1d28a012d6", "best_bid": "0.46", "best_ask": "0.48"}, {"asset_id": "3029562585062734671915107793115526294897334591050692289098351457189383153489", "price": "0.55", "size": "1453.57", "side": "SELL", "hash": "bdf857239d781b2255a521a4a07388a70e4f33e0", "best_bid": "0.52", "best_ask": "0.54"}], "timestamp": "1769384175986", "event_type": "price_change"}}
{"_local_timestamp": "2026-01-25T23:36:17.088450+00:00", "data": {"market": "0x6262a76b26dba92b7de48e49bc9c5dce0b1e3cbd4927ba02a2292e53ab32677b", "price_changes": [{"asset_id": "101585409159496530633179743726445266550257884783684157888874008441092798859191", "price": "0.45", "size": "1463.57", "side": "BUY", "hash": "ba86eeab7020f6b1804450c82a2c28020496a1fc", "best_bid": "0.46", "best_ask": "0.48"}, {"asset_id": "3029562585062734671915107793115526294897334591050692289098351457189383153489", "price": "0.55", "size": "1463.57", "side": "SELL", "hash": "6e3531044c438e7ee457cdbfd3bb58102660d5e1", "best_bid": "0.52", "best_ask": "0.54"}], "timestamp": "1769384177018", "event_type": "price_change"}}
{"_local_timestamp": "2026-01-25T23:36:17.554800+00:00", "data": {"market": "0x6262a76b26dba92b7de48e49bc9c5dce0b1e3cbd4927ba02a2292e53ab32677b", "price_changes": [{"asset_id": "101585409159496530633179743726445266550257884783684157888874008441092798859191", "price": "0.45", "size": "1453.57", "side": "BUY", "hash": "96da0affd5ff528e917946ed62b5f45d7d9137b1", "best_bid": "0.46", "best_ask": "0.48"}, {"asset_id": "3029562585062734671915107793115526294897334591050692289098351457189383153489", "price": "0.55", "size": "1453.57", "side": "SELL", "hash": "938861d5843e7f711d09f119ede7899979744b4b", "best_bid": "0.52", "best_ask": "0.54"}], "timestamp": "1769384177490", "event_type": "price_change"}}
{"_local_timestamp": "2026-01-25T23:36:19.005879+00:00", "data": {"market": "0x6262a76b26dba92b7de48e49bc9c5dce0b1e3cbd4927ba02a2292e53ab32677b", "price_changes": [{"asset_id": "3029562585062734671915107793115526294897334591050692289098351457189383153489", "price": "0.51", "size": "1161.19", "side": "BUY", "hash": "0c748831cd4c9f593f89104132980b606439abd7", "best_bid": "0.52", "best_ask": "0.54"}, {"asset_id": "101585409159496530633179743726445266550257884783684157888874008441092798859191", "price": "0.49", "size": "1161.19", "side": "SELL", "hash": "4a9e831676f82cfd7f56b05f5d833a7da708ab88", "best_bid": "0.46", "best_ask": "0.48"}], "timestamp": "1769384178939", "event_type": "price_change"}}
