{"_local_timestamp": "2026-01-25T23:33:36.182768+00:00", "data": [{"market": "0x6262a76b26dba92b7de48e49bc9c5dce0b1e3cbd4927ba02a2292e53ab32677b", "asset_id": "101585409159496530633179743726445266550257884783684157888874008441092798859191", "timestamp": "1769384015317", "hash": "e9e172477d8faf297f18f39efc2a2b5384eb85be", "bids": [{"price": "0.01", "size": "516365.25"}, {"price": "0.02", "size": "17655.07"}, {"price": "0.03", "size": "2500"}, {"price": "0.04", "size": "557.12"}, {"price": "0.05", "size": "1000"}, {"price": "0.06", "size": "3400"}, {"price": "0.08", "size": "3101"}, {"price": "0.09", "size": "3200"}, {"price": "0.1", "size": "500"}, {"price": "0.11", "size": "5.09"}, {"price": "0.12", "size": "1332"}, {"price": "0.13", "size": "3855"}, {"price": "0.15", "size": "500"}, {"price": "0.18", "size": "100"}, {"price": "0.2", "size": "4093"}, {"price": "0.25", "size": "510"}, {"price": "0.26", "size": "1720"}, {"price": "0.3", "size": "500"}, {"price": "0.31", "size": "723"}, {"price": "0.35", "size": "550"}, {"price": "0.36", "size": "312"}, {"price": "0.4", "size": "338"}, {"price": "0.42", "size": "315"}, {"price": "0.43", "size": "2481"}, {"price": "0.44", "size": "753.28"}, {"price": "0.45", "size": "1353.57"}, {"price": "0.46", "size": "206.84"}], "asks": [{"price": "0.99", "size": "3010.33"}, {"price": "0.98", "size": "1000"}, {"price": "0.97", "size": "5.93"}, {"price": "0.95", "size": "1200"}, {"price": "0.94", "size": "200"}, {"price": "0.93", "size": "10.26"}, {"price": "0.87", "size": "1230"}, {"price": "0.86", "size": "3323"}, {"price": "0.81", "size": "4071"}, {"price": "0.8", "size": "400"}, {"price": "0.79", "size": "9"}, {"price": "0.7", "size": "100"}, {"price": "0.65", "size": "100"}, {"price": "0.64", "size": "18.72"}, {"price": "0.63", "size": "6.24"}, {"price": "0.62", "size": "8.32"}, {"price": "0.61", "size": "11.09"}, {"price": "0.6", "size": "114.78"}, {"price": "0.59", "size": "19.71"}, {"price": "0.58", "size": "26.28"}, {"price": "0.57", "size": "35.04"}, {"price": "0.56", "size": "46.72"}, {"price": "0.55", "size": "88.56"}, {"price": "0.54", "size": "343.06"}, {"price": "0.53", "size": "1108.45"}, {"price": "0.52", "size": "434.36"}, {"price": "0.51", "size": "535.2"}, {"price": "0.5", "size": "1272.08"}, {"price": "0.49", "size": "1051.19"}, {"price": "0.48", "size": "57.48"}], "event_type": "book", "last_trade_price": "0.540"}, {"market": "0x6262a76b26dba92b7de48e49bc9c5dce0b1e3cbd4927ba02a2292e53ab32677b", "asset_id": "3029562585062734671915107793115526294897334591050692289098351457189383153489", "timestamp": "1769384015317", "hash": "e9ab62e727d4f6b3174bf5114c5a6650a5a412cf", "bids": [{"price": "0.01", "size": "3010.33"}, {"price": "0.02", "size": "1000"}, {"price": "0.03", "size": "5.93"}, {"price": "0.05", "size": "1200"}, {"price": "0.06", "size": "200"}, {"price": "0.07", "size": "10.26"}, {"price": "0.13", "size": "1230"}, {"price": "0.14", "size": "3323"}, {"price": "0.19", "size": "4071"}, {"price": "0.2", "size": "400"}, {"price": "0.21", "size": "9"}, {"price": "0.3", "size": "100"}, {"price": "0.35", "size": "100"}, {"price": "0.36", "size": "18.72"}, {"price": "0.37", "size": "6.24"}, {"price": "0.38", "size": "8.32"}, {"price": "0.39", "size": "11.09"}, {"price": "0.4", "size": "114.78"}, {"price": "0.41", "size": "19.71"}, {"price": "0.42", "size": "26.28"}, {"price": "0.43", "size": "35.04"}, {"price": "0.44", "size": "46.72"}, {"price": "0.45", "size": "88.56"}, {"price": "0.46", "size": "343.06"}, {"price": "0.47", "size": "1108.45"}, {"price": "0.48", "size": "434.36"}, {"price": "0.49", "size": "535.2"}, {"price": "0.5", "size": "1272.08"}, {"price": "0.51", "size": "1051.19"}, {"price": "0.52", "size": "57.48"}], "asks": [{"price": "0.99", "size": "516365.25"}, {"price": "0.98", "size": "17655.07"}, {"price": "0.97", "size": "2500"}, {"price": "0.96", "size": "557.12"}, {"price": "0.95", "size": "1000"}, {"price": "0.94", "size": "3400"}, {"price": "0.92", "size": "3101"}, {"price": "0.91", "size": "3200"}, {"price": "0.9", "size": "500"}, {"price": "0.89", "size": "5.09"}, {"price": "0.88", "size": "1332"}, {"price": "0.87", "size": "3855"}, {"price": "0.85", "size": "500"}, {"price": "0.82", "size": "100"}, {"price": "0.8", "size": "4093"}, {"price": "0.75", "size": "510"}, {"price": "0.74", "size": "1720"}, {"price": "0.7", "size": "500"}, {"price": "0.69", "size": "723"}, {"price": "0.65", "size": "550"}, {"price": "0.64", "size": "312"}, {"price": "0.6", "size": "338"}, {"price": "0.58", "size": "315"}, {"price": "0.57", "size": "2481"}, {"price": "0.56", "size": "753.28"}, {"price": "0.55", "size": "1353.57"}, {"price": "0.54", "size": "206.84"}], "event_type": "book", "last_trade_price": "0.540"}]}
{"_local_timestamp": "2026-01-25T23:33:36.949292+00:00", "data": {"market": "0x6262a76b26dba92b7de48e49bc9c5dce0b1e3cbd4927ba02a2292e53ab32677b", "price_changes": [{"asset_id": "101585409159496530633179743726445266550257884783684157888874008441092798859191", "price": "0.45", "size": "1363.57", "side": "BUY", "hash": "4767f59c356ad04f6e688b68541b6a2b445b00ef", "best_bid": "0.46", "best_ask": "0.48"}, {"asset_id": "3029562585062734671915107793115526294897334591050692289098351457189383153489", "price": "0.55", "size": "1363.57", "side": "SELL", "hash": "18fc3754bcf6921728c782700411c70cf8389a7c", "best_bid": "0.52", "best_ask": "0.54"}], "timestamp": "1769384016879", "event_type": "price_change"}}
{"_local_timestamp": "2026-01-25T23:33:40.405756+00:00", "data": {"market": "0x6262a76b26dba92b7de48e49bc9c5dce0b1e3cbd4927ba02a2292e53ab32677b", "price_changes": [{"asset_id": "101585409159496530633179743726445266550257884783684157888874008441092798859191", "price": "0.45", "size": "1353.57", "side": "BUY", "hash": "c11ea01caa2c3097f1f05a083b62488bdd1f71fa", "best_bid": "0.46", "best_ask": "0.48"}, {"asset_id": "3029562585062734671915107793115526294897334591050692289098351457189383153489", "price": "0.55", "size": "1353.57", "side": "SELL", "hash": "ad037b87c903960605a2785abb88284fc6a9563a", "best_bid": "0.52", "best_ask": "0.54"}], "timestamp": "1769384020222", "event_type": "price_change"}}
{"_local_timestamp": "2026-01-25T23:33:41.745358+00:00", "data": {"market": "0x6262a76b26dba92b7de48e49bc9c5dce0b1e3cbd4927ba02a2292e53ab32677b", "price_changes": [{"asset_id": "3029562585062734671915107793115526294897334591050692289098351457189383153489", "price": "0.51", "size": "1061.19", "side": "BUY", "hash": "73bfcfcb6ed5146ae663e60983cb0003b423ab0a", "best_bid": "0.52", "best_ask": "0.54"}, {"asset_id": "101585409159496530633179743726445266550257884783684157888874008441092798859191", "price": "0.49", "size": "1061.19", "side": "SELL", "hash": "05ce2e21fbf75b3b8ff6a3b5a5b0cd60fa3e9677", "best_bid": "0.46", "best_ask": "0.48"}], "timestamp": "1769384021673", "event_type": "price_change"}}
{"_local_timestamp": "2026-01-25T23:33:41.797766+00:00", "data": {"market": "0x6262a76b26dba92b7de48e49bc9c5dce0b1e3cbd4927ba02a2292e53ab32677b", "price_changes": [{"asset_id": "3029562585062734671915107793115526294897334591050692289098351457189383153489", "price": "0.51", "size": "1051.19", "side": "BUY", "hash": "4f6df36c8cb4972c3d8b960b7a3ba19b81c8b003", "best_bid": "0.52", "best_ask": "0.54"}, {"asset_id": "101585409159496530633179743726445266550257884783684157888874008441092798859191", "price": "0.49", "size": "1051.19", "side": "SELL", "hash": "6ec23aa3bbed5ff12ecff196e72ec76651d46c52", "best_bid": "0.46", "best_ask": "0.48"}], "timestamp": "1769384021728", "event_type": "price_change"}}
{"_local_timestamp": "2026-01-25T23:33:42.633550+00:00", "data": {"market": "0x6262a76b26dba92b7de48e49bc9c5dce0b1e3cbd4927ba02a2292e53ab32677b", "price_changes": [{"asset_id": "101585409159496530633179743726445266550257884783684157888874008441092798859191", "price": "0.45", "size": "1363.57", "side": "BUY", "hash": "d67b1f1ee9b8f2d6be4068621af66e831de56597", "best_bid": "0.46", "best_ask": "0.48"}, {"asset_id": "3029562585062734671915107793115526294897334591050692289098351457189383153489", "price": "0.55", "size": "1363.57", "side": "SELL", "hash": "fd4ba6eefd9ea85afeb2610b7d627f3d8ac54ba6", "best_bid": "0.52", "best_ask": "0.54"}], "timestamp": "1769384022567", "event_type": "price_change"}}
{"_local_timestamp": "2026-01-25T23:33:44.281164+00:00", "data": {"market": "0x6262a76b26dba92b7de48e49bc9c5dce0b1e3cbd4927ba02a2292e53ab32677b", "price_changes": [{"asset_id": "101585409159496530633179743726445266550257884783684157888874008441092798859191", "price": "0.45", "size": "1353.57", "side": "BUY", "hash": "916cadea7de8589bb9f2f7988612bf88328dfb30", "best_bid": "0.46", "best_ask": "0.48"}, {"asset_id": "3029562585062734671915107793115526294897334591050692289098351457189383153489", "price": "0.55", "size": "1353.57", "side": "SELL", "hash": "fa62b6322910f0d14f22cadc1168b2d23fd3dca0", "best_bid": "0.52", "best_ask": "0.54"}], "timestamp": "1769384024216", "event_type": "price_change"}}
{"_local_timestamp": "2026-01-25T23:33:44.969380+00:00", "data": {"market": "0x6262a76b26dba92b7de48e49bc9c5dce0b1e3cbd4927ba02a2292e53ab32677b", "price_changes": [{"asset_id": "3029562585062734671915107793115526294897334591050692289098351457189383153489", "price": "0.51", "size": "1061.19", "side": "BUY", "hash": "13e2b359fb154fa8ee4b9023967b71b004b3f5d8", "best_bid": "0.52", "best_ask": "0.54"}, {"asset_id": "101585409159496530633179743726445266550257884783684157888874008441092798859191", "price": "0.49", "size": "1061.19", "side": "SELL", "hash": "42fcc423f2c229ee92be512db67f8a6adc18c127", "best_bid": "0.46", "best_ask": "0.48"}], "timestamp": "1769384024902", "event_type": "price_change"}}
{"_local_timestamp": "2026-01-25T23:33:49.878061+00:00", "data": {"market": "0x6262a76b26dba92b7de48e49bc9c5dce0b1e3cbd4927ba02a2292e53ab32677b", "price_changes": [{"asset_id": "3029562585062734671915107793115526294897334591050692289098351457189383153489", "price": "0.51", "size": "1051.19", "side": "BUY", "hash": "41081d31433362df6a41da816562abb5316b4436", "best_bid": "0.52", "best_ask": "0.54"}, {"asset_id": "101585409159496530633179743726445266550257884783684157888874008441092798859191", "price": "0.49", "size": "1051.19", "side": "SELL", "hash": "4f7ecd7f85113208f97c4e459e33f60c2c17fa3f", "best_bid": "0.46", "best_ask": "0.48"}], "timestamp": "1769384029803", "event_type": "price_change"}}
{"_local_timestamp": "2026-01-25T23:33:51.375703+00:00", "data": {"market": "0x6262a76b26dba92b7de48e49bc9c5dce0b1e3cbd4927ba02a2292e53ab32677b", "price_changes": [{"asset_id": "101585409159496530633179743726445266550257884783684157888874008441092798859191", "price": "0.45", "size": "1363.57", "side": "BUY", "hash": "f0a2c45e5546ae638d70fd840afdc74be74176fa", "best_bid": "0.46", "best_ask": "0.48"}, {"asset_id": "3029562585062734671915107793115526294897334591050692289098351457189383153489", "price": "0.55", "size": "1363.57", "side": "SELL", "hash": "b467bde1ea1a18db8e00b0e68b13c5cccd3da95e", "best_bid": "0.52", "best_ask": "0.54"}], "timestamp": "1769384031308", "event_type": "price_change"}}
{"_local_timestamp": "2026-01-25T23:33:56.334751+00:00", "data": {"market": "0x6262a76b26dba92b7de48e49bc9c5dce0b1e3cbd4927ba02a2292e53ab32677b", "price_changes": [{"asset_id": "101585409159496530633179743726445266550257884783684157888874008441092798859191", "price": "0.45", "size": "1353.57", "side": "BUY", "hash": "b9f0c4467acaa4d06045954221edca28fc1f879b", "best_bid": "0.46", "best_ask": "0.48"}, {"asset_id": "3029562585062734671915107793115526294897334591050692289098351457189383153489", "price": "0.55", "size": "1353.57", "side": "SELL", "hash": "abed192e8fe6e59b44748e6e1b6cac6db735c948", "best_bid": "0.52", "best_ask": "0.54"}], "timestamp": "1769384036260", "event_type": "price_change"}}
{"_local_timestamp": "2026-01-25T23:33:57.739269+00:00", "data": {"market": "0x6262a76b26dba92b7de48e49bc9c5dce0b1e3cbd4927ba02a2292e53ab32677b", "price_changes": [{"asset_id": "101585409159496530633179743726445266550257884783684157888874008441092798859191", "price": "0.45", "size": "1363.57", "side": "BUY", "hash": "a9967e40fbaf55472246c4346801f534b05ed5f1", "best_bid": "0.46", "best_ask": "0.48"}, {"asset_id": "3029562585062734671915107793115526294897334591050692289098351457189383153489", "price": "0.55", "size": "1363.57", "side": "SELL", "hash": "286cab02ee000188528e9fcfb23602302e4235c7", "best_bid": "0.52", "best_ask": "0.54"}], "timestamp": "1769384037671", "event_type": "price_change"}}
{"_local_timestamp": "2026-01-25T23:34:01.923044+00:00", "data": {"market": "0x6262a76b26dba92b7de48e49bc9c5dce0b1e3cbd4927ba02a2292e53ab32677b", "price_changes": [{"asset_id": "101585409159496530633179743726445266550257884783684157888874008441092798859191", "price": "0.45", "size": "1353.57", "side": "BUY", "hash": "4477673e9038d123b51b72f4051387201780a12a", "best_bid": "0.46", "best_ask": "0.48"}, {"asset_id": "3029562585062734671915107793115526294897334591050692289098351457189383153489", "price": "0.55", "size": "1353.57", "side": "SELL", "hash": "12e880ddb13500899a6970c94385b7848db8772a", "best_bid": "0.52", "best_ask": "0.54"}], "timestamp": "1769384041855", "event_type": "price_change"}}
{"_local_timestamp": "2026-01-25T23:34:03.271438+00:00", "data": {"market": "0x6262a76b26dba92b7de48e49bc9c5dce0b1e3cbd4927ba02a2292e53ab32677b", "price_changes": [{"asset_id": "3029562585062734671915107793115526294897334591050692289098351457189383153489", "price": "0.51", "size": "1061.19", "side": "BUY", "hash": "0a179d5dc7690ace91cbec0c462390eac041c842", "best_bid": "0.52", "best_ask": "0.54"}, {"asset_id": "101585409159496530633179743726445266550257884783684157888874008441092798859191", "price": "0.49", "size": "1061.19", "side": "SELL", "hash": "4cee9fadc2d4c16ca09676ffb9f3a9a60de670f5", "best_bid": "0.46", "best_ask": "0.48"}], "timestamp": "1769384043157", "event_type": "price_change"}}
{"_local_timestamp": "2026-01-25T23:34:03.892543+00:00", "data": {"market": "0x6262a76b26dba92b7de48e49bc9c5dce0b1e3cbd4927ba02a2292e53ab32677b", "price_changes": [{"asset_id": "3029562585062734671915107793115526294897334591050692289098351457189383153489", "price": "0.51", "size": "1051.19", "side": "BUY", "hash": "56f22760b0ca90d682bfd15e22c51ec0a85271df", "best_bid": "0.52", "best_ask": "0.54"}, {"asset_id": "101585409159496530633179743726445266550257884783684157888874008441092798859191", "price": "0.49", "size": "1051.19", "side": "SELL", "hash": "c5ad438338fa230ea964675b23bfeba03084e0c4", "best_bid": "0.46", "best_ask": "0.48"}], "timestamp": "1769384043821", "event_type": "price_change"}}
{"_local_timestamp": "2026-01-25T23:34:05.980283+00:00", "data": {"market": "0x6262a76b26dba92b7de48e49bc9c5dce0b1e3cbd4927ba02a2292e53ab32677b", "price_changes": [{"asset_id": "101585409159496530633179743726445266550257884783684157888874008441092798859191", "price": "0.45", "size": "1363.57", "side": "BUY", "hash": "4f32aa1bdbc4172174d9a5551c9488ef760516ee", "best_bid": "0.46", "best_ask": "0.48"}, {"asset_id": "3029562585062734671915107793115526294897334591050692289098351457189383153489", "price": "0.55", "size": "1363.57", "side": "SELL", "hash": "49b63373dda934ef16d1a87ec7cc6ff4b3ac08e8", "best_bid": "0.52", "best_ask": "0.54"}], "timestamp": "1769384045906", "event_type": "price_change"}}
{"_local_timestamp": "2026-01-25T23:34:09.758252+00:00", "data": {"market": "0x6262a76b26dba92b7de48e49bc9c5dce0b1e3cbd4927ba02a2292e53ab32677b", "price_changes": [{"asset_id": "101585409159496530633179743726445266550257884783684157888874008441092798859191", "price": "0.45", "size": "1353.57", "side": "BUY", "hash": "1718648c5bce2b10c1ae436aa09bdfdccb9afa26", "best_bid": "0.46", "best_ask": "0.48"}, {"asset_id": "3029562585062734671915107793115526294897334591050692289098351457189383153489", "price": "0.55", "size": "1353.57", "side": "SELL", "hash": "af58be0f5bd4411c568e0f585443908c95f04f94", "best_bid": "0.52", "best_ask": "0.54"}], "timestamp": "1769384049689", "event_type": "price_change"}}
{"_local_timestamp": "2026-01-25T23:34:11.457228+00:00", "data": {"market": "0x6262a76b26dba92b7de48e49bc9c5dce0b1e3cbd4927ba02a2292e53ab32677b", "price_changes": [{"asset_id": "3029562585062734671915107793115526294897334591050692289098351457189383153489", "price": "0.51", "size": "1061.19", "side": "BUY", "hash": "9a75d054b47ba7b281ee734e3afa1f91b7f6e6ca", "best_bid": "0.52", "best_ask": "0.54"}, {"asset_id": "101585409159496530633179743726445266550257884783684157888874008441092798859191", "price": "0.49", "size": "1061.19", "side": "SELL", "hash": "399e9429e54cae415f373cc9ce772ba8d5c4a244", "best_bid": "0.46", "best_ask": "0.48"}], "timestamp": "1769384051392", "event_type": "price_change"}}
{"_local_timestamp": "2026-01-25T23:34:14.963088+00:00", "data": {"market": "0x6262a76b26dba92b7de48e49bc9c5dce0b1e3cbd4927ba02a2292e53ab32677b", "price_changes": [{"asset_id": "3029562585062734671915107793115526294897334591050692289098351457189383153489", "price": "0.51", "size": "1051.19", "side": "BUY", "hash": "3e880a1d35831d5179e6fad00dc772df7405d147", "best_bid": "0.52", "best_ask": "0.54"}, {"asset_id": "101585409159496530633179743726445266550257884783684157888874008441092798859191", "price": "0.49", "size": "1051.19", "side": "SELL", "hash": "346a86464759050b5cff732fe6468267cc6e1312", "best_bid": "0.46", "best_ask": "0.48"}], "timestamp": "1769384054876", "event_type": "price_change"}}
{"_local_timestamp": "2026-01-25T23:34:16.379004+00:00", "data": {"market": "0x6262a76b26dba92b7de48e49bc9c5dce0b1e3cbd4927ba02a2292e53ab32677b", "price_changes": [{"asset_id": "3029562585062734671915107793115526294897334591050692289098351457189383153489", "price": "0.51", "size": "1061.19", "side": "BUY", "hash": "07c234ab7e1c4e010288016dc843044677769d0e", "best_bid": "0.52", "best_ask": "0.54"}, {"asset_id": "101585409159496530633179743726445266550257884783684157888874008441092798859191", "price": "0.49", "size": "1061.19", "side": "SELL", "hash": "ee59fb3b2ddfc5491fffb8488b03e739d00346c7", "best_bid": "0.46", "best_ask": "0.48"}], "timestamp": "1769384056312", "event_type": "price_change"}}
{"_local_timestamp": "2026-01-25T23:34:16.409466+00:00", "data": {"market": "0x6262a76b26dba92b7de48e49bc9c5dce0b1e3cbd4927ba02a2292e53ab32677b", "price_changes": [{"asset_id": "3029562585062734671915107793115526294897334591050692289098351457189383153489", "price": "0.51", "size": "1051.19", "side": "BUY", "hash": "adfbb17542e728e5605ef4e547c3aae598e9cb22", "best_bid": "0.52", "best_ask": "0.54"}, {"asset_id": "101585409159496530633179743726445266550257884783684157888874008441092798859191", "price": "0.49", "size": "1051.19", "side": "SELL", "hash": "e0854a7a979610e1150316a8244ccc7cf2a95f78", "best_bid": "0.46", "best_ask": "0.48"}], "timestamp": "1769384056343", "event_type": "price_change"}}
{"_local_timestamp": "2026-01-25T23:34:19.476073+00:00", "data": {"market": "0x6262a76b26dba92b7de48e49bc9c5dce0b1e3cbd4927ba02a2292e53ab32677b", "price_changes": [{"asset_id": "101585409159496530633179743726445266550257884783684157888874008441092798859191", "price": "0.45", "size": "1363.57", "side": "BUY", "hash": "1db5262b61f913aa140ac16f25cd7fc74cd3b2e4", "best_bid": "0.46", "best_ask": "0.48"}, {"asset_id": "3029562585062734671915107793115526294897334591050692289098351457189383153489", "price": "0.55", "size": "1363.57", "side": "SELL", "hash": "1dd8fd74516a6d141f2f2427a4270bd1a7d021af", "best_bid": "0.52", "best_ask": "0.54"}], "timestamp": "1769384059408", "event_type": "price_change"}}
{"_local_timestamp": "2026-01-25T23:34:20.999919+00:00", "data": {"market": "0x6262a76b26dba92b7de48e49bc9c5dce0b1e3cbd4927ba02a2292e53ab32677b", "price_changes": [{"asset_id": "101585409159496530633179743726445266550257884783684157888874008441092798859191", "price": "0.45", "size": "1353.57", "side": "BUY", "hash": "a5459682f9de66f0d6362433ff40ff25f7af3102", "best_bid": "0.46", "best_ask": "0.48"}, {"asset_id": "3029562585062734671915107793115526294897334591050692289098351457189383153489", "price": "0.55", "size": "1353.57", "side": "SELL", "hash": "a395449d329cdb1c21817558091ea28810206112", "best_bid": "0.52", "best_ask": "0.54"}], "timestamp": "1769384060930", "event_type": "price_change"}}
{"_local_timestamp": "2026-01-25T23:34:23.003400+00:00", "data": {"market": "0x6262a76b26dba92b7de48e49bc9c5dce0b1e3cbd4927ba02a2292e53ab32677b", "price_changes": [{"asset_id": "101585409159496530633179743726445266550257884783684157888874008441092798859191", "price": "0.45", "size": "1363.57", "side": "BUY", "hash": "8b405bffc013003ed540a710f1db3c3f0b46ad6b", "best_bid": "0.46", "best_ask": "0.48"}, {"asset_id": "3029562585062734671915107793115526294897334591050692289098351457189383153489", "price": "0.55", "size": "1363.57", "side": "SELL", "hash": "6bde36162ac0738166248c99c87b267cd9d6aaf6", "best_bid": "0.52", "best_ask": "0.54"}], "timestamp": "1769384062934", "event_type": "price_change"}}
{"_local_timestamp": "2026-01-25T23:34:29.145055+00:00", "data": {"market": "0x6262a76b26dba92b7de48e49bc9c5dce0b1e3cbd4927ba02a2292e53ab32677b", "price_changes": [{"asset_id": "101585409159496530633179743726445266550257884783684157888874008441092798859191", "price": "0.45", "size": "1353.57", "side": "BUY", "hash": "3ac8606c25402fb17d1987c45b072fcecf676b98", "best_bid": "0.46", "best_ask": "0.48"}, {"asset_id": "3029562585062734671915107793115526294897334591050692289098351457189383153489", "price": "0.55", "size": "1353.57", "side": "SELL", "hash": "d925d6ecbb70f004813b3ddd91f760f445b6fcdc", "best_bid": "0.52", "best_ask": "0.54"}], "timestamp": "1769384068936", "event_type": "price_change"}}
{"_local_timestamp": "2026-01-25T23:34:30.825496+00:00", "data": {"market": "0x6262a76b26dba92b7de48e49bc9c5dce0b1e3cbd4927ba02a2292e53ab32677b", "price_changes": [{"asset_id": "101585409159496530633179743726445266550257884783684157888874008441092798859191", "price": "0.45", "size": "1363.57", "side": "BUY", "hash": "909ee19315d5d3f24bf962dbed24dcc496e6115b", "best_bid": "0.46", "best_ask": "0.48"}, {"asset_id": "3029562585062734671915107793115526294897334591050692289098351457189383153489", "price": "0.55", "size": "1363.57", "side": "SELL", "hash": "6856b22e45fcf725da6c7644ab29cf9dca6ab63c", "best_bid": "0.52", "best_ask": "0.54"}], "timestamp": "1769384070757", "event_type": "price_change"}}
{"_local_timestamp": "2026-01-25T23:34:35.205856+00:00", "data": {"market": "0x6262a76b26dba92b7de48e49bc9c5dce0b1e3cbd4927ba02a2292e53ab32677b", "price_changes": [{"asset_id": "101585409159496530633179743726445266550257884783684157888874008441092798859191", "price": "0.45", "size": "1353.57", "side": "BUY", "hash": "6a48103df6967dae506196ab59a36bea8705da65", "best_bid": "0.46", "best_ask": "0.48"}, {"asset_id": "3029562585062734671915107793115526294897334591050692289098351457189383153489", "price": "0.55", "size": "1353.57", "side": "SELL", "hash": "52b80fa4952f8af13ca608c21489249741b977de", "best_bid": "0.52", "best_ask": "0.54"}], "timestamp": "1769384075137", "event_type": "price_change"}}
{"_local_timestamp": "2026-01-25T23:34:36.666223+00:00", "data": {"market": "0x6262a76b26dba92b7de48e49bc9c5dce0b1e3cbd4927ba02a2292e53ab32677b", "price_changes": [{"asset_id": "101585409159496530633179743726445266550257884783684157888874008441092798859191", "price": "0.45", "size": "1363.57", "side": "BUY", "hash": "df1130c40d7bb4ff3953859a9f54aaace7d8e25f", "best_bid": "0.46", "best_ask": "0.48"}, {"asset_id": "3029562585062734671915107793115526294897334591050692289098351457189383153489", "price": "0.55", "size": "1363.57", "side": "SELL", "hash": "1c99581e29b0deb31f8e7e2301607639e8c25a78", "best_bid": "0.52", "best_ask": "0.54"}], "timestamp": "1769384076592", "event_type": "price_change"}}
{"_local_timestamp": "2026-01-25T23:34:38.842001+00:00", "data": {"market": "0x6262a76b26dba92b7de48e49bc9c5dce0b1e3cbd4927ba02a2292e53ab32677b", "price_changes": [{"asset_id": "101585409159496530633179743726445266550257884783684157888874008441092798859191", "price": "0.45", "size": "1353.57", "side": "BUY", "hash": "87720962891b6123accd361f703c1ad34abad409", "best_bid": "0.46", "best_ask": "0.48"}, {"asset_id": "3029562585062734671915107793115526294897334591050692289098351457189383153489", "price": "0.55", "size": "1353.57", "side": "SELL", "hash": "7a19938325ce445b647029c5d9a1b7f2e54f5d6f", "best_bid": "0.52", "best_ask": "0.54"}], "timestamp": "1769384078775", "event_type": "price_change"}}
{"_local_timestamp": "2026-01-25T23:34:40.609948+00:00", "data": {"market": "0x6262a76b26dba92b7de48e49bc9c5dce0b1e3cbd4927ba02a2292e53ab32677b", "price_changes": [{"asset_id": "3029562585062734671915107793115526294897334591050692289098351457189383153489", "price": "0.51", "size": "1061.19", "side": "BUY", "hash": "57db0231e6cf2324bc7cdf35ebd886ff0f71752f", "best_bid": "0.52", "best_ask": "0.54"}, {"asset_id": "101585409159496530633179743726445266550257884783684157888874008441092798859191", "price": "0.49", "size": "1061.19", "side": "SELL", "hash": "94bf3c6f7206599e1f15941f603c7e92c9f95d0d", "best_bid": "0.46", "best_ask": "0.48"}], "timestamp": "1769384080395", "event_type": "price_change"}}
{"_local_timestamp": "2026-01-25T23:34:43.590567+00:00", "data": {"market": "0x6262a76b26dba92b7de48e49bc9c5dce0b1e3cbd4927ba02a2292e53ab32677b", "price_changes": [{"asset_id": "3029562585062734671915107793115526294897334591050692289098351457189383153489", "price": "0.51", "size": "1051.19", "side": "BUY", "hash": "cda8e03f3043415ff9a9c5321f82571af5c8bd30", "best_bid": "0.52", "best_ask": "0.54"}, {"asset_id": "101585409159496530633179743726445266550257884783684157888874008441092798859191", "price": "0.49", "size": "1051.19", "side": "SELL", "hash": "98abfdd580c1fac135fbee3f13ddbc5a7f705154", "best_bid": "0.46", "best_ask": "0.48"}], "timestamp": "1769384083523", "event_type": "price_change"}}
{"_local_timestamp": "2026-01-25T23:34:43.662138+00:00", "data": {"market": "0x6262a76b26dba92b7de48e49bc9c5dce0b1e3cbd4927ba02a2292e53ab32677b", "price_changes": [{"asset_id": "101585409159496530633179743726445266550257884783684157888874008441092798859191", "price": "0.45", "size": "1363.57", "side": "BUY", "hash": "9ed10e284c393c1efddeb66d620380090637b246", "best_bid": "0.46", "best_ask": "0.48"}, {"asset_id": "3029562585062734671915107793115526294897334591050692289098351457189383153489", "price": "0.55", "size": "1363.57", "side": "SELL", "hash": "70a148dcefc2829b3e690ecc159c3598e3355d61", "best_bid": "0.52", "best_ask": "0.54"}], "timestamp": "1769384083567", "event_type": "price_change"}}
{"_local_timestamp": "2026-01-25T23:34:44.874154+00:00", "data": {"market": "0x6262a76b26dba92b7de48e49bc9c5dce0b1e3cbd4927ba02a2292e53ab32677b", "price_changes": [{"asset_id": "101585409159496530633179743726445266550257884783684157888874008441092798859191", "price": "0.45", "size": "1353.57", "side": "BUY", "hash": "c9f30babb678187ae8b3bf7d7baaa5926a77e2e3", "best_bid": "0.46", "best_ask": "0.48"}, {"asset_id": "3029562585062734671915107793115526294897334591050692289098351457189383153489", "price": "0.55", "size": "1353.57", "side": "SELL", "hash": "4d1ec7dc60628e248daae2da1ec4a3d326a447e4", "best_bid": "0.52", "best_ask": "0.54"}], "timestamp": "1769384084800", "event_type": "price_change"}}
{"_local_timestamp": "2026-01-25T23:34:45.171281+00:00", "data": {"market": "0x6262a76b26dba92b7de48e49bc9c5dce0b1e3cbd4927ba02a2292e53ab32677b", "price_changes": [{"asset_id": "101585409159496530633179743726445266550257884783684157888874008441092798859191", "price": "0.45", "size": "1363.57", "side": "BUY", "hash": "243d72940277032e599acf5539f388de0e7afcd0", "best_bid": "0.46", "best_ask": "0.48"}, {"asset_id": "3029562585062734671915107793115526294897334591050692289098351457189383153489", "price": "0.55", "size": "1363.57", "side": "SELL", "hash": "3c905169fbccd4f11284a71354de9c179b5324bb", "best_bid": "0.52", "best_ask": "0.54"}], "timestamp": "1769384085080", "event_type": "price_change"}}
{"_local_timestamp": "2026-01-25T23:34:45.467074+00:00", "data": {"market": "0x6262a76b26dba92b7de48e49bc9c5dce0b1e3cbd4927ba02a2292e53ab32677b", "price_changes": [{"asset_id": "101585409159496530633179743726445266550257884783684157888874008441092798859191", "price": "0.2", "size": "1050", "side": "BUY", "hash": "b326b83546d0826efdce20606de61222b2b10f07", "best_bid": "0.46", "best_ask": "0.48"}, {"asset_id": "3029562585062734671915107793115526294897334591050692289098351457189383153489", "price": "0.8", "size": "1050", "side": "SELL", "hash": "602c7daa525554328912931408608dd29985c600", "best_bid": "0.52", "best_ask": "0.54"}], "timestamp": "1769384085392", "event_type": "price_change"}}
{"_local_timestamp": "2026-01-25T23:34:45.624768+00:00", "data": {"market": "0x6262a76b26dba92b7de48e49bc9c5dce0b1e3cbd4927ba02a2292e53ab32677b", "price_changes": [{"asset_id": "101585409159496530633179743726445266550257884783684157888874008441092798859191", "price": "0.16", "size": "3779", "side": "BUY", "hash": "b28780b88be5ebdf391f5809d3204fb5fb651d2e", "best_bid": "0.46", "best_ask": "0.48"}, {"asset_id": "3029562585062734671915107793115526294897334591050692289098351457189383153489", "price": "0.84", "size": "3779", "side": "SELL", "hash": "2d7be83b5f6adb5cf9685e172d419314c2a52eac", "best_bid": "0.52", "best_ask": "0.54"}], "timestamp": "1769384085561", "event_type": "price_change"}}
{"_local_timestamp": "2026-01-25T23:34:45.826554+00:00", "data": {"market": "0x6262a76b26dba92b7de48e49bc9c5dce0b1e3cbd4927ba02a2292e53ab32677b", "price_changes": [{"asset_id": "3029562585062734671915107793115526294897334591050692289098351457189383153489", "price": "0.19", "size": "100", "side": "BUY", "hash": "a516745e96bad16bfc385f20a8b27003e6de1fe6", "best_bid": "0.52", "best_ask": "0.54"}, {"asset_id": "101585409159496530633179743726445266550257884783684157888874008441092798859191", "price": "0.81", "size": "100", "side": "SELL", "hash": "2606330f2e2da1c26a97758cb14bede483f22102", "best_bid": "0.46", "best_ask": "0.48"}], "timestamp": "1769384085757", "event_type": "price_change"}}
{"_local_timestamp": "2026-01-25T23:34:45.995115+00:00", "data": {"market": "0x6262a76b26dba92b7de48e49bc9c5dce0b1e3cbd4927ba02a2292e53ab32677b", "price_changes": [{"asset_id": "3029562585062734671915107793115526294897334591050692289098351457189383153489", "price": "0.21", "size": "3625", "side": "BUY", "hash": "f0125378207f33cd829ecaba35b1292a23047507", "best_bid": "0.52", "best_ask": "0.54"}, {"asset_id": "101585409159496530633179743726445266550257884783684157888874008441092798859191", "price": "0.79", "size": "3625", "side": "SELL", "hash": "3d26202dae3f44f74d19282b603ddff16f9de019", "best_bid": "0.46", "best_ask": "0.48"}], "timestamp": "1769384085925", "event_type": "price_change"}}
{"_local_timestamp": "2026-01-25T23:34:46.945085+00:00", "data": {"market": "0x6262a76b26dba92b7de48e49bc9c5dce0b1e3cbd4927ba02a2292e53ab32677b", "price_changes": [{"asset_id": "101585409159496530633179743726445266550257884783684157888874008441092798859191", "price": "0.45", "size": "1353.57", "side": "BUY", "hash": "3fd2823be9d91cd3cd5a2c36011404cccf35c3da", "best_bid": "0.46", "best_ask": "0.48"}, {"asset_id": "3029562585062734671915107793115526294897334591050692289098351457189383153489", "price": "0.55", "size": "1353.57", "side": "SELL", "hash": "ec2e8ef8fa8f811917dcc6ab7f8f73ea67cd0c28", "best_bid": "0.52", "best_ask": "0.54"}], "timestamp": "1769384086874", "event_type": "price_change"}}
{"_local_timestamp": "2026-01-25T23:34:48.331662+00:00", "data": {"market": "0x6262a76b26dba92b7de48e49bc9c5dce0b1e3cbd4927ba02a2292e53ab32677b", "price_changes": [{"asset_id": "3029562585062734671915107793115526294897334591050692289098351457189383153489", "price": "0.51", "size": "1061.19", "side": "BUY", "hash": "1651608a36b58be55da89ef03322dc40ffba4169", "best_bid": "0.52", "best_ask": "0.54"}, {"asset_id": "101585409159496530633179743726445266550257884783684157888874008441092798859191", "price": "0.49", "size": "1061.19", "side": "SELL", "hash": "aab7d8b362f505809a9609cc094b969908111099", "best_bid": "0.46", "best_ask": "0.48"}], "timestamp": "1769384088262", "event_type": "price_change"}}
{"_local_timestamp": "2026-01-25T23:34:48.472990+00:00", "data": {"market": "0x6262a76b26dba92b7de48e49bc9c5dce0b1e3cbd4927ba02a2292e53ab32677b", "price_changes": [{"asset_id": "3029562585062734671915107793115526294897334591050692289098351457189383153489", "price": "0.51", "size": "1051.19", "side": "BUY", "hash": "50f923838b6ba0f485e85f37fac5c1f3428734ea", "best_bid": "0.52", "best_ask": "0.54"}, {"asset_id": "101585409159496530633179743726445266550257884783684157888874008441092798859191", "price": "0.49", "size": "1051.19", "side": "SELL", "hash": "6811dafa8bc13e2a8e20f8976e31bd8ce864cb3b", "best_bid": "0.46", "best_ask": "0.48"}], "timestamp": "1769384088409", "event_type": "price_change"}}
{"_local_timestamp": "2026-01-25T23:34:51.428951+00:00", "data": {"market": "0x6262a76b26dba92b7de48e49bc9c5dce0b1e3cbd4927ba02a2292e53ab32677b", "price_changes": [{"asset_id": "101585409159496530633179743726445266550257884783684157888874008441092798859191", "price": "0.45", "size": "1363.57", "side": "BUY", "hash": "4448706ef23a089b3ce9778646449b7245552976", "best_bid": "0.46", "best_ask": "0.48"}, {"asset_id": "3029562585062734671915107793115526294897334591050692289098351457189383153489", "price": "0.55", "size": "1363.57", "side": "SELL", "hash": "2b6dd6fe18cadd4342bb0a2c77fb82a5f218fb0f", "best_bid": "0.52", "best_ask": "0.54"}], "timestamp": "1769384091359", "event_type": "price_change"}}
{"_local_timestamp": "2026-01-25T23:34:54.688387+00:00", "data": {"market": "0x6262a76b26dba92b7de48e49bc9c5dce0b1e3cbd4927ba02a2292e53ab32677b", "price_changes": [{"asset_id": "101585409159496530633179743726445266550257884783684157888874008441092798859191", "price": "0.45", "size": "1353.57", "side": "BUY", "hash": "3cf539abdc4bae1519d4914fc02e0f957850a05b", "best_bid": "0.46", "best_ask": "0.48"}, {"asset_id": "3029562585062734671915107793115526294897334591050692289098351457189383153489", "price": "0.55", "size": "1353.57", "side": "SELL", "hash": "e7f5411d675284983e45dbc01b297402fa2811ab", "best_bid": "0.52", "best_ask": "0.54"}], "timestamp": "1769384094596", "event_type": "price_change"}}
{"_local_timestamp": "2026-01-25T23:34:56.436555+00:00", "data": {"market": "0x6262a76b26dba92b7de48e49bc9c5dce0b1e3cbd4927ba02a2292e53ab32677b", "price_changes": [{"asset_id": "101585409159496530633179743726445266550257884783684157888874008441092798859191", "price": "0.45", "size": "1363.57", "side": "BUY", "hash": "35be1a845f44e16a22188d438be766032892f1ba", "best_bid": "0.46", "best_ask": "0.48"}, {"asset_id": "3029562585062734671915107793115526294897334591050692289098351457189383153489", "price": "0.55", "size": "1363.57", "side": "SELL", "hash": "e1dc3962da343f33c4b659c297ef33bd2906f1b0", "best_bid": "0.52", "best_ask": "0.54"}], "timestamp": "1769384096353", "event_type": "price_change"}}
{"_local_timestamp": "2026-01-25T23:34:57.464405+00:00", "data": {"market": "0x6262a76b26dba92b7de48e49bc9c5dce0b1e3cbd4927ba02a2292e53ab32677b", "price_changes": [{"asset_id": "101585409159496530633179743726445266550257884783684157888874008441092798859191", "price": "0.45", "size": "1353.57", "side": "BUY", "hash": "04043493778f42f73525fcc252b744a44a939453", "best_bid": "0.46", "best_ask": "0.48"}, {"asset_id": "3029562585062734671915107793115526294897334591050692289098351457189383153489", "price": "0.55", "size": "1353.57", "side": "SELL", "hash": "aa126dea5d24dcae9df5454af4ccb07b042b4301", "best_bid": "0.52", "best_ask": "0.54"}], "timestamp": "1769384097369", "event_type": "price_change"}}
{"_local_timestamp": "2026-01-25T23:34:58.488576+00:00", "data": {"market": "0x6262a76b26dba92b7de48e49bc9c5dce0b1e3cbd4927ba02a2292e53ab32677b", "price_changes": [{"asset_id": "3029562585062734671915107793115526294897334591050692289098351457189383153489", "price": "0.51", "size": "1061.19", "side": "BUY", "hash": "3cd2d480f5b60e2f290131ae2efbc5eefbdd303c", "best_bid": "0.52", "best_ask": "0.54"}, {"asset_id": "101585409159496530633179743726445266550257884783684157888874008441092798859191", "price": "0.49", "size": "1061.19", "side": "SELL", "hash": "32e32f36965a564be51902648dc12649fc2c5c1a", "best_bid": "0.46", "best_ask": "0.48"}], "timestamp": "1769384098400", "event_type": "price_change"}}
{"_local_timestamp": "2026-01-25T23:34:58.504911+00:00", "data": {"market": "0x6262a76b26dba92b7de48e49bc9c5dce0b1e3cbd4927ba02a2292e53ab32677b", "price_changes": [{"asset_id": "3029562585062734671915107793115526294897334591050692289098351457189383153489", "price": "0.51", "size": "1051.19", "side": "BUY", "hash": "7140f73e9d0acd4a2034639270f85534208075ae", "best_bid": "0.52", "best_ask": "0.54"}, {"asset_id": "101585409159496530633179743726445266550257884783684157888874008441092798859191", "price": "0.49", "size": "1051.19", "side": "SELL", "hash": "ba856b228f38d7bdd343fe2d2cf58af0a2a03d5c", "best_bid": "0.46", "best_ask": "0.48"}], "timestamp": "1769384098431", "event_type": "price_change"}}
{"_local_timestamp": "2026-01-25T23:34:58.642699+00:00", "data": {"market": "0x6262a76b26dba92b7de48e49bc9c5dce0b1e3cbd4927ba02a2292e53ab32677b", "price_changes": [{"asset_id": "101585409159496530633179743726445266550257884783684157888874008441092798859191", "price": "0.45", "size": "1363.57", "side": "BUY", "hash": "b5257c30def8b89fdd734609da7936d51f82199a", "best_bid": "0.46", "best_ask": "0.48"}, {"asset_id": "3029562585062734671915107793115526294897334591050692289098351457189383153489", "price": "0.55", "size": "1363.57", "side": "SELL", "hash": "a61c35bbf6efa8e1588b6f4a9702182785ed58dd", "best_bid": "0.52", "best_ask": "0.54"}], "timestamp": "1769384098557", "event_type": "price_change"}}
{"_local_timestamp": "2026-01-25T23:35:00.576397+00:00", "data": {"market": "0x6262a76b26dba92b7de48e49bc9c5dce0b1e3cbd4927ba02a2292e53ab32677b", "price_changes": [{"asset_id": "101585409159496530633179743726445266550257884783684157888874008441092798859191", "price": "0.45", "size": "1353.57", "side": "BUY", "hash": "7f826ab9bfc79014311068f6d456de646a721dea", "best_bid": "0.46", "best_ask": "0.48"}, {"asset_id": "3029562585062734671915107793115526294897334591050692289098351457189383153489", "price": "0.55", "size": "1353.57", "side": "SELL", "hash": "221f847f5a330df414dc95db9039c2c9bba08d92", "best_bid": "0.52", "best_ask": "0.54"}], "timestamp": "1769384100506", "event_type": "price_change"}}
{"_local_timestamp": "2026-01-25T23:35:02.382670+00:00", "data": {"market": "0x6262a76b26dba92b7de48e49bc9c5dce0b1e3cbd4927ba02a2292e53ab32677b", "price_changes": [{"asset_id": "101585409159496530633179743726445266550257884783684157888874008441092798859191", "price": "0.45", "size": "1363.57", "side": "BUY", "hash": "1198c46339b5b98efb5aabdb0ee4a5707eaea9b2", "best_bid": "0.46", "best_ask": "0.48"}, {"asset_id": "3029562585062734671915107793115526294897334591050692289098351457189383153489", "price": "0.55", "size": "1363.57", "side": "SELL", "hash": "4d25f76f739506e2fb557f3e4b5ca7bc87cb7e67", "best_bid": "0.52", "best_ask": "0.54"}], "timestamp": "1769384102233", "event_type": "price_change"}}
{"_local_timestamp": "2026-01-25T23:35:02.524600+00:00", "data": {"market": "0x6262a76b26dba92b7de48e49bc9c5dce0b1e3cbd4927ba02a2292e53ab32677b", "price_changes": [{"asset_id": "101585409159496530633179743726445266550257884783684157888874008441092798859191", "price": "0.45", "size": "1353.57", "side": "BUY", "hash": "99e129e2ab0779fd1744764d14b6feb1fa2f4c3a", "best_bid": "0.46", "best_ask": "0.48"}, {"asset_id": "3029562585062734671915107793115526294897334591050692289098351457189383153489", "price": "0.55", "size": "1353.57", "side": "SELL", "hash": "d4f52b7688906a35195405d4488418fcb0aff5ff", "best_bid": "0.52", "best_ask": "0.54"}], "timestamp": "1769384102377", "event_type": "price_change"}}
{"_local_timestamp": "2026-01-25T23:35:04.932466+00:00", "data": {"market": "0x6262a76b26dba92b7de48e49bc9c5dce0b1e3cbd4927ba02a2292e53ab32677b", "price_changes": [{"asset_id": "3029562585062734671915107793115526294897334591050692289098351457189383153489", "price": "0.51", "size": "1061.19", "side": "BUY", "hash": "e8432262cbdd82433f65bd4ee07f1c08666a432c", "best_bid": "0.52", "best_ask": "0.54"}, {"asset_id": "101585409159496530633179743726445266550257884783684157888874008441092798859191", "price": "0.49", "size": "1061.19", "side": "SELL", "hash": "1c48e40d2b97c143baef80707eb42c0485dda7d8", "best_bid": "0.46", "best_ask": "0.48"}], "timestamp": "1769384104785", "event_type": "price_change"}}
{"_local_timestamp": "2026-01-25T23:35:05.221582+00:00", "data": {"market": "0x6262a76b26dba92b7de48e49bc9c5dce0b1e3cbd4927ba02a2292e53ab32677b", "price_changes": [{"asset_id": "3029562585062734671915107793115526294897334591050692289098351457189383153489", "price": "0.51", "size": "1161.19", "side": "BUY", "hash": "275ed2ac4ef2e483a0b4a51197e4e503651c99fc", "best_bid": "0.52", "best_ask": "0.54"}, {"asset_id": "101585409159496530633179743726445266550257884783684157888874008441092798859191", "price": "0.49", "size": "1161.19", "side": "SELL", "hash": "bc47fe002181d853c1982e184aa8d81076eee8ee", "best_bid": "0.46", "best_ask": "0.48"}], "timestamp": "1769384105069", "event_type": "price_change"}}
{"_local_timestamp": "2026-01-25T23:35:05.222072+00:00", "data": {"market": "0x6262a76b26dba92b7de48e49bc9c5dce0b1e3cbd4927ba02a2292e53ab32677b", "price_changes": [{"asset_id": "101585409159496530633179743726445266550257884783684157888874008441092798859191", "price": "0.45", "size": "1453.57", "side": "BUY", "hash": "9aa223aadb06d0bdd6e26dc0def9b9abc90aa668", "best_bid": "0.46", "best_ask": "0.48"}, {"asset_id": "3029562585062734671915107793115526294897334591050692289098351457189383153489", "price": "0.55", "size": "1453.57", "side": "SELL", "hash": "3073890f30a09178cb328d6063481d151b81d3cd", "best_bid": "0.52", "best_ask": "0.54"}], "timestamp": "1769384105069", "event_type": "price_change"}}
{"_local_timestamp": "2026-01-25T23:35:06.300634+00:00", "data": {"market": "0x6262a76b26dba92b7de48e49bc9c5dce0b1e3cbd4927ba02a2292e53ab32677b", "price_changes": [{"asset_id": "3029562585062734671915107793115526294897334591050692289098351457189383153489", "price": "0.51", "size": "1151.19", "side": "BUY", "hash": "8ec2e6486eeddddc5356a1c454eebd21fdd38055", "best_bid": "0.52", "best_ask": "0.54"}, {"asset_id": "101585409159496530633179743726445266550257884783684157888874008441092798859191", "price": "0.49", "size": "1151.19", "side": "SELL", "hash": "4355076ff80567b1308ad57681a48e667f4027c6", "best_bid": "0.46", "best_ask": "0.48"}], "timestamp": "1769384106102", "event_type": "price_change"}}
{"_local_timestamp": "2026-01-25T23:35:06.360586+00:00", "data": {"market": "0x6262a76b26dba92b7de48e49bc9c5dce0b1e3cbd4927ba02a2292e53ab32677b", "price_changes": [{"asset_id": "101585409159496530633179743726445266550257884783684157888874008441092798859191", "price": "0.45", "size": "1463.57", "side": "BUY", "hash": "ccec8b9a39a70120437c69803e647934a911c75e", "best_bid": "0.46", "best_ask": "0.48"}, {"asset_id": "3029562585062734671915107793115526294897334591050692289098351457189383153489", "price": "0.55", "size": "1463.57", "side": "SELL", "hash": "180dbbf7b9f6f4f9ed9bf7aa324887753578cb3d", "best_bid": "0.52", "best_ask": "0.54"}], "timestamp": "1769384106175", "event_type": "price_change"}}
{"_local_timestamp": "2026-01-25T23:35:06.508363+00:00", "data": {"market": "0x6262a76b26dba92b7de48e49bc9c5dce0b1e3cbd4927ba02a2292e53ab32677b", "price_changes": [{"asset_id": "101585409159496530633179743726445266550257884783684157888874008441092798859191", "price": "0.45", "size": "1453.57", "side": "BUY", "hash": "5315bb31a7e2537c0827d37a3900736fb3176759", "best_bid": "0.46", "best_ask": "0.48"}, {"asset_id": "3029562585062734671915107793115526294897334591050692289098351457189383153489", "price": "0.55", "size": "1453.57", "side": "SELL", "hash": "b7facb050a528b2072942de06768fceb43d5a35f", "best_bid": "0.52", "best_ask": "0.54"}], "timestamp": "1769384106320", "event_type": "price_change"}}
{"_local_timestamp": "2026-01-25T23:35:06.537438+00:00", "data": {"market": "0x6262a76b26dba92b7de48e49bc9c5dce0b1e3cbd4927ba02a2292e53ab32677b", "price_changes": [{"asset_id": "3029562585062734671915107793115526294897334591050692289098351457189383153489", "price": "0.51", "size": "1161.19", "side": "BUY", "hash": "8d331bfbc82518eaf804a7772ac140753c9febe8", "best_bid": "0.52", "best_ask": "0.54"}, {"asset_id": "101585409159496530633179743726445266550257884783684157888874008441092798859191", "price": "0.49", "size": "1161.19", "side": "SELL", "hash": "50558a04d06193be7ae3dfdc1e7a005a5ad12f41", "best_bid": "0.46", "best_ask": "0.48"}], "timestamp": "1769384106347", "event_type": "price_change"}}
{"_local_timestamp": "2026-01-25T23:35:08.094628+00:00", "data": {"market": "0x6262a76b26dba92b7de48e49bc9c5dce0b1e3cbd4927ba02a2292e53ab32677b", "price_changes": [{"asset_id": "3029562585062734671915107793115526294897334591050692289098351457189383153489", "price": "0.51", "size": "1151.19", "side": "BUY", "hash": "7f04db70c1edb6c5ac17a945d04eaa8f24d3952f", "best_bid": "0.52", "best_ask": "0.54"}, {"asset_id": "101585409159496530633179743726445266550257884783684157888874008441092798859191", "price": "0.49", "size": "1151.19", "side": "SELL", "hash": "7b4602eb5a580f7884c8655c953e0ce87b857cab", "best_bid": "0.46", "best_ask": "0.48"}], "timestamp": "1769384107886", "event_type": "price_change"}}
{"_local_timestamp": "2026-01-25T23:35:08.264109+00:00", "data": {"market": "0x6262a76b26dba92b7de48e49bc9c5dce0b1e3cbd4927ba02a2292e53ab32677b", "price_changes": [{"asset_id": "3029562585062734671915107793115526294897334591050692289098351457189383153489", "price": "0.51", "size": "1161.19", "side": "BUY", "hash": "07562c097829a3364d292cbae98382d564292361", "best_bid": "0.52", "best_ask": "0.54"}, {"asset_id": "101585409159496530633179743726445266550257884783684157888874008441092798859191", "price": "0.49", "size": "1161.19", "side": "SELL", "hash": "74c4a1f9c075773b4db8e17f62685de93385ec7c", "best_bid": "0.46", "best_ask": "0.48"}], "timestamp": "1769384108007", "event_type": "price_change"}}
{"_local_timestamp": "2026-01-25T23:35:10.170500+00:00", "data": {"market": "0x6262a76b26dba92b7de48e49bc9c5dce0b1e3cbd4927ba02a2292e53ab32677b", "price_changes": [{"asset_id": "3029562585062734671915107793115526294897334591050692289098351457189383153489", "price": "0.51", "size": "1151.19", "side": "BUY", "hash": "f2417c0839267ce885111de62812b07630d47d1b", "best_bid": "0.52", "best_ask": "0.54"}, {"asset_id": "101585409159496530633179743726445266550257884783684157888874008441092798859191", "price": "0.49", "size": "1151.19", "side": "SELL", "hash": "13521d4bee2a9ebdfe0a770bb307fbe720e46464", "best_bid": "0.46", "best_ask": "0.48"}], "timestamp": "1769384109974", "event_type": "price_change"}}
{"_local_timestamp": "2026-01-25T23:35:11.260869+00:00", "data": {"market": "0x6262a76b26dba92b7de48e49bc9c5dce0b1e3cbd4927ba02a2292e53ab32677b", "price_changes": [{"asset_id": "101585409159496530633179743726445266550257884783684157888874008441092798859191", "price": "0.45", "size": "1463.57", "side": "BUY", "hash": "6fcb9ab137d2531de199c9389a4461b50a24570d", "best_bid": "0.46", "best_ask": "0.48"}, {"asset_id": "3029562585062734671915107793115526294897334591050692289098351457189383153489", "price": "0.55", "size": "1463.57", "side": "SELL", "hash": "9803f6bdd94efb33be1ec485afd9ab036bdb082a", "best_bid": "0.52", "best_ask": "0.54"}], "timestamp": "1769384111044", "event_type": "price_change"}}
{"_local_timestamp": "2026-01-25T23:35:12.328295+00:00", "data": {"market": "0x6262a76b26dba92b7de48e49bc9c5dce0b1e3cbd4927ba02a2292e53ab32677b", "price_changes": [{"asset_id": "101585409159496530633179743726445266550257884783684157888874008441092798859191", "price": "0.45", "size": "1453.57", "side": "BUY", "hash": "5bc8948321428202a1a79337ad30fc42978743b4", "best_bid": "0.46", "best_ask": "0.48"}, {"asset_id": "3029562585062734671915107793115526294897334591050692289098351457189383153489", "price": "0.55", "size": "1453.57", "side": "SELL", "hash": "a3213ef590ed0ce6c9f407d0bca9d6371b7b13d1", "best_bid": "0.52", "best_ask": "0.54"}], "timestamp": "1769384112116", "event_type": "price_change"}}
{"_local_timestamp": "2026-01-25T23:35:13.599527+00:00", "data": {"market": "0x6262a76b26dba92b7de48e49bc9c5dce0b1e3cbd4927ba02a2292e53ab32677b", "price_changes": [{"asset_id": "101585409159496530633179743726445266550257884783684157888874008441092798859191", "price": "0.45", "size": "1463.57", "side": "BUY", "hash": "e4476854c4988b2e0368a87adee99599e96e9ea9", "best_bid": "0.46", "best_ask": "0.48"}, {"asset_id": "3029562585062734671915107793115526294897334591050692289098351457189383153489", "price": "0.55", "size": "1463.57", "side": "SELL", "hash": "a1b75f3b00738295afb34c16ae435046b9ff41a1", "best_bid": "0.52", "best_ask": "0.54"}], "timestamp": "1769384113302", "event_type": "price_change"}}
{"_local_timestamp": "2026-01-25T23:35:15.941278+00:00", "data": {"market": "0x6262a76b26dba92b7de48e49bc9c5dce0b1e3cbd4927ba02a2292e53ab32677b", "price_changes": [{"asset_id": "101585409159496530633179743726445266550257884783684157888874008441092798859191", "price": "0.45", "size": "1453.57", "side": "BUY", "hash": "ef4db7c626760701cc21abe81330fc0a9119e656", "best_bid": "0.46", "best_ask": "0.48"}, {"asset_id": "3029562585062734671915107793115526294897334591050692289098351457189383153489", "price": "0.55", "size": "1453.57", "side": "SELL", "hash": "9ea1d745ea5234fe159d147deaeadd9ed2f4dc40", "best_bid": "0.52", "best_ask": "0.54"}], "timestamp": "1769384115722", "event_type": "price_change"}}
{"_local_timestamp": "2026-01-25T23:35:16.313351+00:00", "data": {"market": "0x6262a76b26dba92b7de48e49bc9c5dce0b1e3cbd4927ba02a2292e53ab32677b", "price_changes": [{"asset_id": "3029562585062734671915107793115526294897334591050692289098351457189383153489", "price": "0.51", "size": "1161.19", "side": "BUY", "hash": "43a8d39f081ba213007473f6034072aaf2f111f4", "best_bid": "0.52", "best_ask": "0.54"}, {"asset_id": "101585409159496530633179743726445266550257884783684157888874008441092798859191", "price": "0.49", "size": "1161.19", "side": "SELL", "hash": "3e9d6397ae646f0db5fd76ab216cdb3cd963a5b2", "best_bid": "0.46", "best_ask": "0.48"}], "timestamp": "1769384116088", "event_type": "price_change"}}
{"_local_timestamp": "2026-01-25T23:35:17.257660+00:00", "data": {"market": "0x6262a76b26dba92b7de48e49bc9c5dce0b1e3cbd4927ba02a2292e53ab32677b", "price_changes": [{"asset_id": "3029562585062734671915107793115526294897334591050692289098351457189383153489", "price": "0.51", "size": "1151.19", "side": "BUY", "hash": "01d0766813e885056db8818f755f65b29325358a", "best_bid": "0.52", "best_ask": "0.54"}, {"asset_id": "101585409159496530633179743726445266550257884783684157888874008441092798859191", "price": "0.49", "size": "1151.19", "side": "SELL", "hash": "e10e44115adb2eb82a3b5bd112c4d5421b6bc342", "best_bid": "0.46", "best_ask": "0.48"}], "timestamp": "1769384117045", "event_type": "price_change"}}
{"_local_timestamp": "2026-01-25T23:35:18.739503+00:00", "data": {"market": "0x6262a76b26dba92b7de48e49bc9c5dce0b1e3cbd4927ba02a2292e53ab32677b", "price_changes": [{"asset_id": "101585409159496530633179743726445266550257884783684157888874008441092798859191", "price": "0.45", "size": "1463.57", "side": "BUY", "hash": "0bc7f7cd1c92e4641df143799a0b14bf99c5ab19", "best_bid": "0.46", "best_ask": "0.48"}, {"asset_id": "3029562585062734671915107793115526294897334591050692289098351457189383153489", "price": "0.55", "size": "1463.57", "side": "SELL", "hash": "e60e0cd1cb4f4c873b9c180f8f53e592a6975efe", "best_bid": "0.52", "best_ask": "0.54"}], "timestamp": "1769384118533", "event_type": "price_change"}}
{"_local_timestamp": "2026-01-25T23:35:21.532659+00:00", "data": {"market": "0x6262a76b26dba92b7de48e49bc9c5dce0b1e3cbd4927ba02a2292e53ab32677b", "price_changes": [{"asset_id": "101585409159496530633179743726445266550257884783684157888874008441092798859191", "price": "0.45", "size": "1453.57", "side": "BUY", "hash": "66c20711300bb6883e166c5718dcde523963aabb", "best_bid": "0.46", "best_ask": "0.48"}, {"asset_id": "3029562585062734671915107793115526294897334591050692289098351457189383153489", "price": "0.55", "size": "1453.57", "side": "SELL", "hash": "12605b3ca0f86ba907a843df97ba982f778db7af", "best_bid": "0.52", "best_ask": "0.54"}], "timestamp": "1769384121321", "event_type": "price_change"}}
{"_local_timestamp": "2026-01-25T23:35:22.753901+00:00", "data": {"market": "0x6262a76b26dba92b7de48e49bc9c5dce0b1e3cbd4927ba02a2292e53ab32677b", "price_changes": [{"asset_id": "3029562585062734671915107793115526294897334591050692289098351457189383153489", "price": "0.51", "size": "1161.19", "side": "BUY", "hash": "a3a5cab0ff8f2ee10fd6cb28a02bb535212c0286", "best_bid": "0.52", "best_ask": "0.54"}, {"asset_id": "101585409159496530633179743726445266550257884783684157888874008441092798859191", "price": "0.49", "size": "1161.19", "side": "SELL", "hash": "2b70c4380403f5fc4dbf948bbd67ddeba68b630e", "best_bid": "0.46", "best_ask": "0.48"}], "timestamp": "1769384122541", "event_type": "price_change"}}
{"_local_timestamp": "2026-01-25T23:35:23.329865+00:00", "data": {"market": "0x6262a76b26dba92b7de48e49bc9c5dce0b1e3cbd4927ba02a2292e53ab32677b", "price_changes": [{"asset_id": "3029562585062734671915107793115526294897334591050692289098351457189383153489", "price": "0.51", "size": "1151.19", "side": "BUY", "hash": "cc1dcab4bc290b4d590b194f387ec0f017ce1b41", "best_bid": "0.52", "best_ask": "0.54"}, {"asset_id": "101585409159496530633179743726445266550257884783684157888874008441092798859191", "price": "0.49", "size": "1151.19", "side": "SELL", "hash": "4b31ff16b04364cbcb0e4361d315386bfac6404e", "best_bid": "0.46", "best_ask": "0.48"}], "timestamp": "1769384123120", "event_type": "price_change"}}
{"_local_timestamp": "2026-01-25T23:35:24.789727+00:00", "data": {"market": "0x6262a76b26dba92b7de48e49bc9c5dce0b1e3cbd4927ba02a2292e53ab32677b", "price_changes": [{"asset_id": "101585409159496530633179743726445266550257884783684157888874008441092798859191", "price": "0.45", "size": "1463.57", "side": "BUY", "hash": "e5dd01cdb6a8ef3aa4d33024bc4d213b36bc455b", "best_bid": "0.46", "best_ask": "0.48"}, {"asset_id": "3029562585062734671915107793115526294897334591050692289098351457189383153489", "price": "0.55", "size": "1463.57", "side": "SELL", "hash": "6742295364e102e1cfcf3376ad4798527c36d43f", "best_bid": "0.52", "best_ask": "0.54"}], "timestamp": "1769384124447", "event_type": "price_change"}}
{"_local_timestamp": "2026-01-25T23:35:25.117959+00:00", "data": {"market": "0x6262a76b26dba92b7de48e49bc9c5dce0b1e3cbd4927ba02a2292e53ab32677b", "price_changes": [{"asset_id": "101585409159496530633179743726445266550257884783684157888874008441092798859191", "price": "0.45", "size": "1453.57", "side": "BUY", "hash": "49a724002486aa331e9b87fe03c5e0b6afd29061", "best_bid": "0.46", "best_ask": "0.48"}, {"asset_id": "3029562585062734671915107793115526294897334591050692289098351457189383153489", "price": "0.55", "size": "1453.57", "side": "SELL", "hash": "193de9484ba62a3100e34e31d21b6e433e40d403", "best_bid": "0.52", "best_ask": "0.54"}], "timestamp": "1769384124772", "event_type": "price_change"}}
{"_local_timestamp": "2026-01-25T23:35:26.394553+00:00", "data": {"market": "0x6262a76b26dba92b7de48e49bc9c5dce0b1e3cbd4927ba02a2292e53ab32677b", "price_changes": [{"asset_id": "101585409159496530633179743726445266550257884783684157888874008441092798859191", "price": "0.45", "size": "1463.57", "side": "BUY", "hash": "2bd190b7298b7c7aa0df2e5f3ffefeeee5ec270b", "best_bid": "0.46", "best_ask": "0.48"}, {"asset_id": "3029562585062734671915107793115526294897334591050692289098351457189383153489", "price": "0.55", "size": "1463.57", "side": "SELL", "hash": "6442ac9368bb119c5ab2ccd1c942ebeb9bf82be5", "best_bid": "0.52", "best_ask": "0.54"}], "timestamp": "1769384126185", "event_type": "price_change"}}
