{"_local_timestamp": "2026-01-25T23:34:29.068732+00:00", "data": [{"market": "0x0ad7bfefa1318072a7718199b97c81e3815c013987400910ec4f341eab657163", "asset_id": "46295172601519607125722904462828459465233821491397939264525803655276803288308", "timestamp": "1769384068302", "hash": "24e151b6ce2ac6198a9114b1fcea624d02e02c9a", "bids": [{"price": "0.01", "size": "3687.38"}, {"price": "0.02", "size": "2405.59"}, {"price": "0.03", "size": "300"}, {"price": "0.04", "size": "155.88"}, {"price": "0.05", "size": "2150"}, {"price": "0.06", "size": "150"}, {"price": "0.07", "size": "150"}, {"price": "0.08", "size": "700"}, {"price": "0.1", "size": "61.02"}, {"price": "0.11", "size": "5.43"}, {"price": "0.14", "size": "850"}, {"price": "0.18", "size": "25"}, {"price": "0.25", "size": "1200"}, {"price": "0.26", "size": "200"}, {"price": "0.3", "size": "49.18"}, {"price": "0.35", "size": "30"}, {"price": "0.38", "size": "6.75"}, {"price": "0.4", "size": "5.06"}, {"price": "0.41", "size": "437.22"}, {"price": "0.42", "size": "1652.85"}, {"price": "0.43", "size": "5600"}, {"price": "0.44", "size": "15"}, {"price": "0.46", "size": "4200"}, {"price": "0.47", "size": "5"}, {"price": "0.49", "size": "2797.78"}, {"price": "0.5", "size": "82800"}, {"price": "0.51", "size": "24706.95"}, {"price": "0.52", "size": "13209.1"}, {"price": "0.53", "size": "626.24"}], "asks": [{"price": "0.99", "size": "3781.09"}, {"price": "0.98", "size": "1300"}, {"price": "0.97", "size": "1600"}, {"price": "0.96", "size": "157.14"}, {"price": "0.95", "size": "150"}, {"price": "0.94", "size": "2150"}, {"price": "0.93", "size": "150"}, {"price": "0.92", "size": "108.77"}, {"price": "0.9", "size": "60"}, {"price": "0.89", "size": "805.12"}, {"price": "0.86", "size": "50"}, {"price": "0.85", "size": "325"}, {"price": "0.78", "size": "100"}, {"price": "0.75", "size": "5"}, {"price": "0.7", "size": "223.55"}, {"price": "0.68", "size": "29.38"}, {"price": "0.67", "size": "5600"}, {"price": "0.66", "size": "163.93"}, {"price": "0.65", "size": "234.28"}, {"price": "0.64", "size": "4206.88"}, {"price": "0.62", "size": "626.07"}, {"price": "0.61", "size": "3973"}, {"price": "0.6", "size": "15938"}, {"price": "0.59", "size": "7130.2"}, {"price": "0.58", "size": "8483.33"}, {"price": "0.57", "size": "115938.01"}, {"price": "0.56", "size": "1256.01"}], "event_type": "book", "last_trade_price": "0.550"}, {"market": "0xcc9170ce8290d2ebe3d9f6b3698d361165a27a2b5ad89c22c905718692f429fe", "asset_id": "11463054025649924286971706864761438723351274334713338459366248085573812817348", "timestamp": "1769383685830", "hash": "c5bf729a93e5a7cf68f4922a5df92ab1d821f7cc", "bids": [{"price": "0.01", "size": "125.01"}, {"price": "0.02", "size": "32.49"}], "asks": [{"price": "0.99", "size": "116.9"}, {"price": "0.98", "size": "36.54"}, {"price": "0.97", "size": "5.47"}], "event_type": "book", "last_trade_price": ""}, {"market": "0x865398cd2e1a8ffe0b5a7cc11532e184282052ad48560b8a7c726c627d75c2ba", "asset_id": "95788202303824214569847222971818320167807943698507730086717598693905662910549", "timestamp": "1769383691146", "hash": "62b8c8d6fc2d2836c8c5dad4dd8d52e35a7b98ca", "bids": [{"price": "0.01", "size": "116.91"}, {"price": "0.02", "size": "36.54"}, {"price": "0.03", "size": "5.47"}], "asks": [{"price": "0.99", "size": "125.01"}, {"price": "0.98", "size": "32.49"}], "event_type": "book", "last_trade_price": ""}, {"market": "0xf80e67d41b33b4ac68bee61545f11e1b4bb9c1e72171fac1d07e46341f2c5f74", "asset_id": "71253816975928519622959511322907953146334486783788616515794752675338987930961", "timestamp": "1769384049773", "hash": "42cb07d124a8cb1d33825787ee15fab0b40a4b75", "bids": [{"price": "0.01", "size": "100"}, {"price": "0.02", "size": "45"}, {"price": "0.27", "size": "50"}], "asks": [{"price": "0.99", "size": "114.86"}, {"price": "0.98", "size": "16.09"}, {"price": "0.97", "size": "14.31"}, {"price": "0.48", "size": "50"}], "event_type": "book", "last_trade_price": ""}, {"market": "0x66dc4b673443e22f24a403ed17db782014adbfe0112ffef5590a9c2ffab269af", "asset_id": "19665102658513933882181558819006389017141595190371173806603199421694623471422", "timestamp": "1769384031826", "hash": "99c85611fd269e4b909811b2e748b1455a39404a", "bids": [{"price": "0.01", "size": "95.39"}, {"price": "0.02", "size": "34.76"}, {"price": "0.05", "size": "10.01"}, {"price": "0.41", "size": "50"}, {"price": "0.42", "size": "8.61"}], "asks": [{"price": "0.99", "size": "110.3"}, {"price": "0.98", "size": "10.36"}, {"price": "0.97", "size": "12.81"}, {"price": "0.62", "size": "50"}], "event_type": "book", "last_trade_price": "0.570"}, {"market": "0x865398cd2e1a8ffe0b5a7cc11532e184282052ad48560b8a7c726c627d75c2ba", "asset_id": "15212431430447163233920533629424223578230553810964478182886875257282848391276", "timestamp": "1769383691146", "hash": "d6ad03af4a3da1ee0d0cbbeec32ef095da53a8d9", "bids": [{"price": "0.01", "size": "125.01"}, {"price": "0.02", "size": "32.49"}], "asks": [{"price": "0.99", "size": "116.91"}, {"price": "0.98", "size": "36.54"}, {"price": "0.97", "size": "5.47"}], "event_type": "book", "last_trade_price": ""}, {"market": "0x9a363c286d011a0d5badf0c184174392ce02b45f7ceb987d96bee46bb401ce5c", "asset_id": "87120032698710512170244659943277425631440097383593179035312674693556073187922", "timestamp": "1769384038713", "hash": "40148afe43c7632c605f1d0d00fa854f90047476", "bids": [{"price": "0.01", "size": "126.31"}, {"price": "0.02", "size": "12.6"}, {"price": "0.03", "size": "12.82"}], "asks": [{"price": "0.99", "size": "116.9"}, {"price": "0.98", "size": "36.54"}, {"price": "0.97", "size": "5.47"}], "event_type": "book", "last_trade_price": ""}, {"market": "0x099fce1c2c40eb4acd3ce1dfbad1a9f8db8a82ec5b6bda852ace239e8337442d", "asset_id": "96056379884778942003484159224370672817727549575335119351063403511400081616833", "timestamp": "1769383689751", "hash": "78a7937f3a5a7e4514c135770a57215e2780b82d", "bids": [{"price": "0.01", "size": "125.01"}, {"price": "0.02", "size": "32.49"}], "asks": [{"price": "0.99", "size": "116.9"}, {"price": "0.98", "size": "36.54"}, {"price": "0.97", "size": "5.47"}], "event_type": "book", "last_trade_price": ""}, {"market": "0x7e3beb562abe18e049f78833d59bc173fcc4d43615d06c708deacae8caf9d847", "asset_id": "84385758903761958279412292804927007276390551109422606530311636529114546364644", "timestamp": "1769384039407", "hash": "3042459090c1c0ff5c3014af5a9b8748e86a6445", "bids": [{"price": "0.01", "size": "116.95"}, {"price": "0.02", "size": "24.97"}, {"price": "0.03", "size": "7.7"}], "asks": [{"price": "0.99", "size": "116.9"}, {"price": "0.98", "size": "36.54"}, {"price": "0.97", "size": "5.47"}], "event_type": "book", "last_trade_price": ""}, {"market": "0xd9d82754171820f18d04c0fe75c5b040d49ffc6947c878d1ca2dc56d78c63780", "asset_id": "20177399444992523184925603539593289280701993328659961898985956650639807836037", "timestamp": "1769383941006", "hash": "4bba3fee7ae06aa61b94e5498ee7b318e01ca9e8", "bids": [{"price": "0.01", "size": "125.01"}, {"price": "0.02", "size": "32.49"}], "asks": [{"price": "0.99", "size": "107.56"}, {"price": "0.98", "size": "14.98"}, {"price": "0.97", "size": "5.47"}], "event_type": "book", "last_trade_price": ""}, {"market": "0x0ad7bfefa1318072a7718199b97c81e3815c013987400910ec4f341eab657163", "asset_id": "22548266195851269689477719506198642269528767995990837775232261605151563451942", "timestamp": "1769384068302", "hash": "0d4123fa05b0862fbf71884f79a8a6e2494fe56f", "bids": [{"price": "0.01", "size": "3781.09"}, {"price": "0.02", "size": "1300"}, {"price": "0.03", "size": "1600"}, {"price": "0.04", "size": "157.14"}, {"price": "0.05", "size": "150"}, {"price": "0.06", "size": "2150"}, {"price": "0.07", "size": "150"}, {"price": "0.08", "size": "108.77"}, {"price": "0.1", "size": "60"}, {"price": "0.11", "size": "805.12"}, {"price": "0.14", "size": "50"}, {"price": "0.15", "size": "325"}, {"price": "0.22", "size": "100"}, {"price": "0.25", "size": "5"}, {"price": "0.3", "size": "223.55"}, {"price": "0.32", "size": "29.38"}, {"price": "0.33", "size": "5600"}, {"price": "0.34", "size": "163.93"}, {"price": "0.35", "size": "234.28"}, {"price": "0.36", "size": "4206.88"}, {"price": "0.38", "size": "626.07"}, {"price": "0.39", "size": "3973"}, {"price": "0.4", "size": "15938"}, {"price": "0.41", "size": "7130.2"}, {"price": "0.42", "size": "8483.33"}, {"price": "0.43", "size": "115938.01"}, {"price": "0.44", "size": "1256.01"}], "asks": [{"price": "0.99", "size": "3687.38"}, {"price": "0.98", "size": "2405.59"}, {"price": "0.97", "size": "300"}, {"price": "0.96", "size": "155.88"}, {"price": "0.95", "size": "2150"}, {"price": "0.94", "size": "150"}, {"price": "0.93", "size": "150"}, {"price": "0.92", "size": "700"}, {"price": "0.9", "size": "61.02"}, {"price": "0.89", "size": "5.43"}, {"price": "0.86", "size": "850"}, {"price": "0.82", "size": "25"}, {"price": "0.75", "size": "1200"}, {"price": "0.74", "size": "200"}, {"price": "0.7", "size": "49.18"}, {"price": "0.65", "size": "30"}, {"price": "0.62", "size": "6.75"}, {"price": "0.6", "size": "5.06"}, {"price": "0.59", "size": "437.22"}, {"price": "0.58", "size": "1652.85"}, {"price": "0.57", "size": "5600"}, {"price": "0.56", "size": "15"}, {"price": "0.54", "size": "4200"}, {"price": "0.53", "size": "5"}, {"price": "0.51", "size": "2797.78"}, {"price": "0.5", "size": "82800"}, {"price": "0.49", "size": "24706.95"}, {"price": "0.48", "size": "13209.1"}, {"price": "0.47", "size": "626.24"}], "event_type": "book", "last_trade_price": "0.550"}, {"market": "0x51cb898723da78d598c19adffcb24d0c73e2a2f24ad914d690ec248bfad4fdc7", "asset_id": "45265818972831889508938652282660261022441855388766464448040902986195041732100", "timestamp": "1769384024550", "hash": "dc77a4b766c263fe7155093bf888c7576e4251ec", "bids": [{"price": "0.001", "size": "49.68"}, {"price": "0.002", "size": "15"}, {"price": "0.01", "size": "90"}, {"price": "0.011", "size": "8.38"}, {"price": "0.02", "size": "5.47"}, {"price": "0.03", "size": "100"}, {"price": "0.031", "size": "6.25"}, {"price": "0.08", "size": "100"}, {"price": "0.081", "size": "8.19"}, {"price": "0.14", "size": "50"}, {"price": "0.2", "size": "200"}, {"price": "0.27", "size": "200"}, {"price": "0.34", "size": "100"}, {"price": "0.66", "size": "250"}, {"price": "0.76", "size": "250"}, {"price": "0.86", "size": "250"}, {"price": "0.96", "size": "250"}, {"price": "0.961", "size": "37.5"}, {"price": "0.98", "size": "20"}, {"price": "0.981", "size": "30"}, {"price": "0.99", "size": "2516"}, {"price": "0.999", "size": "647.6"}], "asks": [], "event_type": "book", "last_trade_price": "0.999"}, {"market": "0xf8ed34a7294b275b3d0ecaf6d435978a30e30f15c094bd2514bb5ab5c2e636bc", "asset_id": "50932048206028870456700726153513654752595951899093804448373585532803357505423", "timestamp": "1769384044672", "hash": "b17ea5e1545e2a8678ade161694e34354ef6db1d", "bids": [{"price": "0.01", "size": "125.01"}, {"price": "0.02", "size": "24.21"}], "asks": [{"price": "0.99", "size": "116.9"}, {"price": "0.98", "size": "36.54"}], "event_type": "book", "last_trade_price": ""}, {"market": "0x4dbc567b40124eb91d6e41631e1e1d0b6485852cde34b5892b1d4cf7f35401ea", "asset_id": "22494713618080848438798957715453581767181013119104838114365308817855609238752", "timestamp": "1769384010387", "hash": "a9f084b1ff0e2b82276e549873dde8409b4360d5", "bids": [{"price": "0.01", "size": "125.01"}, {"price": "0.02", "size": "32.49"}], "asks": [{"price": "0.99", "size": "119.58"}, {"price": "0.98", "size": "35.21"}, {"price": "0.97", "size": "5.47"}], "event_type": "book", "last_trade_price": ""}, {"market": "0x927ba583ccd2197307085d98209b2d3462d49f3dde2a806d05a994f2bfcfb701", "asset_id": "109310163071166791971622977992638495682714829891248785477170633406935750944763", "timestamp": "1769384060740", "hash": "11d5ecb53b26096d25dc839b35783237fb49a944", "bids": [{"price": "0.01", "size": "13.63"}], "asks": [{"price": "0.99", "size": "99.99"}, {"price": "0.98", "size": "45"}, {"price": "0.5", "size": "132.29"}, {"price": "0.48", "size": "500"}, {"price": "0.47", "size": "17.73"}, {"price": "0.42", "size": "8.2"}, {"price": "0.41", "size": "5560.47"}], "event_type": "book", "last_trade_price": "0.020"}, {"market": "0x3f8ac484750fc8ba5f4ff4b85f20ab91f4dd3fa5b4b9c1e31bf4b9e01e14f5d8", "asset_id": "38487634797813420414019285811002348688786397212928889421840141991456735823354", "timestamp": "1769383997001", "hash": "fafa1c6aec1784971c71e50f894a4d5e840d6184", "bids": [{"price": "0.01", "size": "90"}, {"price": "0.02", "size": "8.12"}], "asks": [{"price": "0.99", "size": "110.38"}, {"price": "0.98", "size": "22.3"}, {"price": "0.97", "size": "5.47"}], "event_type": "book", "last_trade_price": ""}, {"market": "0xe8d51d55115e4870f017fea94e6d237ad2bf5745805f8353fe2539771e43d9f1", "asset_id": "110012504176723772608274539884901798881193384737214604940197959574201548908580", "timestamp": "1769384049732", "hash": "3b648d874bff854fdca2b4ac1c48f362c310eb52", "bids": [{"price": "0.01", "size": "100"}, {"price": "0.02", "size": "44.99"}, {"price": "0.59", "size": "50"}], "asks": [{"price": "0.99", "size": "99.99"}, {"price": "0.98", "size": "45"}, {"price": "0.8", "size": "50"}], "event_type": "book", "last_trade_price": "0.500"}, {"market": "0x2bc816e3f00e697526f8e4c17547fc1e69a4a81513f0ec48e60512f06fcc290b", "asset_id": "99920912583368310252836811672832917337631662837237674034713417747390530502354", "timestamp": "1769383722002", "hash": "86f6db3ad3156a021f138defa7b4ecb4f69a9c7e", "bids": [{"price": "0.01", "size": "111.08"}, {"price": "0.02", "size": "10.36"}], "asks": [{"price": "0.99", "size": "90"}, {"price": "0.98", "size": "24.05"}, {"price": "0.93", "size": "10.94"}, {"price": "0.92", "size": "7.92"}], "event_type": "book", "last_trade_price": "0.620"}, {"market": "0x3a130aaf6ee3dd5d0ef934b9450a7946c5d5f10bebf630101f0b871b1d15395b", "asset_id": "101396851509258948489930914767082565027290776352422605700266269164278020573852", "timestamp": "1769384062653", "hash": "d0ebda9475847a3f94aed431ef04e13d8fb08a47", "bids": [], "asks": [{"price": "0.99", "size": "7300"}, {"price": "0.97", "size": "100"}, {"price": "0.92", "size": "155"}, {"price": "0.9", "size": "500"}, {"price": "0.86", "size": "50"}, {"price": "0.8", "size": "200"}, {"price": "0.73", "size": "200"}, {"price": "0.66", "size": "100"}, {"price": "0.24", "size": "1000"}, {"price": "0.14", "size": "1000"}, {"price": "0.13", "size": "5.47"}, {"price": "0.01", "size": "2116"}], "event_type": "book", "last_trade_price": "0.010"}, {"market": "0xa4b203b8926a7c84cb676afa1d02e3c85d8a7601d454a8aa4f72ab9d7afa13eb", "asset_id": "41062791290642017369125281118711155809918233477769251050725317130251001157382", "timestamp": "1769383690101", "hash": "6a55a014d04879dc55e42f47b9a119031108ff9a", "bids": [{"price": "0.01", "size": "125.01"}, {"price": "0.02", "size": "32.49"}], "asks": [{"price": "0.99", "size": "125.01"}, {"price": "0.98", "size": "37.96"}], "event_type": "book", "last_trade_price": "0.450"}, {"market": "0x51cb898723da78d598c19adffcb24d0c73e2a2f24ad914d690ec248bfad4fdc7", "asset_id": "84243612251587312112525754532046288066923646883020738140978966964340952903747", "timestamp": "1769384024550", "hash": "a989c7d03ec9fa11859fed535456cca2f2775db0", "bids": [], "asks": [{"price": "0.999", "size": "49.68"}, {"price": "0.998", "size": "15"}, {"price": "0.99", "size": "90"}, {"price": "0.989", "size": "8.38"}, {"price": "0.98", "size": "5.47"}, {"price": "0.97", "size": "100"}, {"price": "0.969", "size": "6.25"}, {"price": "0.92", "size": "100"}, {"price": "0.919", "size": "8.19"}, {"price": "0.86", "size": "50"}, {"price": "0.8", "size": "200"}, {"price": "0.73", "size": "200"}, {"price": "0.66", "size": "100"}, {"price": "0.34", "size": "250"}, {"price": "0.24", "size": "250"}, {"price": "0.14", "size": "250"}, {"price": "0.04", "size": "250"}, {"price": "0.039", "size": "37.5"}, {"price": "0.02", "size": "20"}, {"price": "0.019", "size": "30"}, {"price": "0.01", "size": "2516"}, {"price": "0.001", "size": "647.6"}], "event_type": "book", "last_trade_price": "0.999"}, {"market": "0xf8ed34a7294b275b3d0ecaf6d435978a30e30f15c094bd2514bb5ab5c2e636bc", "asset_id": "11749054968234115437209849193890631881264402480404612737395162188195873462971", "timestamp": "1769384044672", "hash": "a36597952f892d1f386f65659e735f28bca47756", "bids": [{"price": "0.01", "size": "116.9"}, {"price": "0.02", "size": "36.54"}], "asks": [{"price": "0.99", "size": "125.01"}, {"price": "0.98", "size": "24.21"}], "event_type": "book", "last_trade_price": ""}, {"market": "0x08792f718930434e0b78540021be94b96ba0a6ba2db2fd08f7d786d8bbb08490", "asset_id": "3392074221543010505163776856847910675901226863798182782462835874494667034313", "timestamp": "1769383722001", "hash": "f8f21560c80e0902268006b3844d356af5b428d9", "bids": [{"price": "0.01", "size": "125.01"}, {"price": "0.02", "size": "37.49"}], "asks": [{"price": "0.99", "size": "116.9"}, {"price": "0.98", "size": "29.01"}, {"price": "0.97", "size": "5.47"}], "event_type": "book", "last_trade_price": "0.060"}, {"market": "0xb5344acfbad73af8f7ee9677d69db923c6c616c5e8c9685f6c77dce78a94feaf", "asset_id": "59687791183468452334137817846794160045984158913966832690881143275696747536523", "timestamp": "1769384039408", "hash": "3b3de286dc50059d77cc87cd850fbfee598b1885", "bids": [{"price": "0.001", "size": "49.68"}, {"price": "0.002", "size": "15"}, {"price": "0.01", "size": "90"}, {"price": "0.012", "size": "7.31"}, {"price": "0.03", "size": "165.96"}, {"price": "0.031", "size": "6.28"}, {"price": "0.08", "size": "100"}, {"price": "0.081", "size": "8.24"}, {"price": "0.14", "size": "50"}, {"price": "0.2", "size": "200"}, {"price": "0.27", "size": "200"}, {"price": "0.34", "size": "100"}, {"price": "0.66", "size": "250"}, {"price": "0.76", "size": "250"}, {"price": "0.86", "size": "250"}, {"price": "0.96", "size": "250"}, {"price": "0.99", "size": "2566"}, {"price": "0.991", "size": "5.47"}, {"price": "0.999", "size": "749.63"}], "asks": [], "event_type": "book", "last_trade_price": "0.999"}, {"market": "0xabc09c89e12438415f73d64b28afa02e57e95bfa009be9801f85a538d2173f13", "asset_id": "108402611992529721740301093683829955793665674602365097327005926367398074589988", "timestamp": "1769384052491", "hash": "23b15889b7b5e06edfee18d7523b3655cf29392c", "bids": [{"price": "0.01", "size": "116.91"}, {"price": "0.02", "size": "36.54"}, {"price": "0.31", "size": "50"}], "asks": [{"price": "0.99", "size": "125.01"}, {"price": "0.98", "size": "32.49"}, {"price": "0.52", "size": "50"}], "event_type": "book", "last_trade_price": ""}, {"market": "0xf80e67d41b33b4ac68bee61545f11e1b4bb9c1e72171fac1d07e46341f2c5f74", "asset_id": "31566692707504498949047229778746901483704970138029109237000844064590385118854", "timestamp": "1769384049773", "hash": "9deb9323b424dd5f7ad230130f6e57058815770f", "bids": [{"price": "0.01", "size": "114.86"}, {"price": "0.02", "size": "16.09"}, {"price": "0.03", "size": "14.31"}, {"price": "0.52", "size": "50"}], "asks": [{"price": "0.99", "size": "100"}, {"price": "0.98", "size": "45"}, {"price": "0.73", "size": "50"}], "event_type": "book", "last_trade_price": ""}, {"market": "0x02011d6a742abcf398c633b99946ba9bf9de3c037ab0291620232a1a20b17dbf", "asset_id": "81535314512752326725803431265558041181319574711126285636742701599098431917377", "timestamp": "1769383945000", "hash": "79f0820847b109075750aee8f7d3211f552de85b", "bids": [{"price": "0.01", "size": "125.01"}, {"price": "0.02", "size": "8.12"}], "asks": [{"price": "0.99", "size": "116.9"}, {"price": "0.98", "size": "36.54"}, {"price": "0.97", "size": "5.47"}], "event_type": "book", "last_trade_price": ""}, {"market": "0xbfa9e05ce8f4099a9ee06b13f4180d98d51275a55bf74fb3163ace75b8ef3d81", "asset_id": "45962310933580092354414017376904186013522643922858423817223847477500339946685", "timestamp": "1769383941000", "hash": "90c2b4b531090b5dff32c6e916fc53247c4fca80", "bids": [{"price": "0.01", "size": "95.9"}, {"price": "0.02", "size": "31.41"}, {"price": "0.03", "size": "5.47"}], "asks": [{"price": "0.99", "size": "90"}, {"price": "0.98", "size": "33.13"}], "event_type": "book", "last_trade_price": ""}, {"market": "0xb3ec26f27e451dae6a682b4b542ae9dce9780376a84050517686092d19ce8496", "asset_id": "115620534712252316651010274101268457890769386082606979150790542199380082262349", "timestamp": "1769384062655", "hash": "6263edd99d24403430d1285f806eef5d097f730e", "bids": [{"price": "0.002", "size": "55000"}, {"price": "0.008", "size": "155"}, {"price": "0.01", "size": "17131.11"}, {"price": "0.011", "size": "160.47"}, {"price": "0.031", "size": "10000"}, {"price": "0.04", "size": "2100"}, {"price": "0.08", "size": "155"}, {"price": "0.097", "size": "100"}, {"price": "0.099", "size": "100"}, {"price": "0.1", "size": "500"}, {"price": "0.102", "size": "5000"}, {"price": "0.11", "size": "3100"}, {"price": "0.14", "size": "50"}, {"price": "0.2", "size": "200"}, {"price": "0.27", "size": "200"}, {"price": "0.34", "size": "100"}, {"price": "0.47", "size": "100"}, {"price": "0.49", "size": "100"}, {"price": "0.497", "size": "100"}, {"price": "0.499", "size": "500"}, {"price": "0.75", "size": "60"}, {"price": "0.767", "size": "60"}, {"price": "0.769", "size": "60"}, {"price": "0.77", "size": "60"}, {"price": "0.86", "size": "1000"}, {"price": "0.96", "size": "1000"}, {"price": "0.99", "size": "2116"}, {"price": "0.991", "size": "500"}, {"price": "0.992", "size": "5.47"}, {"price": "0.999", "size": "346.06"}], "asks": [], "event_type": "book", "last_trade_price": "0.001"}, {"market": "0xe8bed89a5cb20cd93e2162cf94ef3004017148df8a07f1a42c5370e8408f7a92", "asset_id": "71435779320754143275714370169895905321632017191762206261153592524042264094133", "timestamp": "1769383973002", "hash": "28bf9be812e92baf6e06d90de05e3ab92d5d299b", "bids": [{"price": "0.01", "size": "90"}, {"price": "0.02", "size": "5.47"}], "asks": [{"price": "0.99", "size": "125.01"}, {"price": "0.98", "size": "8.12"}], "event_type": "book", "last_trade_price": ""}, {"market": "0xe8bed89a5cb20cd93e2162cf94ef3004017148df8a07f1a42c5370e8408f7a92", "asset_id": "10318822010512748198950125626382256959109286692119693795753686368309527301553", "timestamp": "1769383973002", "hash": "4eb13c3e3d344b4c8130b73a787475dd2fafd689", "bids": [{"price": "0.01", "size": "125.01"}, {"price": "0.02", "size": "8.12"}], "asks": [{"price": "0.99", "size": "90"}, {"price": "0.98", "size": "5.47"}], "event_type": "book", "last_trade_price": ""}, {"market": "0x0bf9f54b438a3cd35e280d17eda2d9219161cee8f80080f6e5ba96190122974f", "asset_id": "46630886810031607149843758369227483187517381629993105474753644698558085527519", "timestamp": "1769384063002", "hash": "1b0b75327082aa570133d5aee39ee4b01bb4aed4", "bids": [{"price": "0.01", "size": "61.99"}, {"price": "0.02", "size": "15.99"}, {"price": "0.24", "size": "69"}], "asks": [{"price": "0.99", "size": "100.01"}, {"price": "0.98", "size": "7.49"}, {"price": "0.34", "size": "100"}, {"price": "0.33", "size": "63"}], "event_type": "book", "last_trade_price": "0.730"}, {"market": "0x3481f2e35e0b0cfa96399847666e53f6b29a6d6a8e89a93ff987492d5f4842ed", "asset_id": "28618211227776711083707041422577230112747556139263338591375779657544868194048", "timestamp": "1769383975636", "hash": "b42b5dd73699007ace3edd4e3cef6249ac883ab8", "bids": [{"price": "0.01", "size": "109"}, {"price": "0.02", "size": "25.32"}, {"price": "0.04", "size": "500"}, {"price": "0.05", "size": "11.54"}], "asks": [{"price": "0.99", "size": "115.64"}, {"price": "0.98", "size": "19.16"}], "event_type": "book", "last_trade_price": "0.520"}, {"market": "0x3f8ac484750fc8ba5f4ff4b85f20ab91f4dd3fa5b4b9c1e31bf4b9e01e14f5d8", "asset_id": "31671140010670921814597496593643510093558637426261841032441511411696552410565", "timestamp": "1769383997001", "hash": "29c029528bdbba20d513a2b3ed05d0892afba742", "bids": [{"price": "0.01", "size": "110.38"}, {"price": "0.02", "size": "22.3"}, {"price": "0.03", "size": "5.47"}], "asks": [{"price": "0.99", "size": "90"}, {"price": "0.98", "size": "8.12"}], "event_type": "book", "last_trade_price": ""}, {"market": "0xcbe64e1c4b513e7d187b06f9e7baa16b9f5e85d34b6bbd15f325c0bd74aba779", "asset_id": "91731980601510662918716554575307432918641450456244456049327598721926448377248", "timestamp": "1769383944921", "hash": "337941c37e9f7becef671cc420f4e73cfd7896e7", "bids": [{"price": "0.01", "size": "116.9"}, {"price": "0.02", "size": "36.54"}, {"price": "0.03", "size": "5.47"}], "asks": [{"price": "0.99", "size": "125.01"}, {"price": "0.98", "size": "32.49"}, {"price": "0.7", "size": "10"}], "event_type": "book", "last_trade_price": ""}, {"market": "0x636d54dbe470f75461300274c03da95da54696758fd421db3828f0dd1f045164", "asset_id": "52781723242843704960445457385527611286513311268850829569990423578137146774997", "timestamp": "1769384049866", "hash": "3b4d98f76dd257594423f2050eac414127835fe6", "bids": [{"price": "0.01", "size": "90"}, {"price": "0.44", "size": "50"}], "asks": [{"price": "0.99", "size": "90"}, {"price": "0.65", "size": "50"}], "event_type": "book", "last_trade_price": "0.470"}, {"market": "0xabc09c89e12438415f73d64b28afa02e57e95bfa009be9801f85a538d2173f13", "asset_id": "308282058560027809404023789651916267413792405172544153818594002097414990657", "timestamp": "1769384052491", "hash": "0209cdeae5bfe7f3b2aa0e0ade1430c55759fc86", "bids": [{"price": "0.01", "size": "125.01"}, {"price": "0.02", "size": "32.49"}, {"price": "0.48", "size": "50"}], "asks": [{"price": "0.99", "size": "116.91"}, {"price": "0.98", "size": "36.54"}, {"price": "0.69", "size": "50"}], "event_type": "book", "last_trade_price": ""}, {"market": "0xd9d82754171820f18d04c0fe75c5b040d49ffc6947c878d1ca2dc56d78c63780", "asset_id": "101057760947503743823331695328385420324696006740381715770200541949161490216902", "timestamp": "1769383941006", "hash": "4cf564204ce4970ee5955230806372a323643182", "bids": [{"price": "0.01", "size": "107.56"}, {"price": "0.02", "size": "14.98"}, {"price": "0.03", "size": "5.47"}], "asks": [{"price": "0.99", "size": "125.01"}, {"price": "0.98", "size": "32.49"}], "event_type": "book", "last_trade_price": ""}, {"market": "0x927ba583ccd2197307085d98209b2d3462d49f3dde2a806d05a994f2bfcfb701", "asset_id": "8491948869003153677854091056477922737880117499788948933057579143199962323248", "timestamp": "1769384060740", "hash": "f4807a11ccf1b76a1e662f7ebd3ebace32796e1c", "bids": [{"price": "0.01", "size": "99.99"}, {"price": "0.02", "size": "45"}, {"price": "0.5", "size": "132.29"}, {"price": "0.52", "size": "500"}, {"price": "0.53", "size": "17.73"}, {"price": "0.58", "size": "8.2"}, {"price": "0.59", "size": "5560.47"}], "asks": [{"price": "0.99", "size": "13.63"}], "event_type": "book", "last_trade_price": "0.020"}, {"market": "0x7e3beb562abe18e049f78833d59bc173fcc4d43615d06c708deacae8caf9d847", "asset_id": "89691616669419802548425110468251001960424923634276694837438505989860420349178", "timestamp": "1769384039407", "hash": "6e3217c8037e51cec0c13a9bf26c81e6f1e2ba1c", "bids": [{"price": "0.01", "size": "116.9"}, {"price": "0.02", "size": "36.54"}, {"price": "0.03", "size": "5.47"}], "asks": [{"price": "0.99", "size": "116.95"}, {"price": "0.98", "size": "24.97"}, {"price": "0.97", "size": "7.7"}], "event_type": "book", "last_trade_price": ""}, {"market": "0x08792f718930434e0b78540021be94b96ba0a6ba2db2fd08f7d786d8bbb08490", "asset_id": "113941104571752338032639018071909915921585204218036654490829858491543464552227", "timestamp": "1769383722001", "hash": "e12920a16c93e2a8a3d12669164a1f25064c539b", "bids": [{"price": "0.01", "size": "116.9"}, {"price": "0.02", "size": "29.01"}, {"price": "0.03", "size": "5.47"}], "asks": [{"price": "0.99", "size": "125.01"}, {"price": "0.98", "size": "37.49"}], "event_type": "book", "last_trade_price": "0.060"}, {"market": "0xa652ed627fd1764a0a5f3f91dfe17dfc5ac0675594442c42e9f562a7ca321519", "asset_id": "29864125759764721652611662801926814185903900441401457093148760012221975252655", "timestamp": "1769384066790", "hash": "71aecee9d81e2b2dafdb01aa4d0ac328f87029ff", "bids": [{"price": "0.01", "size": "74.4"}, {"price": "0.02", "size": "19.87"}, {"price": "0.21", "size": "5"}, {"price": "0.3", "size": "69"}], "asks": [{"price": "0.99", "size": "100.02"}, {"price": "0.98", "size": "6.33"}, {"price": "0.41", "size": "69"}], "event_type": "book", "last_trade_price": "0.760"}, {"market": "0xcbe64e1c4b513e7d187b06f9e7baa16b9f5e85d34b6bbd15f325c0bd74aba779", "asset_id": "50913395947750174172704976418372819999960124151188438388335374497019542146705", "timestamp": "1769383944921", "hash": "627d0b0daea269d04d3533c1bf47abb4fc4386a6", "bids": [{"price": "0.01", "size": "125.01"}, {"price": "0.02", "size": "32.49"}, {"price": "0.3", "size": "10"}], "asks": [{"price": "0.99", "size": "116.9"}, {"price": "0.98", "size": "36.54"}, {"price": "0.97", "size": "5.47"}], "event_type": "book", "last_trade_price": ""}, {"market": "0x3a130aaf6ee3dd5d0ef934b9450a7946c5d5f10bebf630101f0b871b1d15395b", "asset_id": "47149831072701722791023991324374026734047972918221099332920092828412847143514", "timestamp": "1769384062653", "hash": "44482be7a17efbb39d10f983e8f87da18da106bc", "bids": [{"price": "0.01", "size": "7300"}, {"price": "0.03", "size": "100"}, {"price": "0.08", "size": "155"}, {"price": "0.1", "size": "500"}, {"price": "0.14", "size": "50"}, {"price": "0.2", "size": "200"}, {"price": "0.27", "size": "200"}, {"price": "0.34", "size": "100"}, {"price": "0.76", "size": "1000"}, {"price": "0.86", "size": "1000"}, {"price": "0.87", "size": "5.47"}, {"price": "0.99", "size": "2116"}], "asks": [], "event_type": "book", "last_trade_price": "0.010"}, {"market": "0xe9782728561b9b4149e833854ccfb407cc33f1aa8091d177f15106c5365fb99a", "asset_id": "71108626701004408773161946293673444327318216379039089868249695733831404009115", "timestamp": "1769384062653", "hash": "0aa6710396f159d3053eb8569b686ea77cb90b13", "bids": [{"price": "0.001", "size": "70.08"}, {"price": "0.002", "size": "5015"}, {"price": "0.008", "size": "55"}, {"price": "0.01", "size": "7190"}, {"price": "0.011", "size": "136.81"}, {"price": "0.03", "size": "100"}, {"price": "0.08", "size": "155"}, {"price": "0.1", "size": "500"}, {"price": "0.14", "size": "50"}, {"price": "0.2", "size": "200"}, {"price": "0.27", "size": "200"}, {"price": "0.34", "size": "100"}, {"price": "0.96", "size": "1000"}, {"price": "0.961", "size": "909.58"}, {"price": "0.962", "size": "8.2"}, {"price": "0.963", "size": "5.47"}, {"price": "0.99", "size": "2115.26"}, {"price": "0.999", "size": "1376.78"}], "asks": [], "event_type": "book", "last_trade_price": "0.001"}, {"market": "0x092159b3543bb1bd6f934210527f875cbb14884465f61cf9c6aef91436642b11", "asset_id": "68987698701883973413551972316936948781515338631074300652032418898639732128433", "timestamp": "1769384044554", "hash": "63abfb21f6f9aa5081e1f8f865f49f89ee7b167e", "bids": [{"price": "0.01", "size": "100"}, {"price": "0.02", "size": "44.99"}, {"price": "0.5", "size": "132.29"}, {"price": "0.51", "size": "300"}, {"price": "0.52", "size": "17.64"}, {"price": "0.57", "size": "8.2"}, {"price": "0.58", "size": "5.47"}], "asks": [{"price": "0.99", "size": "132.1"}], "event_type": "book", "last_trade_price": "0.020"}, {"market": "0xe8d51d55115e4870f017fea94e6d237ad2bf5745805f8353fe2539771e43d9f1", "asset_id": "70256180202348471191953474915902731762363777201837273336972208321814219331601", "timestamp": "1769384049732", "hash": "047b742116272bf0211201abe827bef700f8b5bf", "bids": [{"price": "0.01", "size": "99.99"}, {"price": "0.02", "size": "45"}, {"price": "0.2", "size": "50"}], "asks": [{"price": "0.99", "size": "100"}, {"price": "0.98", "size": "44.99"}, {"price": "0.41", "size": "50"}], "event_type": "book", "last_trade_price": "0.500"}, {"market": "0xb2e9926755cbdc9d6b804b98649036520f90c59689e7d411b8b220016e37ded5", "asset_id": "91951051420247697188935807188755745255896495234721800338415646269792607573111", "timestamp": "1769384049761", "hash": "908fcfeb6ebdbdd045a2b0ce66272326ea9d115f", "bids": [{"price": "0.01", "size": "116.9"}, {"price": "0.02", "size": "36.54"}, {"price": "0.32", "size": "50"}], "asks": [{"price": "0.99", "size": "125.01"}, {"price": "0.98", "size": "32.49"}, {"price": "0.53", "size": "50"}], "event_type": "book", "last_trade_price": ""}, {"market": "0xcc9170ce8290d2ebe3d9f6b3698d361165a27a2b5ad89c22c905718692f429fe", "asset_id": "29772188037527448114338468257668109290831835079986386657003379569482864084921", "timestamp": "1769383685830", "hash": "098a796a1c110de08e4002c1355bace086203661", "bids": [{"price": "0.01", "size": "116.9"}, {"price": "0.02", "size": "36.54"}, {"price": "0.03", "size": "5.47"}], "asks": [{"price": "0.99", "size": "125.01"}, {"price": "0.98", "size": "32.49"}], "event_type": "book", "last_trade_price": ""}, {"market": "0xc72b05ea43b5b6a09835300d4352ac900039d574c003f3503bfa90c00925aadb", "asset_id": "88803273097095234552847992083521727887953542514048506758556828723214544312868", "timestamp": "1769383519150", "hash": "111772300001616d4242edbde4a4c703f8f8ee4e", "bids": [{"price": "0.01", "size": "116.92"}, {"price": "0.02", "size": "36.53"}, {"price": "0.03", "size": "5.47"}], "asks": [{"price": "0.99", "size": "125.01"}, {"price": "0.98", "size": "32.49"}], "event_type": "book", "last_trade_price": ""}, {"market": "0x39b14b8c5c3d109643047ddb5984e3d912a59b6f8bc717239076216c7dc5bd32", "asset_id": "25503132391390544211384389220263160633728586651382273816925739872004107467188", "timestamp": "1769383849526", "hash": "43b19cc89fe353b104019a89d0f8e3fbaa22446e", "bids": [], "asks": [{"price": "0.999", "size": "49.68"}, {"price": "0.998", "size": "15"}, {"price": "0.99", "size": "90"}, {"price": "0.989", "size": "8.38"}, {"price": "0.97", "size": "105.47"}, {"price": "0.969", "size": "6.25"}, {"price": "0.96", "size": "5.47"}, {"price": "0.92", "size": "100"}, {"price": "0.919", "size": "8.19"}, {"price": "0.86", "size": "50"}, {"price": "0.8", "size": "200"}, {"price": "0.73", "size": "200"}, {"price": "0.66", "size": "100"}, {"price": "0.34", "size": "250"}, {"price": "0.24", "size": "250"}, {"price": "0.14", "size": "250"}, {"price": "0.04", "size": "250"}, {"price": "0.02", "size": "20"}, {"price": "0.019", "size": "5.47"}, {"price": "0.01", "size": "2470.53"}, {"price": "0.001", "size": "800"}], "event_type": "book", "last_trade_price": "0.010"}, {"market": "0x9a363c286d011a0d5badf0c184174392ce02b45f7ceb987d96bee46bb401ce5c", "asset_id": "96819704261284524726988763713178139722454238849437571346195594377796354730604", "timestamp": "1769384038713", "hash": "f568d7d07579cc163c28d3df7080a442bcaac9fb", "bids": [{"price": "0.01", "size": "116.9"}, {"price": "0.02", "size": "36.54"}, {"price": "0.03", "size": "5.47"}], "asks": [{"price": "0.99", "size": "126.31"}, {"price": "0.98", "size": "12.6"}, {"price": "0.97", "size": "12.82"}], "event_type": "book", "last_trade_price": ""}, {"market": "0xb5344acfbad73af8f7ee9677d69db923c6c616c5e8c9685f6c77dce78a94feaf", "asset_id": "60532750291649650296305177703344974277809053574072974194319160749103449576231", "timestamp": "1769384039408", "hash": "fcc53ca5dc5e3f3e6041b3e6d985a9841f744ddd", "bids": [], "asks": [{"price": "0.999", "size": "49.68"}, {"price": "0.998", "size": "15"}, {"price": "0.99", "size": "90"}, {"price": "0.988", "size": "7.31"}, {"price": "0.97", "size": "165.96"}, {"price": "0.969", "size": "6.28"}, {"price": "0.92", "size": "100"}, {"price": "0.919", "size": "8.24"}, {"price": "0.86", "size": "50"}, {"price": "0.8", "size": "200"}, {"price": "0.73", "size": "200"}, {"price": "0.66", "size": "100"}, {"price": "0.34", "size": "250"}, {"price": "0.24", "size": "250"}, {"price": "0.14", "size": "250"}, {"price": "0.04", "size": "250"}, {"price": "0.01", "size": "2566"}, {"price": "0.009", "size": "5.47"}, {"price": "0.001", "size": "749.63"}], "event_type": "book", "last_trade_price": "0.999"}, {"market": "0x4dbc567b40124eb91d6e41631e1e1d0b6485852cde34b5892b1d4cf7f35401ea", "asset_id": "28048883568577507134873820123063651287782692240247564686012074775959160504533", "timestamp": "1769384010387", "hash": "ab07ad266d7ec04167fb138efd613d7a22eee9e3", "bids": [{"price": "0.01", "size": "119.58"}, {"price": "0.02", "size": "35.21"}, {"price": "0.03", "size": "5.47"}], "asks": [{"price": "0.99", "size": "125.01"}, {"price": "0.98", "size": "32.49"}], "event_type": "book", "last_trade_price": ""}, {"market": "0x3481f2e35e0b0cfa96399847666e53f6b29a6d6a8e89a93ff987492d5f4842ed", "asset_id": "108972891593069030083752743461015206346722036888065124430460930102641682297891", "timestamp": "1769383975636", "hash": "6d45a2634d7363d26ed9ca75965306ddbd55c6fe", "bids": [{"price": "0.01", "size": "115.64"}, {"price": "0.02", "size": "19.16"}], "asks": [{"price": "0.99", "size": "109"}, {"price": "0.98", "size": "25.32"}, {"price": "0.96", "size": "500"}, {"price": "0.95", "size": "11.54"}], "event_type": "book", "last_trade_price": "0.520"}, {"market": "0xd831eb1d4197ba9c5e91c4aee9fd7532dfefa1b241cdbfea717daf884a6eeed2", "asset_id": "92788450238362440381044200607931201680643932329384831889603391790947605749813", "timestamp": "1769384068471", "hash": "4c94073567e7e0035b2812af4890b40245553d87", "bids": [{"price": "0.01", "size": "72654.99"}, {"price": "0.02", "size": "95.97"}, {"price": "0.04", "size": "2000"}, {"price": "0.08", "size": "155"}, {"price": "0.09", "size": "10000"}, {"price": "0.1", "size": "500"}, {"price": "0.11", "size": "3000"}, {"price": "0.47", "size": "100"}, {"price": "0.49", "size": "100"}, {"price": "0.59", "size": "8.79"}, {"price": "0.6", "size": "5.47"}, {"price": "0.99", "size": "116"}], "asks": [], "event_type": "book", "last_trade_price": "0.010"}, {"market": "0xc72b05ea43b5b6a09835300d4352ac900039d574c003f3503bfa90c00925aadb", "asset_id": "5794799399360778498260917563393589518186674813778048535494442756194267711238", "timestamp": "1769383519150", "hash": "353e45757f5692a862d846221cd02b871b6cf4c0", "bids": [{"price": "0.01", "size": "125.01"}, {"price": "0.02", "size": "32.49"}], "asks": [{"price": "0.99", "size": "116.92"}, {"price": "0.98", "size": "36.53"}, {"price": "0.97", "size": "5.47"}], "event_type": "book", "last_trade_price": ""}, {"market": "0xe9782728561b9b4149e833854ccfb407cc33f1aa8091d177f15106c5365fb99a", "asset_id": "68117334369937532712076673649535766983027848786431071694620517422994901341010", "timestamp": "1769384062653", "hash": "48cce3960ade410f92a0e6f7a9135df3f9132f53", "bids": [], "asks": [{"price": "0.999", "size": "70.08"}, {"price": "0.998", "size": "5015"}, {"price": "0.992", "size": "55"}, {"price": "0.99", "size": "7190"}, {"price": "0.989", "size": "136.81"}, {"price": "0.97", "size": "100"}, {"price": "0.92", "size": "155"}, {"price": "0.9", "size": "500"}, {"price": "0.86", "size": "50"}, {"price": "0.8", "size": "200"}, {"price": "0.73", "size": "200"}, {"price": "0.66", "size": "100"}, {"price": "0.04", "size": "1000"}, {"price": "0.039", "size": "909.58"}, {"price": "0.038", "size": "8.2"}, {"price": "0.037", "size": "5.47"}, {"price": "0.01", "size": "2115.26"}, {"price": "0.001", "size": "1376.78"}], "event_type": "book", "last_trade_price": "0.001"}, {"market": "0x2bc816e3f00e697526f8e4c17547fc1e69a4a81513f0ec48e60512f06fcc290b", "asset_id": "79765852385636771962477147834385584553584411673976137722940966326372860617964", "timestamp": "1769383722002", "hash": "8cfd889b09be711932d06345640852eb2ef59911", "bids": [{"price": "0.01", "size": "90"}, {"price": "0.02", "size": "24.05"}, {"price": "0.07", "size": "10.94"}, {"price": "0.08", "size": "7.92"}], "asks": [{"price": "0.99", "size": "111.08"}, {"price": "0.98", "size": "10.36"}], "event_type": "book", "last_trade_price": "0.620"}, {"market": "0x2ab30b67e3d2c0836d4c83e4628e3634b7c90e16bf90ef4ab99cf705570dff86", "asset_id": "5928838552731255813855689945804518174438124115755940408231689539026778962482", "timestamp": "1769384049702", "hash": "bba7fcdab635a32c51a05f2fbb2f78fcd69631cc", "bids": [{"price": "0.01", "size": "95.34"}, {"price": "0.02", "size": "47.33"}, {"price": "0.56", "size": "50"}], "asks": [{"price": "0.99", "size": "125.01"}, {"price": "0.98", "size": "32.49"}, {"price": "0.77", "size": "50"}], "event_type": "book", "last_trade_price": ""}, {"market": "0xbd0c7290685db69d4ea67591fbba802d366a4292cdb23736d68d338e0e76861c", "asset_id": "60149103581261869985647216133306747372041371289138884273397750109841811721674", "timestamp": "1769384066790", "hash": "f1f0021fab3a317392f8ad8815f51f8438f2523a", "bids": [{"price": "0.01", "size": "100.01"}, {"price": "0.02", "size": "7.49"}, {"price": "0.2", "size": "5"}, {"price": "0.63", "size": "69"}], "asks": [{"price": "0.99", "size": "30.05"}, {"price": "0.98", "size": "6.23"}, {"price": "0.96", "size": "5"}, {"price": "0.73", "size": "69"}], "event_type": "book", "last_trade_price": "0.260"}, {"market": "0x2ab30b67e3d2c0836d4c83e4628e3634b7c90e16bf90ef4ab99cf705570dff86", "asset_id": "82523585046267232360374090694498661362687012649900982139168026326849119867809", "timestamp": "1769384049702", "hash": "80da4a206e55a21da5f304cf2a5c11dec1d3cb79", "bids": [{"price": "0.01", "size": "125.01"}, {"price": "0.02", "size": "32.49"}, {"price": "0.23", "size": "50"}], "asks": [{"price": "0.99", "size": "95.34"}, {"price": "0.98", "size": "47.33"}, {"price": "0.44", "size": "50"}], "event_type": "book", "last_trade_price": ""}, {"market": "0x9005e0aa0a60343e9fbeb8981be00b254c0ea21e92f27d7dc8d5050945854610", "asset_id": "115414241392831582281046574660367643078135863632489954507378202896482992358949", "timestamp": "1769383690465", "hash": "cb5526c628f80f7448307ca72eed0b166b2875d5", "bids": [{"price": "0.01", "size": "125.01"}, {"price": "0.02", "size": "37.96"}], "asks": [{"price": "0.99", "size": "125.01"}, {"price": "0.98", "size": "32.49"}], "event_type": "book", "last_trade_price": ""}, {"market": "0xa4b203b8926a7c84cb676afa1d02e3c85d8a7601d454a8aa4f72ab9d7afa13eb", "asset_id": "7634019633268913976886511041252111796622620459649759543474569090565472288967", "timestamp": "1769383690101", "hash": "3940283100156ff87e3f8440c34173bb616c0e0e", "bids": [{"price": "0.01", "size": "125.01"}, {"price": "0.02", "size": "37.96"}], "asks": [{"price": "0.99", "size": "125.01"}, {"price": "0.98", "size": "32.49"}], "event_type": "book", "last_trade_price": "0.450"}, {"market": "0xb2e9926755cbdc9d6b804b98649036520f90c59689e7d411b8b220016e37ded5", "asset_id": "80427580757537678555505509783740729410820775662749583801499843284177863394538", "timestamp": "1769384049761", "hash": "89f92c6ae70fb0005dd91901281c6a934a518798", "bids": [{"price": "0.01", "size": "125.01"}, {"price": "0.02", "size": "32.49"}, {"price": "0.47", "size": "50"}], "asks": [{"price": "0.99", "size": "116.9"}, {"price": "0.98", "size": "36.54"}, {"price": "0.68", "size": "50"}], "event_type": "book", "last_trade_price": ""}, {"market": "0x02011d6a742abcf398c633b99946ba9bf9de3c037ab0291620232a1a20b17dbf", "asset_id": "108523798740267670862576876622728292388286302974062816767271618739105469948751", "timestamp": "1769383945000", "hash": "f469616d0e533557059d78566d25902d6ac7039c", "bids": [{"price": "0.01", "size": "116.9"}, {"price": "0.02", "size": "36.54"}, {"price": "0.03", "size": "5.47"}], "asks": [{"price": "0.99", "size": "125.01"}, {"price": "0.98", "size": "8.12"}], "event_type": "book", "last_trade_price": ""}, {"market": "0x39b14b8c5c3d109643047ddb5984e3d912a59b6f8bc717239076216c7dc5bd32", "asset_id": "62421527192632722130341267604895872264949169801894170750907981974949443488957", "timestamp": "1769383849526", "hash": "ef8ac3554900c356ad8233bd9411026a4837c04b", "bids": [{"price": "0.001", "size": "49.68"}, {"price": "0.002", "size": "15"}, {"price": "0.01", "size": "90"}, {"price": "0.011", "size": "8.38"}, {"price": "0.03", "size": "105.47"}, {"price": "0.031", "size": "6.25"}, {"price": "0.04", "size": "5.47"}, {"price": "0.08", "size": "100"}, {"price": "0.081", "size": "8.19"}, {"price": "0.14", "size": "50"}, {"price": "0.2", "size": "200"}, {"price": "0.27", "size": "200"}, {"price": "0.34", "size": "100"}, {"price": "0.66", "size": "250"}, {"price": "0.76", "size": "250"}, {"price": "0.86", "size": "250"}, {"price": "0.96", "size": "250"}, {"price": "0.98", "size": "20"}, {"price": "0.981", "size": "5.47"}, {"price": "0.99", "size": "2470.53"}, {"price": "0.999", "size": "800"}], "asks": [], "event_type": "book", "last_trade_price": "0.010"}, {"market": "0x0bf9f54b438a3cd35e280d17eda2d9219161cee8f80080f6e5ba96190122974f", "asset_id": "32055259279168419833208260279475805525632630214134985224331252905491649256481", "timestamp": "1769384063002", "hash": "656ada5b4d9ce13399c1ea693d8734abb1c3576e", "bids": [{"price": "0.01", "size": "100.01"}, {"price": "0.02", "size": "7.49"}, {"price": "0.66", "size": "100"}, {"price": "0.67", "size": "63"}], "asks": [{"price": "0.99", "size": "61.99"}, {"price": "0.98", "size": "15.99"}, {"price": "0.76", "size": "69"}], "event_type": "book", "last_trade_price": "0.730"}, {"market": "0xbfa9e05ce8f4099a9ee06b13f4180d98d51275a55bf74fb3163ace75b8ef3d81", "asset_id": "81129608417501239532866838327195892113843918759865100471582856655162190061598", "timestamp": "1769383941000", "hash": "e137c53509a205e0ba0e1d29a8f878b4f86ec9de", "bids": [{"price": "0.01", "size": "90"}, {"price": "0.02", "size": "33.13"}], "asks": [{"price": "0.99", "size": "95.9"}, {"price": "0.98", "size": "31.41"}, {"price": "0.97", "size": "5.47"}], "event_type": "book", "last_trade_price": ""}, {"market": "0x66dc4b673443e22f24a403ed17db782014adbfe0112ffef5590a9c2ffab269af", "asset_id": "93103607190338257114388819533193111303596465990759174972037137547598015057554", "timestamp": "1769384031826", "hash": "69b4a64cbbb03e7e4249509618f03d16ac4929ac", "bids": [{"price": "0.01", "size": "110.3"}, {"price": "0.02", "size": "10.36"}, {"price": "0.03", "size": "12.81"}, {"price": "0.38", "size": "50"}], "asks": [{"price": "0.99", "size": "95.39"}, {"price": "0.98", "size": "34.76"}, {"price": "0.95", "size": "10.01"}, {"price": "0.59", "size": "50"}, {"price": "0.58", "size": "8.61"}], "event_type": "book", "last_trade_price": "0.570"}, {"market": "0x9005e0aa0a60343e9fbeb8981be00b254c0ea21e92f27d7dc8d5050945854610", "asset_id": "38237455732019786209662096801237696668047127109522934688396044253840761775791", "timestamp": "1769383690465", "hash": "1150cd329cddda8f6823d9582cfb0e1ffe873a40", "bids": [{"price": "0.01", "size": "125.01"}, {"price": "0.02", "size": "32.49"}], "asks": [{"price": "0.99", "size": "125.01"}, {"price": "0.98", "size": "37.96"}], "event_type": "book", "last_trade_price": ""}, {"market": "0xb3ec26f27e451dae6a682b4b542ae9dce9780376a84050517686092d19ce8496", "asset_id": "2062668752110749741858613614354763188632248265736280746044601348516436026006", "timestamp": "1769384062655", "hash": "69c67f96c7a3e8251f919e5cd967cc96e217f3c8", "bids": [], "asks": [{"price": "0.998", "size": "55000"}, {"price": "0.992", "size": "155"}, {"price": "0.99", "size": "17131.11"}, {"price": "0.989", "size": "160.47"}, {"price": "0.969", "size": "10000"}, {"price": "0.96", "size": "2100"}, {"price": "0.92", "size": "155"}, {"price": "0.903", "size": "100"}, {"price": "0.901", "size": "100"}, {"price": "0.9", "size": "500"}, {"price": "0.898", "size": "5000"}, {"price": "0.89", "size": "3100"}, {"price": "0.86", "size": "50"}, {"price": "0.8", "size": "200"}, {"price": "0.73", "size": "200"}, {"price": "0.66", "size": "100"}, {"price": "0.53", "size": "100"}, {"price": "0.51", "size": "100"}, {"price": "0.503", "size": "100"}, {"price": "0.501", "size": "500"}, {"price": "0.25", "size": "60"}, {"price": "0.233", "size": "60"}, {"price": "0.231", "size": "60"}, {"price": "0.23", "size": "60"}, {"price": "0.14", "size": "1000"}, {"price": "0.04", "size": "1000"}, {"price": "0.01", "size": "2116"}, {"price": "0.009", "size": "500"}, {"price": "0.008", "size": "5.47"}, {"price": "0.001", "size": "346.06"}], "event_type": "book", "last_trade_price": "0.001"}, {"market": "0x706eb6d32f29d87fd08dc6a37597faa3d20bf1df75d7ccab660d29565dc8ff0a", "asset_id": "10739138290105627983458362915170506627323888078466483220890658863645237226226", "timestamp": "1769384057757", "hash": "dd10d297266bceffabdc13ad7bd8ab64f79474f4", "bids": [{"price": "0.01", "size": "90"}, {"price": "0.02", "size": "47.3"}, {"price": "0.5", "size": "512.29"}, {"price": "0.52", "size": "16"}, {"price": "0.54", "size": "5.59"}, {"price": "0.55", "size": "5.47"}], "asks": [], "event_type": "book", "last_trade_price": "0.010"}, {"market": "0x099fce1c2c40eb4acd3ce1dfbad1a9f8db8a82ec5b6bda852ace239e8337442d", "asset_id": "55411423962050569985336089158546353749765541513981743176746867901006932642271", "timestamp": "1769383689751", "hash": "915c7092a98568b80f0301c85674ae61ab03d949", "bids": [{"price": "0.01", "size": "116.9"}, {"price": "0.02", "size": "36.54"}, {"price": "0.03", "size": "5.47"}], "asks": [{"price": "0.99", "size": "125.01"}, {"price": "0.98", "size": "32.49"}], "event_type": "book", "last_trade_price": ""}, {"market": "0xf3176dcf0a4e9c45b9667ab5532a512d6ebd09a2d4d293ee1cd222dc0ba166dd", "asset_id": "107148713226471138621083915552030616335001150596668033166786006337828497021991", "timestamp": "1769384013249", "hash": "93081bf942cf3079d099b8753e4beff9ec2ec6fe", "bids": [{"price": "0.01", "size": "120.7"}, {"price": "0.02", "size": "20.76"}, {"price": "0.03", "size": "9.25"}], "asks": [{"price": "0.99", "size": "100"}, {"price": "0.98", "size": "45"}, {"price": "0.97", "size": "5.47"}, {"price": "0.7", "size": "10"}], "event_type": "book", "last_trade_price": ""}, {"market": "0xf3176dcf0a4e9c45b9667ab5532a512d6ebd09a2d4d293ee1cd222dc0ba166dd", "asset_id": "18542498567125194668873260362751558060902553766671348725615872617312610958277", "timestamp": "1769384013249", "hash": "229374dce178396f363e4de18afa59f3e4ad0808", "bids": [{"price": "0.01", "size": "100"}, {"price": "0.02", "size": "45"}, {"price": "0.03", "size": "5.47"}, {"price": "0.3", "size": "10"}], "asks": [{"price": "0.99", "size": "120.7"}, {"price": "0.98", "size": "20.76"}, {"price": "0.97", "size": "9.25"}], "event_type": "book", "last_trade_price": ""}, {"market": "0xbd0c7290685db69d4ea67591fbba802d366a4292cdb23736d68d338e0e76861c", "asset_id": "35135227478442467357789294339128518652905539309099349096750738695570286638021", "timestamp": "1769384066790", "hash": "f037ae51599f912de4259a4c4eccfe65b1840350", "bids": [{"price": "0.01", "size": "30.05"}, {"price": "0.02", "size": "6.23"}, {"price": "0.04", "size": "5"}, {"price": "0.27", "size": "69"}], "asks": [{"price": "0.99", "size": "100.01"}, {"price": "0.98", "size": "7.49"}, {"price": "0.8", "size": "5"}, {"price": "0.37", "size": "69"}], "event_type": "book", "last_trade_price": "0.260"}, {"market": "0x706eb6d32f29d87fd08dc6a37597faa3d20bf1df75d7ccab660d29565dc8ff0a", "asset_id": "89956493355766311253350765630268759936702706539140038583810596022459114988677", "timestamp": "1769384057757", "hash": "f510b6a251a0d3689598833e4bc508c301506bfc", "bids": [], "asks": [{"price": "0.99", "size": "90"}, {"price": "0.98", "size": "47.3"}, {"price": "0.5", "size": "512.29"}, {"price": "0.48", "size": "16"}, {"price": "0.46", "size": "5.59"}, {"price": "0.45", "size": "5.47"}], "event_type": "book", "last_trade_price": "0.010"}, {"market": "0x636d54dbe470f75461300274c03da95da54696758fd421db3828f0dd1f045164", "asset_id": "95205383349875715201411301100665188454092404886919912444380230078783498615866", "timestamp": "1769384049866", "hash": "8f95f524ecd1c92e08368e765515528f10cae21e", "bids": [{"price": "0.01", "size": "90"}, {"price": "0.35", "size": "50"}], "asks": [{"price": "0.99", "size": "90"}, {"price": "0.56", "size": "50"}], "event_type": "book", "last_trade_price": "0.470"}, {"market": "0x092159b3543bb1bd6f934210527f875cbb14884465f61cf9c6aef91436642b11", "asset_id": "60021491398708450986084678927070948645876810064092286796594779289116359890267", "timestamp": "1769384044554", "hash": "d57ff561f4fef7405124c2d4ec835c14f62d43d8", "bids": [{"price": "0.01", "size": "132.1"}], "asks": [{"price": "0.99", "size": "100"}, {"price": "0.98", "size": "44.99"}, {"price": "0.5", "size": "132.29"}, {"price": "0.49", "size": "300"}, {"price": "0.48", "size": "17.64"}, {"price": "0.43", "size": "8.2"}, {"price": "0.42", "size": "5.47"}], "event_type": "book", "last_trade_price": "0.020"}, {"market": "0xd831eb1d4197ba9c5e91c4aee9fd7532dfefa1b241cdbfea717daf884a6eeed2", "asset_id": "68180875147450969807967000437748505608689618237729324516529136949219303206654", "timestamp": "1769384068471", "hash": "8f4f3581c44eeb5be2f05c42432d16fad2ddea2e", "bids": [], "asks": [{"price": "0.99", "size": "72654.99"}, {"price": "0.98", "size": "95.97"}, {"price": "0.96", "size": "2000"}, {"price": "0.92", "size": "155"}, {"price": "0.91", "size": "10000"}, {"price": "0.9", "size": "500"}, {"price": "0.89", "size": "3000"}, {"price": "0.53", "size": "100"}, {"price": "0.51", "size": "100"}, {"price": "0.41", "size": "8.79"}, {"price": "0.4", "size": "5.47"}, {"price": "0.01", "size": "116"}], "event_type": "book", "last_trade_price": "0.010"}, {"market": "0xa652ed627fd1764a0a5f3f91dfe17dfc5ac0675594442c42e9f562a7ca321519", "asset_id": "65926035249198056116295849126657400997569020069691277937632772284357954401894", "timestamp": "1769384066790", "hash": "0796c8b11cbaad88df5827484a3179e0ce5178b2", "bids": [{"price": "0.01", "size": "100.02"}, {"price": "0.02", "size": "6.33"}, {"price": "0.59", "size": "69"}], "asks": [{"price": "0.99", "size": "74.4"}, {"price": "0.98", "size": "19.87"}, {"price": "0.79", "size": "5"}, {"price": "0.7", "size": "69"}], "event_type": "book", "last_trade_price": "0.760"}]}
{"_local_timestamp": "2026-01-25T23:34:29.073547+00:00", "data": {"market": "0xd831eb1d4197ba9c5e91c4aee9fd7532dfefa1b241cdbfea717daf884a6eeed2", "price_changes": [{"asset_id": "92788450238362440381044200607931201680643932329384831889603391790947605749813", "price": "0.09", "size": "10000", "side": "BUY", "hash": "4c94073567e7e0035b2812af4890b40245553d87", "best_bid": "0.99", "best_ask": "1"}, {"asset_id": "68180875147450969807967000437748505608689618237729324516529136949219303206654", "price": "0.91", "size": "10000", "side": "SELL", "hash": "8f4f3581c44eeb5be2f05c42432d16fad2ddea2e", "best_bid": "0", "best_ask": "0.01"}], "timestamp": "1769384068471", "event_type": "price_change"}}
{"_local_timestamp": "2026-01-25T23:34:29.368718+00:00", "data": {"market": "0xbd0c7290685db69d4ea67591fbba802d366a4292cdb23736d68d338e0e76861c", "price_changes": [{"asset_id": "35135227478442467357789294339128518652905539309099349096750738695570286638021", "price": "0.02", "size": "40.16", "side": "BUY", "hash": "7f755ecc0cb3ec80a5c21fa08571794728858cd6", "best_bid": "0.27", "best_ask": "0.37"}, {"asset_id": "60149103581261869985647216133306747372041371289138884273397750109841811721674", "price": "0.98", "size": "40.16", "side": "SELL", "hash": "69404e7347a44f1df6a0337436a6cd1dfaca8b25", "best_bid": "0.63", "best_ask": "0.73"}], "timestamp": "1769384069299", "event_type": "price_change"}}
{"_local_timestamp": "2026-01-25T23:34:29.505768+00:00", "data": {"market": "0xbd0c7290685db69d4ea67591fbba802d366a4292cdb23736d68d338e0e76861c", "price_changes": [{"asset_id": "60149103581261869985647216133306747372041371289138884273397750109841811721674", "price": "0.2", "size": "0", "side": "BUY", "hash": "346067aaabf25599ed89cb6adad423247cd2984b", "best_bid": "0.63", "best_ask": "0.73"}, {"asset_id": "35135227478442467357789294339128518652905539309099349096750738695570286638021", "price": "0.8", "size": "0", "side": "SELL", "hash": "835e0c1251b349a18d39f3bb138704139fc4bbdd", "best_bid": "0.27", "best_ask": "0.37"}], "timestamp": "1769384069434", "event_type": "price_change"}}
{"_local_timestamp": "2026-01-25T23:34:29.506603+00:00", "data": {"market": "0xe9782728561b9b4149e833854ccfb407cc33f1aa8091d177f15106c5365fb99a", "price_changes": [{"asset_id": "68117334369937532712076673649535766983027848786431071694620517422994901341010", "price": "0.038", "size": "0", "side": "SELL", "hash": "aae001886a6927ea3e876eb62e74628e51270b31", "best_bid": "0", "best_ask": "0.001"}, {"asset_id": "71108626701004408773161946293673444327318216379039089868249695733831404009115", "price": "0.962", "size": "0", "side": "BUY", "hash": "8ead13cd9542a4ccadd2287c941ccecb44692fc5", "best_bid": "0.999", "best_ask": "1"}], "timestamp": "1769384069434", "event_type": "price_change"}}
{"_local_timestamp": "2026-01-25T23:34:29.506903+00:00", "data": {"market": "0xa652ed627fd1764a0a5f3f91dfe17dfc5ac0675594442c42e9f562a7ca321519", "price_changes": [{"asset_id": "29864125759764721652611662801926814185903900441401457093148760012221975252655", "price": "0.02", "size": "5.09", "side": "BUY", "hash": "6d0809fa45479dcbce4fa72fdd14cdab8b7a7048", "best_bid": "0.3", "best_ask": "0.41"}, {"asset_id": "65926035249198056116295849126657400997569020069691277937632772284357954401894", "price": "0.98", "size": "5.09", "side": "SELL", "hash": "489436682953161a9e6439baadb0a31a0e9198f0", "best_bid": "0.59", "best_ask": "0.7"}], "timestamp": "1769384069434", "event_type": "price_change"}}
{"_local_timestamp": "2026-01-25T23:34:29.507190+00:00", "data": {"market": "0xd831eb1d4197ba9c5e91c4aee9fd7532dfefa1b241cdbfea717daf884a6eeed2", "price_changes": [{"asset_id": "68180875147450969807967000437748505608689618237729324516529136949219303206654", "price": "0.41", "size": "0", "side": "SELL", "hash": "7291b8ebb280af3c343aaee46815110b27c0e89b", "best_bid": "0", "best_ask": "0.01"}, {"asset_id": "92788450238362440381044200607931201680643932329384831889603391790947605749813", "price": "0.59", "size": "0", "side": "BUY", "hash": "106ab9a349a0d426d4a373a1772d5436404a3d34", "best_bid": "0.99", "best_ask": "1"}], "timestamp": "1769384069434", "event_type": "price_change"}}
{"_local_timestamp": "2026-01-25T23:34:29.508264+00:00", "data": {"market": "0xe9782728561b9b4149e833854ccfb407cc33f1aa8091d177f15106c5365fb99a", "price_changes": [{"asset_id": "68117334369937532712076673649535766983027848786431071694620517422994901341010", "price": "0.039", "size": "0", "side": "SELL", "hash": "aae001886a6927ea3e876eb62e74628e51270b31", "best_bid": "0", "best_ask": "0.001"}, {"asset_id": "71108626701004408773161946293673444327318216379039089868249695733831404009115", "price": "0.961", "size": "0", "side": "BUY", "hash": "8ead13cd9542a4ccadd2287c941ccecb44692fc5", "best_bid": "0.999", "best_ask": "1"}], "timestamp": "1769384069434", "event_type": "price_change"}}
{"_local_timestamp": "2026-01-25T23:34:29.508822+00:00", "data": {"market": "0x927ba583ccd2197307085d98209b2d3462d49f3dde2a806d05a994f2bfcfb701", "price_changes": [{"asset_id": "109310163071166791971622977992638495682714829891248785477170633406935750944763", "price": "0.42", "size": "0", "side": "SELL", "hash": "5d4d2579d51f0f223298caa7e5c6cfb3fbaae390", "best_bid": "0.01", "best_ask": "0.41"}, {"asset_id": "8491948869003153677854091056477922737880117499788948933057579143199962323248", "price": "0.58", "size": "0", "side": "BUY", "hash": "dadfdedcf0c346704c0d087f9a58a4728996cf4d", "best_bid": "0.59", "best_ask": "0.99"}], "timestamp": "1769384069434", "event_type": "price_change"}}
{"_local_timestamp": "2026-01-25T23:34:29.509919+00:00", "data": {"market": "0xa652ed627fd1764a0a5f3f91dfe17dfc5ac0675594442c42e9f562a7ca321519", "price_changes": [{"asset_id": "29864125759764721652611662801926814185903900441401457093148760012221975252655", "price": "0.21", "size": "0", "side": "BUY", "hash": "6d0809fa45479dcbce4fa72fdd14cdab8b7a7048", "best_bid": "0.3", "best_ask": "0.41"}, {"asset_id": "65926035249198056116295849126657400997569020069691277937632772284357954401894", "price": "0.79", "size": "0", "side": "SELL", "hash": "489436682953161a9e6439baadb0a31a0e9198f0", "best_bid": "0.59", "best_ask": "0.7"}], "timestamp": "1769384069434", "event_type": "price_change"}}
{"_local_timestamp": "2026-01-25T23:34:29.512344+00:00", "data": {"market": "0x927ba583ccd2197307085d98209b2d3462d49f3dde2a806d05a994f2bfcfb701", "price_changes": [{"asset_id": "109310163071166791971622977992638495682714829891248785477170633406935750944763", "price": "0.47", "size": "0", "side": "SELL", "hash": "5d4d2579d51f0f223298caa7e5c6cfb3fbaae390", "best_bid": "0.01", "best_ask": "0.41"}, {"asset_id": "8491948869003153677854091056477922737880117499788948933057579143199962323248", "price": "0.53", "size": "0", "side": "BUY", "hash": "dadfdedcf0c346704c0d087f9a58a4728996cf4d", "best_bid": "0.59", "best_ask": "0.99"}], "timestamp": "1769384069434", "event_type": "price_change"}}
{"_local_timestamp": "2026-01-25T23:34:29.513039+00:00", "data": {"market": "0xd831eb1d4197ba9c5e91c4aee9fd7532dfefa1b241cdbfea717daf884a6eeed2", "price_changes": [{"asset_id": "68180875147450969807967000437748505608689618237729324516529136949219303206654", "price": "0.98", "size": "50", "side": "SELL", "hash": "7291b8ebb280af3c343aaee46815110b27c0e89b", "best_bid": "0", "best_ask": "0.01"}, {"asset_id": "92788450238362440381044200607931201680643932329384831889603391790947605749813", "price": "0.02", "size": "50", "side": "BUY", "hash": "106ab9a349a0d426d4a373a1772d5436404a3d34", "best_bid": "0.99", "best_ask": "1"}], "timestamp": "1769384069434", "event_type": "price_change"}}
{"_local_timestamp": "2026-01-25T23:34:29.743335+00:00", "data": {"market": "0x0ad7bfefa1318072a7718199b97c81e3815c013987400910ec4f341eab657163", "price_changes": [{"asset_id": "46295172601519607125722904462828459465233821491397939264525803655276803288308", "price": "0.53", "size": "580.24", "side": "BUY", "hash": "587999756ccd16420058a52ae70a7fc4d0e86ab3", "best_bid": "0.53", "best_ask": "0.56"}, {"asset_id": "22548266195851269689477719506198642269528767995990837775232261605151563451942", "price": "0.47", "size": "580.24", "side": "SELL", "hash": "e66ac1382a11c82ce810ebe90b1836f2a2e4a7ee", "best_bid": "0.44", "best_ask": "0.47"}], "timestamp": "1769384069629", "event_type": "price_change"}}
{"_local_timestamp": "2026-01-25T23:34:29.844928+00:00", "data": {"market": "0x0ad7bfefa1318072a7718199b97c81e3815c013987400910ec4f341eab657163", "price_changes": [{"asset_id": "46295172601519607125722904462828459465233821491397939264525803655276803288308", "price": "0.52", "size": "13256.1", "side": "BUY", "hash": "62757cb035f30ed9a0dbbbc6a95dfa7aa7bc7ae8", "best_bid": "0.53", "best_ask": "0.56"}, {"asset_id": "22548266195851269689477719506198642269528767995990837775232261605151563451942", "price": "0.48", "size": "13256.1", "side": "SELL", "hash": "358ca1599558e144176a502f71c503497e60f58b", "best_bid": "0.44", "best_ask": "0.47"}], "timestamp": "1769384069680", "event_type": "price_change"}}
{"_local_timestamp": "2026-01-25T23:34:30.055048+00:00", "data": {"market": "0x092159b3543bb1bd6f934210527f875cbb14884465f61cf9c6aef91436642b11", "price_changes": [{"asset_id": "60021491398708450986084678927070948645876810064092286796594779289116359890267", "price": "0.43", "size": "0", "side": "SELL", "hash": "8fc9ac3201baa0c4efba7d2c92c7216f057e185b", "best_bid": "0.01", "best_ask": "0.42"}, {"asset_id": "68987698701883973413551972316936948781515338631074300652032418898639732128433", "price": "0.57", "size": "0", "side": "BUY", "hash": "cf248934db25172e44d558a7e2810010823a3931", "best_bid": "0.58", "best_ask": "0.99"}], "timestamp": "1769384069872", "event_type": "price_change"}}
{"_local_timestamp": "2026-01-25T23:34:30.055801+00:00", "data": {"market": "0x706eb6d32f29d87fd08dc6a37597faa3d20bf1df75d7ccab660d29565dc8ff0a", "price_changes": [{"asset_id": "89956493355766311253350765630268759936702706539140038583810596022459114988677", "price": "0.46", "size": "0", "side": "SELL", "hash": "f3cacff514b07086f502c5c08e7249c9e51c3b12", "best_bid": "0", "best_ask": "0.45"}, {"asset_id": "10739138290105627983458362915170506627323888078466483220890658863645237226226", "price": "0.54", "size": "0", "side": "BUY", "hash": "49dbc323ae6e8d67f1b93592d9536c9a4959d52a", "best_bid": "0.55", "best_ask": "1"}], "timestamp": "1769384069872", "event_type": "price_change"}}
{"_local_timestamp": "2026-01-25T23:34:30.056155+00:00", "data": {"market": "0x3a130aaf6ee3dd5d0ef934b9450a7946c5d5f10bebf630101f0b871b1d15395b", "price_changes": [{"asset_id": "101396851509258948489930914767082565027290776352422605700266269164278020573852", "price": "0.99", "size": "7200", "side": "SELL", "hash": "a14cd85cf82b1423180dce0c4fab3ccc400480be", "best_bid": "0", "best_ask": "0.01"}, {"asset_id": "47149831072701722791023991324374026734047972918221099332920092828412847143514", "price": "0.01", "size": "7200", "side": "BUY", "hash": "87522724ecb08b6cd7264f3b12d42cdcaa9fb18b", "best_bid": "0.99", "best_ask": "1"}], "timestamp": "1769384069872", "event_type": "price_change"}}
{"_local_timestamp": "2026-01-25T23:34:30.056465+00:00", "data": {"market": "0xb3ec26f27e451dae6a682b4b542ae9dce9780376a84050517686092d19ce8496", "price_changes": [{"asset_id": "2062668752110749741858613614354763188632248265736280746044601348516436026006", "price": "0.99", "size": "17100", "side": "SELL", "hash": "f25fd8fbc26c57595583e950d455da6813616fb0", "best_bid": "0", "best_ask": "0.001"}, {"asset_id": "115620534712252316651010274101268457890769386082606979150790542199380082262349", "price": "0.01", "size": "17100", "side": "BUY", "hash": "a695ba8858c0f7721a52cc9dd81e2064203f3943", "best_bid": "0.999", "best_ask": "1"}], "timestamp": "1769384069872", "event_type": "price_change"}}
{"_local_timestamp": "2026-01-25T23:34:30.056771+00:00", "data": {"market": "0xd831eb1d4197ba9c5e91c4aee9fd7532dfefa1b241cdbfea717daf884a6eeed2", "price_changes": [{"asset_id": "92788450238362440381044200607931201680643932329384831889603391790947605749813", "price": "0.01", "size": "72645", "side": "BUY", "hash": "2c2b10f5b4a1668d398e7656319fcb37247f3408", "best_bid": "0.99", "best_ask": "1"}, {"asset_id": "68180875147450969807967000437748505608689618237729324516529136949219303206654", "price": "0.99", "size": "72645", "side": "SELL", "hash": "68b30c62322107aacf1e0d2dae81f089ea220ea9", "best_bid": "0", "best_ask": "0.01"}], "timestamp": "1769384069872", "event_type": "price_change"}}
{"_local_timestamp": "2026-01-25T23:34:30.058492+00:00", "data": {"market": "0xd831eb1d4197ba9c5e91c4aee9fd7532dfefa1b241cdbfea717daf884a6eeed2", "price_changes": [{"asset_id": "92788450238362440381044200607931201680643932329384831889603391790947605749813", "price": "0.02", "size": "5", "side": "BUY", "hash": "2c2b10f5b4a1668d398e7656319fcb37247f3408", "best_bid": "0.99", "best_ask": "1"}, {"asset_id": "68180875147450969807967000437748505608689618237729324516529136949219303206654", "price": "0.98", "size": "5", "side": "SELL", "hash": "68b30c62322107aacf1e0d2dae81f089ea220ea9", "best_bid": "0", "best_ask": "0.01"}], "timestamp": "1769384069872", "event_type": "price_change"}}
{"_local_timestamp": "2026-01-25T23:34:30.216836+00:00", "data": {"market": "0xd831eb1d4197ba9c5e91c4aee9fd7532dfefa1b241cdbfea717daf884a6eeed2", "price_changes": [{"asset_id": "92788450238362440381044200607931201680643932329384831889603391790947605749813", "price": "0.12", "size": "2640", "side": "BUY", "hash": "f6fcfb8c3ca59258627320f3c9e391dbc4637236", "best_bid": "0.99", "best_ask": "1"}, {"asset_id": "68180875147450969807967000437748505608689618237729324516529136949219303206654", "price": "0.88", "size": "2640", "side": "SELL", "hash": "016b0732c7d0e032f712945884864a0e24320b70", "best_bid": "0", "best_ask": "0.01"}], "timestamp": "1769384070058", "event_type": "price_change"}}
{"_local_timestamp": "2026-01-25T23:34:30.281105+00:00", "data": {"market": "0xd831eb1d4197ba9c5e91c4aee9fd7532dfefa1b241cdbfea717daf884a6eeed2", "price_changes": [{"asset_id": "68180875147450969807967000437748505608689618237729324516529136949219303206654", "price": "0.5", "size": "46.56", "side": "SELL", "hash": "2dbe9c8449e8e09843c555440795a030bb907824", "best_bid": "0", "best_ask": "0.01"}, {"asset_id": "92788450238362440381044200607931201680643932329384831889603391790947605749813", "price": "0.5", "size": "46.56", "side": "BUY", "hash": "d1548ca0418ea9711b536b7ca00834679f02ab2a", "best_bid": "0.99", "best_ask": "1"}], "timestamp": "1769384070111", "event_type": "price_change"}}
{"_local_timestamp": "2026-01-25T23:34:30.281660+00:00", "data": {"market": "0xd831eb1d4197ba9c5e91c4aee9fd7532dfefa1b241cdbfea717daf884a6eeed2", "price_changes": [{"asset_id": "68180875147450969807967000437748505608689618237729324516529136949219303206654", "price": "0.39", "size": "8.2", "side": "SELL", "hash": "5e18e3d70116925f18030b4ead9690aa39cbb770", "best_bid": "0", "best_ask": "0.01"}, {"asset_id": "92788450238362440381044200607931201680643932329384831889603391790947605749813", "price": "0.61", "size": "8.2", "side": "BUY", "hash": "172577c498e6a7e2386b38ae38cde0a4baa463ce", "best_bid": "0.99", "best_ask": "1"}], "timestamp": "1769384070112", "event_type": "price_change"}}
{"_local_timestamp": "2026-01-25T23:34:30.614583+00:00", "data": {"market": "0x0ad7bfefa1318072a7718199b97c81e3815c013987400910ec4f341eab657163", "price_changes": [{"asset_id": "22548266195851269689477719506198642269528767995990837775232261605151563451942", "price": "0.34", "size": "5763.93", "side": "BUY", "hash": "a52a8e930d477ee0e3f9e4c10edb724cc900b9da", "best_bid": "0.44", "best_ask": "0.47"}, {"asset_id": "46295172601519607125722904462828459465233821491397939264525803655276803288308", "price": "0.66", "size": "5763.93", "side": "SELL", "hash": "6b64888d8565c662f6fb8e5eed51df381d5bd67d", "best_bid": "0.53", "best_ask": "0.56"}], "timestamp": "1769384070432", "event_type": "price_change"}}
{"_local_timestamp": "2026-01-25T23:34:30.615104+00:00", "data": {"market": "0x0ad7bfefa1318072a7718199b97c81e3815c013987400910ec4f341eab657163", "price_changes": [{"asset_id": "22548266195851269689477719506198642269528767995990837775232261605151563451942", "price": "0.33", "size": "0", "side": "BUY", "hash": "5a665891d1a10d2ca9f01bd299269ca80fe21544", "best_bid": "0.44", "best_ask": "0.47"}, {"asset_id": "46295172601519607125722904462828459465233821491397939264525803655276803288308", "price": "0.67", "size": "0", "side": "SELL", "hash": "e966a069cea88783eb15084bde1981f3ad9fde6d", "best_bid": "0.53", "best_ask": "0.56"}], "timestamp": "1769384070433", "event_type": "price_change"}}
{"_local_timestamp": "2026-01-25T23:34:30.616435+00:00", "data": {"market": "0x0ad7bfefa1318072a7718199b97c81e3815c013987400910ec4f341eab657163", "price_changes": [{"asset_id": "46295172601519607125722904462828459465233821491397939264525803655276803288308", "price": "0.59", "size": "2800", "side": "SELL", "hash": "1e6d76aabae0833c945af70cd18698d219ce89b8", "best_bid": "0.53", "best_ask": "0.56"}, {"asset_id": "22548266195851269689477719506198642269528767995990837775232261605151563451942", "price": "0.41", "size": "2800", "side": "BUY", "hash": "96004942a1da4a7b877e90d28b39ffd2ce6aa369", "best_bid": "0.44", "best_ask": "0.47"}], "timestamp": "1769384070435", "event_type": "price_change"}}
{"_local_timestamp": "2026-01-25T23:34:30.621213+00:00", "data": {"market": "0x0ad7bfefa1318072a7718199b97c81e3815c013987400910ec4f341eab657163", "price_changes": [{"asset_id": "22548266195851269689477719506198642269528767995990837775232261605151563451942", "price": "0.37", "size": "4200", "side": "BUY", "hash": "41a9a6a28fc48ce557889530bd1335c4e484c92b", "best_bid": "0.44", "best_ask": "0.47"}, {"asset_id": "46295172601519607125722904462828459465233821491397939264525803655276803288308", "price": "0.63", "size": "4200", "side": "SELL", "hash": "786855c51c12bbc9f65800f82cf8e2c9c4db9571", "best_bid": "0.53", "best_ask": "0.56"}], "timestamp": "1769384070435", "event_type": "price_change"}}
{"_local_timestamp": "2026-01-25T23:34:30.622358+00:00", "data": {"market": "0x0ad7bfefa1318072a7718199b97c81e3815c013987400910ec4f341eab657163", "price_changes": [{"asset_id": "22548266195851269689477719506198642269528767995990837775232261605151563451942", "price": "0.42", "size": "11283.33", "side": "BUY", "hash": "417e40c0eaf6551be3ac24e4c5685fc92f0c8e7f", "best_bid": "0.44", "best_ask": "0.47"}, {"asset_id": "46295172601519607125722904462828459465233821491397939264525803655276803288308", "price": "0.58", "size": "11283.33", "side": "SELL", "hash": "a6db45103bce2d18f811ab5956373e5e8a39e1fd", "best_bid": "0.53", "best_ask": "0.56"}], "timestamp": "1769384070436", "event_type": "price_change"}}
{"_local_timestamp": "2026-01-25T23:34:30.623575+00:00", "data": {"market": "0x0ad7bfefa1318072a7718199b97c81e3815c013987400910ec4f341eab657163", "price_changes": [{"asset_id": "22548266195851269689477719506198642269528767995990837775232261605151563451942", "price": "0.36", "size": "6.88", "side": "BUY", "hash": "3b6b9ad3d11083228738032d1fea1703532e2f7e", "best_bid": "0.44", "best_ask": "0.47"}, {"asset_id": "46295172601519607125722904462828459465233821491397939264525803655276803288308", "price": "0.64", "size": "6.88", "side": "SELL", "hash": "03ca6cd151f8c107543755b3ebaa3a6eaee9a36a", "best_bid": "0.53", "best_ask": "0.56"}], "timestamp": "1769384070436", "event_type": "price_change"}}
{"_local_timestamp": "2026-01-25T23:34:30.624300+00:00", "data": {"market": "0x0ad7bfefa1318072a7718199b97c81e3815c013987400910ec4f341eab657163", "price_changes": [{"asset_id": "22548266195851269689477719506198642269528767995990837775232261605151563451942", "price": "0.39", "size": "1173", "side": "BUY", "hash": "c465d34201b8258c278f1493b7c97d1eecd40c65", "best_bid": "0.44", "best_ask": "0.47"}, {"asset_id": "46295172601519607125722904462828459465233821491397939264525803655276803288308", "price": "0.61", "size": "1173", "side": "SELL", "hash": "ecbfa9e725b3200daa69eb603805ccd37e514915", "best_bid": "0.53", "best_ask": "0.56"}], "timestamp": "1769384070437", "event_type": "price_change"}}
{"_local_timestamp": "2026-01-25T23:34:30.627601+00:00", "data": {"market": "0x0ad7bfefa1318072a7718199b97c81e3815c013987400910ec4f341eab657163", "price_changes": [{"asset_id": "46295172601519607125722904462828459465233821491397939264525803655276803288308", "price": "0.57", "size": "120230.4", "side": "SELL", "hash": "e67ea15671607a02744cf6672ab2d38d2ec9f4a7", "best_bid": "0.53", "best_ask": "0.56"}, {"asset_id": "22548266195851269689477719506198642269528767995990837775232261605151563451942", "price": "0.43", "size": "120230.4", "side": "BUY", "hash": "0633cf8e27782fb10aea04074d245343e9a49005", "best_bid": "0.44", "best_ask": "0.47"}], "timestamp": "1769384070465", "event_type": "price_change"}}
{"_local_timestamp": "2026-01-25T23:34:30.749092+00:00", "data": {"market": "0x0ad7bfefa1318072a7718199b97c81e3815c013987400910ec4f341eab657163", "price_changes": [{"asset_id": "22548266195851269689477719506198642269528767995990837775232261605151563451942", "price": "0.38", "size": "596.07", "side": "BUY", "hash": "7b9fc8e8621c463af154aa98d9e7657291be5d4c", "best_bid": "0.44", "best_ask": "0.47"}, {"asset_id": "46295172601519607125722904462828459465233821491397939264525803655276803288308", "price": "0.62", "size": "596.07", "side": "SELL", "hash": "42181ef6ddd5d1c924f2dad8d22b3663de847656", "best_bid": "0.53", "best_ask": "0.56"}], "timestamp": "1769384070681", "event_type": "price_change"}}
{"_local_timestamp": "2026-01-25T23:34:30.785439+00:00", "data": {"market": "0x706eb6d32f29d87fd08dc6a37597faa3d20bf1df75d7ccab660d29565dc8ff0a", "price_changes": [{"asset_id": "89956493355766311253350765630268759936702706539140038583810596022459114988677", "price": "0.45", "size": "0", "side": "SELL", "hash": "e4cc1d5a89d3678564e4608487524c2b23d39b80", "best_bid": "0", "best_ask": "0.48"}, {"asset_id": "10739138290105627983458362915170506627323888078466483220890658863645237226226", "price": "0.55", "size": "0", "side": "BUY", "hash": "88f1996458f4f3de613ab4d7abf1b0598a7a0c73", "best_bid": "0.52", "best_ask": "1"}], "timestamp": "1769384070712", "event_type": "price_change"}}
{"_local_timestamp": "2026-01-25T23:34:30.787919+00:00", "data": {"market": "0xd831eb1d4197ba9c5e91c4aee9fd7532dfefa1b241cdbfea717daf884a6eeed2", "price_changes": [{"asset_id": "68180875147450969807967000437748505608689618237729324516529136949219303206654", "price": "0.4", "size": "0", "side": "SELL", "hash": "1085b40c06d904ca1b21b1227ab070aa891b651a", "best_bid": "0", "best_ask": "0.01"}, {"asset_id": "92788450238362440381044200607931201680643932329384831889603391790947605749813", "price": "0.6", "size": "0", "side": "BUY", "hash": "c3fbf6563185508b0c89c123f6269c4db126af82", "best_bid": "0.99", "best_ask": "1"}], "timestamp": "1769384070712", "event_type": "price_change"}}
{"_local_timestamp": "2026-01-25T23:34:30.788360+00:00", "data": {"market": "0x092159b3543bb1bd6f934210527f875cbb14884465f61cf9c6aef91436642b11", "price_changes": [{"asset_id": "60021491398708450986084678927070948645876810064092286796594779289116359890267", "price": "0.42", "size": "0", "side": "SELL", "hash": "39c3be73659db563769f5d8aaf820c347be0f647", "best_bid": "0.01", "best_ask": "0.48"}, {"asset_id": "68987698701883973413551972316936948781515338631074300652032418898639732128433", "price": "0.58", "size": "0", "side": "BUY", "hash": "5aff4cf71c8447aef266d8250a8a29c48194fca4", "best_bid": "0.52", "best_ask": "0.99"}], "timestamp": "1769384070712", "event_type": "price_change"}}
{"_local_timestamp": "2026-01-25T23:34:30.825745+00:00", "data": {"market": "0x092159b3543bb1bd6f934210527f875cbb14884465f61cf9c6aef91436642b11", "price_changes": [{"asset_id": "60021491398708450986084678927070948645876810064092286796594779289116359890267", "price": "0.47", "size": "5.47", "side": "SELL", "hash": "be454e6451f65de2a55701da810839047f04ac31", "best_bid": "0.01", "best_ask": "0.47"}, {"asset_id": "68987698701883973413551972316936948781515338631074300652032418898639732128433", "price": "0.53", "size": "5.47", "side": "BUY", "hash": "bb8940140a39a2565bb82c9196e9774175234613", "best_bid": "0.53", "best_ask": "0.99"}], "timestamp": "1769384070753", "event_type": "price_change"}}
{"_local_timestamp": "2026-01-25T23:34:30.830239+00:00", "data": {"market": "0xd831eb1d4197ba9c5e91c4aee9fd7532dfefa1b241cdbfea717daf884a6eeed2", "price_changes": [{"asset_id": "68180875147450969807967000437748505608689618237729324516529136949219303206654", "price": "0.38", "size": "5.47", "side": "SELL", "hash": "07e1c0abfb9485a63cde3c6ed185820347a840d0", "best_bid": "0", "best_ask": "0.01"}, {"asset_id": "92788450238362440381044200607931201680643932329384831889603391790947605749813", "price": "0.62", "size": "5.47", "side": "BUY", "hash": "4257311fc8ef0ddfd0b980cc5be295bd3359a42b", "best_bid": "0.99", "best_ask": "1"}], "timestamp": "1769384070754", "event_type": "price_change"}}
{"_local_timestamp": "2026-01-25T23:34:30.833697+00:00", "data": {"market": "0x706eb6d32f29d87fd08dc6a37597faa3d20bf1df75d7ccab660d29565dc8ff0a", "price_changes": [{"asset_id": "89956493355766311253350765630268759936702706539140038583810596022459114988677", "price": "0.47", "size": "5.47", "side": "SELL", "hash": "2151f67e2e4a0f31d9b8a018f596f63a5b4ed35c", "best_bid": "0", "best_ask": "0.47"}, {"asset_id": "10739138290105627983458362915170506627323888078466483220890658863645237226226", "price": "0.53", "size": "5.47", "side": "BUY", "hash": "099c1e8651aff1cdd162847c2142b2d6a2ffe38b", "best_bid": "0.53", "best_ask": "1"}], "timestamp": "1769384070754", "event_type": "price_change"}}
{"_local_timestamp": "2026-01-25T23:34:31.156987+00:00", "data": {"market": "0xe8d51d55115e4870f017fea94e6d237ad2bf5745805f8353fe2539771e43d9f1", "price_changes": [{"asset_id": "70256180202348471191953474915902731762363777201837273336972208321814219331601", "price": "0.21", "size": "8", "side": "BUY", "hash": "b224f72cf783b7186714013248f191d2011ec65b", "best_bid": "0.21", "best_ask": "0.41"}, {"asset_id": "110012504176723772608274539884901798881193384737214604940197959574201548908580", "price": "0.79", "size": "8", "side": "SELL", "hash": "d8a5847dae4687e902cc069400e92424cda20399", "best_bid": "0.59", "best_ask": "0.79"}], "timestamp": "1769384070945", "event_type": "price_change"}}
{"_local_timestamp": "2026-01-25T23:34:31.234105+00:00", "data": {"market": "0xe9782728561b9b4149e833854ccfb407cc33f1aa8091d177f15106c5365fb99a", "price_changes": [{"asset_id": "68117334369937532712076673649535766983027848786431071694620517422994901341010", "price": "0.037", "size": "0", "side": "SELL", "hash": "9f8083173177bbc9570aa7cb1e57430be3ff95b2", "best_bid": "0", "best_ask": "0.001"}, {"asset_id": "71108626701004408773161946293673444327318216379039089868249695733831404009115", "price": "0.963", "size": "0", "side": "BUY", "hash": "cb02f707ee5c2730fc8dcbd97a2cf02e24858bc8", "best_bid": "0.999", "best_ask": "1"}], "timestamp": "1769384070712", "event_type": "price_change"}}
{"_local_timestamp": "2026-01-25T23:34:31.242517+00:00", "data": {"market": "0xe9782728561b9b4149e833854ccfb407cc33f1aa8091d177f15106c5365fb99a", "price_changes": [{"asset_id": "68117334369937532712076673649535766983027848786431071694620517422994901341010", "price": "0.039", "size": "5.47", "side": "SELL", "hash": "fc712de268d9ec2507a50a8e8fdea95928fb577e", "best_bid": "0", "best_ask": "0.001"}, {"asset_id": "71108626701004408773161946293673444327318216379039089868249695733831404009115", "price": "0.961", "size": "5.47", "side": "BUY", "hash": "7d538c3065f1dd213782703c266707ad81e269f1", "best_bid": "0.999", "best_ask": "1"}], "timestamp": "1769384070753", "event_type": "price_change"}}
{"_local_timestamp": "2026-01-25T23:34:31.243144+00:00", "data": {"market": "0x0ad7bfefa1318072a7718199b97c81e3815c013987400910ec4f341eab657163", "price_changes": [{"asset_id": "46295172601519607125722904462828459465233821491397939264525803655276803288308", "price": "0.51", "size": "24106.95", "side": "BUY", "hash": "918039a441d5e94584f0e464afe762aaefb49279", "best_bid": "0.53", "best_ask": "0.56"}, {"asset_id": "22548266195851269689477719506198642269528767995990837775232261605151563451942", "price": "0.49", "size": "24106.95", "side": "SELL", "hash": "f0e8bae5c29e419f354c55666116b99dee285bd5", "best_bid": "0.44", "best_ask": "0.47"}], "timestamp": "1769384071172", "event_type": "price_change"}}
{"_local_timestamp": "2026-01-25T23:34:31.264622+00:00", "data": {"market": "0x0ad7bfefa1318072a7718199b97c81e3815c013987400910ec4f341eab657163", "price_changes": [{"asset_id": "46295172601519607125722904462828459465233821491397939264525803655276803288308", "price": "0.51", "size": "24606.95", "side": "BUY", "hash": "e5e4f19ea414f85768bfbeeca2a4170050649a32", "best_bid": "0.53", "best_ask": "0.56"}, {"asset_id": "22548266195851269689477719506198642269528767995990837775232261605151563451942", "price": "0.49", "size": "24606.95", "side": "SELL", "hash": "35717faee8cedfbc42fc33be6f29c3b9f7ff26a0", "best_bid": "0.44", "best_ask": "0.47"}], "timestamp": "1769384071195", "event_type": "price_change"}}
{"_local_timestamp": "2026-01-25T23:34:31.268272+00:00", "data": {"market": "0xa652ed627fd1764a0a5f3f91dfe17dfc5ac0675594442c42e9f562a7ca321519", "price_changes": [{"asset_id": "29864125759764721652611662801926814185903900441401457093148760012221975252655", "price": "0.13", "size": "5", "side": "BUY", "hash": "3720849f77c965b677a3b6c4a3a744388cfbe95e", "best_bid": "0.3", "best_ask": "0.41"}, {"asset_id": "65926035249198056116295849126657400997569020069691277937632772284357954401894", "price": "0.87", "size": "5", "side": "SELL", "hash": "38f4805f4b8088fb3b03835da1a3411b22a506f4", "best_bid": "0.59", "best_ask": "0.7"}], "timestamp": "1769384071198", "event_type": "price_change"}}
{"_local_timestamp": "2026-01-25T23:34:31.272054+00:00", "data": {"market": "0xbd0c7290685db69d4ea67591fbba802d366a4292cdb23736d68d338e0e76861c", "price_changes": [{"asset_id": "60149103581261869985647216133306747372041371289138884273397750109841811721674", "price": "0.2", "size": "5", "side": "BUY", "hash": "6508c5dc993b3bcc21062a4ff1610ff3eb88baf6", "best_bid": "0.63", "best_ask": "0.73"}, {"asset_id": "35135227478442467357789294339128518652905539309099349096750738695570286638021", "price": "0.8", "size": "5", "side": "SELL", "hash": "e3e72c281b993dd8648aa09e20b1207e17b66e1e", "best_bid": "0.27", "best_ask": "0.37"}], "timestamp": "1769384071198", "event_type": "price_change"}}
{"_local_timestamp": "2026-01-25T23:34:31.272635+00:00", "data": {"market": "0x927ba583ccd2197307085d98209b2d3462d49f3dde2a806d05a994f2bfcfb701", "price_changes": [{"asset_id": "109310163071166791971622977992638495682714829891248785477170633406935750944763", "price": "0.4", "size": "26.04", "side": "SELL", "hash": "527b5e26d0acad3e0dd3de428a39a162f68bd238", "best_bid": "0.01", "best_ask": "0.4"}, {"asset_id": "8491948869003153677854091056477922737880117499788948933057579143199962323248", "price": "0.6", "size": "26.04", "side": "BUY", "hash": "fe2506a7e4aeccdefd322e83432858a5f66b12cc", "best_bid": "0.6", "best_ask": "0.99"}], "timestamp": "1769384071198", "event_type": "price_change"}}
{"_local_timestamp": "2026-01-25T23:34:31.273090+00:00", "data": {"market": "0xa652ed627fd1764a0a5f3f91dfe17dfc5ac0675594442c42e9f562a7ca321519", "price_changes": [{"asset_id": "29864125759764721652611662801926814185903900441401457093148760012221975252655", "price": "0.03", "size": "10.14", "side": "BUY", "hash": "ba9ff633497bf98c83aef435fcd30d14ecc3e004", "best_bid": "0.3", "best_ask": "0.41"}, {"asset_id": "65926035249198056116295849126657400997569020069691277937632772284357954401894", "price": "0.97", "size": "10.14", "side": "SELL", "hash": "6c03fbcd3886c89e36070b9f363728e2bb47e78c", "best_bid": "0.59", "best_ask": "0.7"}], "timestamp": "1769384071199", "event_type": "price_change"}}
{"_local_timestamp": "2026-01-25T23:34:31.420847+00:00", "data": {"market": "0xe9782728561b9b4149e833854ccfb407cc33f1aa8091d177f15106c5365fb99a", "price_changes": [{"asset_id": "68117334369937532712076673649535766983027848786431071694620517422994901341010", "price": "0.009", "size": "917.89", "side": "SELL", "hash": "39914c1c44317b5f817b8d28a34793957c9d04bc", "best_bid": "0", "best_ask": "0.001"}, {"asset_id": "71108626701004408773161946293673444327318216379039089868249695733831404009115", "price": "0.991", "size": "917.89", "side": "BUY", "hash": "dfe2ded22c1b3b74ca7c15432ebc98b9f1e87856", "best_bid": "0.999", "best_ask": "1"}], "timestamp": "1769384071198", "event_type": "price_change"}}
{"_local_timestamp": "2026-01-25T23:34:31.656504+00:00", "data": {"market": "0xd831eb1d4197ba9c5e91c4aee9fd7532dfefa1b241cdbfea717daf884a6eeed2", "price_changes": [{"asset_id": "92788450238362440381044200607931201680643932329384831889603391790947605749813", "price": "0.5", "size": "134.56", "side": "BUY", "hash": "b7b633f5e97c0128dfd65ac62a451565a7699c66", "best_bid": "0.99", "best_ask": "1"}, {"asset_id": "68180875147450969807967000437748505608689618237729324516529136949219303206654", "price": "0.5", "size": "134.56", "side": "SELL", "hash": "5d19f617bf19c381cc7c2e64847529e3a0e4ad29", "best_bid": "0", "best_ask": "0.01"}], "timestamp": "1769384071586", "event_type": "price_change"}}
{"_local_timestamp": "2026-01-25T23:34:32.100262+00:00", "data": {"market": "0x0ad7bfefa1318072a7718199b97c81e3815c013987400910ec4f341eab657163", "price_changes": [{"asset_id": "46295172601519607125722904462828459465233821491397939264525803655276803288308", "price": "0.53", "size": "433.19", "side": "BUY", "hash": "5e4594d554bdc6adb73b40f1ce36daa8ebba23d1", "best_bid": "0.53", "best_ask": "0.56"}, {"asset_id": "22548266195851269689477719506198642269528767995990837775232261605151563451942", "price": "0.47", "size": "433.19", "side": "SELL", "hash": "ce8cd11d8daa9e6301c78859dfe9dbfaab56689b", "best_bid": "0.44", "best_ask": "0.47"}], "timestamp": "1769384072005", "event_type": "price_change"}}
{"_local_timestamp": "2026-01-25T23:34:32.100994+00:00", "data": {"market": "0x0ad7bfefa1318072a7718199b97c81e3815c013987400910ec4f341eab657163", "asset_id": "22548266195851269689477719506198642269528767995990837775232261605151563451942", "bids": [{"price": "0.01", "size": "3781.09"}, {"price": "0.02", "size": "1300"}, {"price": "0.03", "size": "1600"}, {"price": "0.04", "size": "157.14"}, {"price": "0.05", "size": "150"}, {"price": "0.06", "size": "2150"}, {"price": "0.07", "size": "150"}, {"price": "0.08", "size": "108.77"}, {"price": "0.1", "size": "60"}, {"price": "0.11", "size": "805.12"}, {"price": "0.14", "size": "50"}, {"price": "0.15", "size": "325"}, {"price": "0.22", "size": "100"}, {"price": "0.25", "size": "5"}, {"price": "0.3", "size": "223.55"}, {"price": "0.32", "size": "29.38"}, {"price": "0.34", "size": "5763.93"}, {"price": "0.35", "size": "234.28"}, {"price": "0.36", "size": "6.88"}, {"price": "0.37", "size": "4200"}, {"price": "0.38", "size": "596.07"}, {"price": "0.39", "size": "1173"}, {"price": "0.4", "size": "15938"}, {"price": "0.41", "size": "2800"}, {"price": "0.42", "size": "11283.33"}, {"price": "0.43", "size": "120230.4"}, {"price": "0.44", "size": "1256.01"}], "asks": [{"price": "0.99", "size": "3687.38"}, {"price": "0.98", "size": "2405.59"}, {"price": "0.97", "size": "300"}, {"price": "0.96", "size": "155.88"}, {"price": "0.95", "size": "2150"}, {"price": "0.94", "size": "150"}, {"price": "0.93", "size": "150"}, {"price": "0.92", "size": "700"}, {"price": "0.9", "size": "61.02"}, {"price": "0.89", "size": "5.43"}, {"price": "0.86", "size": "850"}, {"price": "0.82", "size": "25"}, {"price": "0.75", "size": "1200"}, {"price": "0.74", "size": "200"}, {"price": "0.7", "size": "49.18"}, {"price": "0.65", "size": "30"}, {"price": "0.62", "size": "6.75"}, {"price": "0.6", "size": "5.06"}, {"price": "0.59", "size": "437.22"}, {"price": "0.58", "size": "1652.85"}, {"price": "0.57", "size": "5600"}, {"price": "0.56", "size": "15"}, {"price": "0.54", "size": "4200"}, {"price": "0.53", "size": "5"}, {"price": "0.51", "size": "2797.78"}, {"price": "0.5", "size": "82800"}, {"price": "0.49", "size": "24606.95"}, {"price": "0.48", "size": "13256.1"}, {"price": "0.47", "size": "433.19"}], "hash": "ce8cd11d8daa9e6301c78859dfe9dbfaab56689b", "timestamp": "1769384072005", "event_type": "book"}}
{"_local_timestamp": "2026-01-25T23:34:32.104429+00:00", "data": {"market": "0x0ad7bfefa1318072a7718199b97c81e3815c013987400910ec4f341eab657163", "asset_id": "46295172601519607125722904462828459465233821491397939264525803655276803288308", "bids": [{"price": "0.01", "size": "3687.38"}, {"price": "0.02", "size": "2405.59"}, {"price": "0.03", "size": "300"}, {"price": "0.04", "size": "155.88"}, {"price": "0.05", "size": "2150"}, {"price": "0.06", "size": "150"}, {"price": "0.07", "size": "150"}, {"price": "0.08", "size": "700"}, {"price": "0.1", "size": "61.02"}, {"price": "0.11", "size": "5.43"}, {"price": "0.14", "size": "850"}, {"price": "0.18", "size": "25"}, {"price": "0.25", "size": "1200"}, {"price": "0.26", "size": "200"}, {"price": "0.3", "size": "49.18"}, {"price": "0.35", "size": "30"}, {"price": "0.38", "size": "6.75"}, {"price": "0.4", "size": "5.06"}, {"price": "0.41", "size": "437.22"}, {"price": "0.42", "size": "1652.85"}, {"price": "0.43", "size": "5600"}, {"price": "0.44", "size": "15"}, {"price": "0.46", "size": "4200"}, {"price": "0.47", "size": "5"}, {"price": "0.49", "size": "2797.78"}, {"price": "0.5", "size": "82800"}, {"price": "0.51", "size": "24606.95"}, {"price": "0.52", "size": "13256.1"}, {"price": "0.53", "size": "433.19"}], "asks": [{"price": "0.99", "size": "3781.09"}, {"price": "0.98", "size": "1300"}, {"price": "0.97", "size": "1600"}, {"price": "0.96", "size": "157.14"}, {"price": "0.95", "size": "150"}, {"price": "0.94", "size": "2150"}, {"price": "0.93", "size": "150"}, {"price": "0.92", "size": "108.77"}, {"price": "0.9", "size": "60"}, {"price": "0.89", "size": "805.12"}, {"price": "0.86", "size": "50"}, {"price": "0.85", "size": "325"}, {"price": "0.78", "size": "100"}, {"price": "0.75", "size": "5"}, {"price": "0.7", "size": "223.55"}, {"price": "0.68", "size": "29.38"}, {"price": "0.66", "size": "5763.93"}, {"price": "0.65", "size": "234.28"}, {"price": "0.64", "size": "6.88"}, {"price": "0.63", "size": "4200"}, {"price": "0.62", "size": "596.07"}, {"price": "0.61", "size": "1173"}, {"price": "0.6", "size": "15938"}, {"price": "0.59", "size": "2800"}, {"price": "0.58", "size": "11283.33"}, {"price": "0.57", "size": "120230.4"}, {"price": "0.56", "size": "1256.01"}], "hash": "5e4594d554bdc6adb73b40f1ce36daa8ebba23d1", "timestamp": "1769384072005", "event_type": "book"}}
{"_local_timestamp": "2026-01-25T23:34:32.141457+00:00", "data": {"market": "0x0ad7bfefa1318072a7718199b97c81e3815c013987400910ec4f341eab657163", "price_changes": [{"asset_id": "22548266195851269689477719506198642269528767995990837775232261605151563451942", "price": "0.44", "size": "1220.29", "side": "BUY", "hash": "8f6fc3650039a0d30560c8d7cbe9b4ae4381657e", "best_bid": "0.44", "best_ask": "0.47"}, {"asset_id": "46295172601519607125722904462828459465233821491397939264525803655276803288308", "price": "0.56", "size": "1220.29", "side": "SELL", "hash": "a0248ecff901d5ff624607df53dc3f2dba5b8f79", "best_bid": "0.53", "best_ask": "0.56"}], "timestamp": "1769384072008", "event_type": "price_change"}}
{"_local_timestamp": "2026-01-25T23:34:32.142350+00:00", "data": {"market": "0x0ad7bfefa1318072a7718199b97c81e3815c013987400910ec4f341eab657163", "asset_id": "22548266195851269689477719506198642269528767995990837775232261605151563451942", "bids": [{"price": "0.01", "size": "3781.09"}, {"price": "0.02", "size": "1300"}, {"price": "0.03", "size": "1600"}, {"price": "0.04", "size": "157.14"}, {"price": "0.05", "size": "150"}, {"price": "0.06", "size": "2150"}, {"price": "0.07", "size": "150"}, {"price": "0.08", "size": "108.77"}, {"price": "0.1", "size": "60"}, {"price": "0.11", "size": "805.12"}, {"price": "0.14", "size": "50"}, {"price": "0.15", "size": "325"}, {"price": "0.22", "size": "100"}, {"price": "0.25", "size": "5"}, {"price": "0.3", "size": "223.55"}, {"price": "0.32", "size": "29.38"}, {"price": "0.34", "size": "5763.93"}, {"price": "0.35", "size": "234.28"}, {"price": "0.36", "size": "6.88"}, {"price": "0.37", "size": "4200"}, {"price": "0.38", "size": "596.07"}, {"price": "0.39", "size": "1173"}, {"price": "0.4", "size": "15938"}, {"price": "0.41", "size": "2800"}, {"price": "0.42", "size": "11283.33"}, {"price": "0.43", "size": "120230.4"}, {"price": "0.44", "size": "1220.29"}], "asks": [{"price": "0.99", "size": "3687.38"}, {"price": "0.98", "size": "2405.59"}, {"price": "0.97", "size": "300"}, {"price": "0.96", "size": "155.88"}, {"price": "0.95", "size": "2150"}, {"price": "0.94", "size": "150"}, {"price": "0.93", "size": "150"}, {"price": "0.92", "size": "700"}, {"price": "0.9", "size": "61.02"}, {"price": "0.89", "size": "5.43"}, {"price": "0.86", "size": "850"}, {"price": "0.82", "size": "25"}, {"price": "0.75", "size": "1200"}, {"price": "0.74", "size": "200"}, {"price": "0.7", "size": "49.18"}, {"price": "0.65", "size": "30"}, {"price": "0.62", "size": "6.75"}, {"price": "0.6", "size": "5.06"}, {"price": "0.59", "size": "437.22"}, {"price": "0.58", "size": "1652.85"}, {"price": "0.57", "size": "5600"}, {"price": "0.56", "size": "15"}, {"price": "0.54", "size": "4200"}, {"price": "0.53", "size": "5"}, {"price": "0.51", "size": "2797.78"}, {"price": "0.5", "size": "82800"}, {"price": "0.49", "size": "24606.95"}, {"price": "0.48", "size": "13256.1"}, {"price": "0.47", "size": "433.19"}], "hash": "8f6fc3650039a0d30560c8d7cbe9b4ae4381657e", "timestamp": "1769384072008", "event_type": "book"}}
{"_local_timestamp": "2026-01-25T23:34:32.144858+00:00", "data": {"market": "0x0ad7bfefa1318072a7718199b97c81e3815c013987400910ec4f341eab657163", "asset_id": "46295172601519607125722904462828459465233821491397939264525803655276803288308", "bids": [{"price": "0.01", "size": "3687.38"}, {"price": "0.02", "size": "2405.59"}, {"price": "0.03", "size": "300"}, {"price": "0.04", "size": "155.88"}, {"price": "0.05", "size": "2150"}, {"price": "0.06", "size": "150"}, {"price": "0.07", "size": "150"}, {"price": "0.08", "size": "700"}, {"price": "0.1", "size": "61.02"}, {"price": "0.11", "size": "5.43"}, {"price": "0.14", "size": "850"}, {"price": "0.18", "size": "25"}, {"price": "0.25", "size": "1200"}, {"price": "0.26", "size": "200"}, {"price": "0.3", "size": "49.18"}, {"price": "0.35", "size": "30"}, {"price": "0.38", "size": "6.75"}, {"price": "0.4", "size": "5.06"}, {"price": "0.41", "size": "437.22"}, {"price": "0.42", "size": "1652.85"}, {"price": "0.43", "size": "5600"}, {"price": "0.44", "size": "15"}, {"price": "0.46", "size": "4200"}, {"price": "0.47", "size": "5"}, {"price": "0.49", "size": "2797.78"}, {"price": "0.5", "size": "82800"}, {"price": "0.51", "size": "24606.95"}, {"price": "0.52", "size": "13256.1"}, {"price": "0.53", "size": "433.19"}], "asks": [{"price": "0.99", "size": "3781.09"}, {"price": "0.98", "size": "1300"}, {"price": "0.97", "size": "1600"}, {"price": "0.96", "size": "157.14"}, {"price": "0.95", "size": "150"}, {"price": "0.94", "size": "2150"}, {"price": "0.93", "size": "150"}, {"price": "0.92", "size": "108.77"}, {"price": "0.9", "size": "60"}, {"price": "0.89", "size": "805.12"}, {"price": "0.86", "size": "50"}, {"price": "0.85", "size": "325"}, {"price": "0.78", "size": "100"}, {"price": "0.75", "size": "5"}, {"price": "0.7", "size": "223.55"}, {"price": "0.68", "size": "29.38"}, {"price": "0.66", "size": "5763.93"}, {"price": "0.65", "size": "234.28"}, {"price": "0.64", "size": "6.88"}, {"price": "0.63", "size": "4200"}, {"price": "0.62", "size": "596.07"}, {"price": "0.61", "size": "1173"}, {"price": "0.6", "size": "15938"}, {"price": "0.59", "size": "2800"}, {"price": "0.58", "size": "11283.33"}, {"price": "0.57", "size": "120230.4"}, {"price": "0.56", "size": "1220.29"}], "hash": "a0248ecff901d5ff624607df53dc3f2dba5b8f79", "timestamp": "1769384072008", "event_type": "book"}}
{"_local_timestamp": "2026-01-25T23:34:32.145429+00:00", "data": {"market": "0x0ad7bfefa1318072a7718199b97c81e3815c013987400910ec4f341eab657163", "asset_id": "46295172601519607125722904462828459465233821491397939264525803655276803288308", "price": "0.56", "size": "35.714284", "fee_rate_bps": "0", "side": "BUY", "timestamp": "1769384072068", "event_type": "last_trade_price", "transaction_hash": "0x8d77e46e6ba4ce659b58bcceaa0a33493f523092f4f6262a5d5cd0437e905e3d"}}
{"_local_timestamp": "2026-01-25T23:34:32.145833+00:00", "data": {"market": "0x0ad7bfefa1318072a7718199b97c81e3815c013987400910ec4f341eab657163", "asset_id": "46295172601519607125722904462828459465233821491397939264525803655276803288308", "price": "0.53", "size": "147.05", "fee_rate_bps": "0", "side": "SELL", "timestamp": "1769384072075", "event_type": "last_trade_price", "transaction_hash": "0x39cb646f9b1035dfa49969161258d5bf91f9ef8b91a7aea27a3510bdd534b887"}}
{"_local_timestamp": "2026-01-25T23:34:32.191536+00:00", "data": {"market": "0x706eb6d32f29d87fd08dc6a37597faa3d20bf1df75d7ccab660d29565dc8ff0a", "price_changes": [{"asset_id": "10739138290105627983458362915170506627323888078466483220890658863645237226226", "price": "0.01", "size": "95.4", "side": "BUY", "hash": "f0cb0219b0ec5dc3f60ed8c9d9b63adc303a73a5", "best_bid": "0.53", "best_ask": "1"}, {"asset_id": "89956493355766311253350765630268759936702706539140038583810596022459114988677", "price": "0.99", "size": "95.4", "side": "SELL", "hash": "36645550e2186db952e3ef027b432bbd9e9ee00a", "best_bid": "0", "best_ask": "0.47"}], "timestamp": "1769384072089", "event_type": "price_change"}}
{"_local_timestamp": "2026-01-25T23:34:32.310846+00:00", "data": {"market": "0x927ba583ccd2197307085d98209b2d3462d49f3dde2a806d05a994f2bfcfb701", "price_changes": [{"asset_id": "109310163071166791971622977992638495682714829891248785477170633406935750944763", "price": "0.41", "size": "5555", "side": "SELL", "hash": "9ccf1a0a0276c9048c9714bc9c4ed3db2a0833d3", "best_bid": "0.01", "best_ask": "0.4"}, {"asset_id": "8491948869003153677854091056477922737880117499788948933057579143199962323248", "price": "0.59", "size": "5555", "side": "BUY", "hash": "a521128e1d79d2c34e1dc0c44c7993726fac0af3", "best_bid": "0.6", "best_ask": "0.99"}], "timestamp": "1769384072171", "event_type": "price_change"}}
