{"_local_timestamp": "2026-01-25T23:41:07.630221+00:00", "data": [{"market": "0x31ab55ffa13f6db8e57d399ea90d4efa108e4ea3ebe8254b8dd711ce0300a44b", "asset_id": "87800006559503182362481555183568667613755424315939426292124794493674893045177", "timestamp": "1769384461583", "hash": "fd285f9c90c5e4856713fd2e5910d9e831e94711", "bids": [{"price": "0.01", "size": "37205.23"}, {"price": "0.02", "size": "13846.44"}, {"price": "0.03", "size": "9.58"}, {"price": "0.04", "size": "210"}, {"price": "0.07", "size": "3699.11"}, {"price": "0.08", "size": "2799.11"}, {"price": "0.09", "size": "200"}, {"price": "0.1", "size": "100"}, {"price": "0.11", "size": "25.54"}, {"price": "0.14", "size": "550"}, {"price": "0.45", "size": "1200"}, {"price": "0.46", "size": "299.99"}, {"price": "0.48", "size": "27.08"}, {"price": "0.49", "size": "27.44"}, {"price": "0.5", "size": "20"}, {"price": "0.51", "size": "13.12"}, {"price": "0.53", "size": "212"}, {"price": "0.54", "size": "273.28"}], "asks": [{"price": "0.99", "size": "18441.13"}, {"price": "0.98", "size": "10852.51"}, {"price": "0.97", "size": "250"}, {"price": "0.96", "size": "7.28"}, {"price": "0.95", "size": "1500"}, {"price": "0.92", "size": "700"}, {"price": "0.9", "size": "20"}, {"price": "0.89", "size": "5.04"}, {"price": "0.85", "size": "2000"}, {"price": "0.78", "size": "1000"}, {"price": "0.77", "size": "100"}, {"price": "0.73", "size": "156.05"}, {"price": "0.68", "size": "5"}, {"price": "0.67", "size": "550"}, {"price": "0.66", "size": "200"}, {"price": "0.65", "size": "2976.61"}, {"price": "0.64", "size": "86.11"}, {"price": "0.63", "size": "4244.24"}, {"price": "0.62", "size": "1999.11"}, {"price": "0.61", "size": "235.87"}, {"price": "0.6", "size": "5653.05"}, {"price": "0.59", "size": "312"}, {"price": "0.58", "size": "48.35"}, {"price": "0.57", "size": "104.78"}], "event_type": "book", "last_trade_price": "0.570"}, {"market": "0x31ab55ffa13f6db8e57d399ea90d4efa108e4ea3ebe8254b8dd711ce0300a44b", "asset_id": "31428860764995724544124597589657026670448383816150346012391062875549930961545", "timestamp": "1769384461583", "hash": "d8f9d309178f34e2522376acc6b314c98e662254", "bids": [{"price": "0.01", "size": "18441.13"}, {"price": "0.02", "size": "10852.51"}, {"price": "0.03", "size": "250"}, {"price": "0.04", "size": "7.28"}, {"price": "0.05", "size": "1500"}, {"price": "0.08", "size": "700"}, {"price": "0.1", "size": "20"}, {"price": "0.11", "size": "5.04"}, {"price": "0.15", "size": "2000"}, {"price": "0.22", "size": "1000"}, {"price": "0.23", "size": "100"}, {"price": "0.27", "size": "156.05"}, {"price": "0.32", "size": "5"}, {"price": "0.33", "size": "550"}, {"price": "0.34", "size": "200"}, {"price": "0.35", "size": "2976.61"}, {"price": "0.36", "size": "86.11"}, {"price": "0.37", "size": "4244.24"}, {"price": "0.38", "size": "1999.11"}, {"price": "0.39", "size": "235.87"}, {"price": "0.4", "size": "5653.05"}, {"price": "0.41", "size": "312"}, {"price": "0.42", "size": "48.35"}, {"price": "0.43", "size": "104.78"}], "asks": [{"price": "0.99", "size": "37205.23"}, {"price": "0.98", "size": "13846.44"}, {"price": "0.97", "size": "9.58"}, {"price": "0.96", "size": "210"}, {"price": "0.93", "size": "3699.11"}, {"price": "0.92", "size": "2799.11"}, {"price": "0.91", "size": "200"}, {"price": "0.9", "size": "100"}, {"price": "0.89", "size": "25.54"}, {"price": "0.86", "size": "550"}, {"price": "0.55", "size": "1200"}, {"price": "0.54", "size": "299.99"}, {"price": "0.52", "size": "27.08"}, {"price": "0.51", "size": "27.44"}, {"price": "0.5", "size": "20"}, {"price": "0.49", "size": "13.12"}, {"price": "0.47", "size": "212"}, {"price": "0.46", "size": "273.28"}], "event_type": "book", "last_trade_price": "0.570"}]}
{"_local_timestamp": "2026-01-25T23:41:07.745760+00:00", "data": {"market": "0x31ab55ffa13f6db8e57d399ea90d4efa108e4ea3ebe8254b8dd711ce0300a44b", "price_changes": [{"asset_id": "87800006559503182362481555183568667613755424315939426292124794493674893045177", "price": "0.1", "size": "50", "side": "BUY", "hash": "23251a16d0b0a0d03c7fe357a4cc7bd4ec38910b", "best_bid": "0.54", "best_ask": "0.57"}, {"asset_id": "31428860764995724544124597589657026670448383816150346012391062875549930961545", "price": "0.9", "size": "50", "side": "SELL", "hash": "55990b18dccacdb72e2981351f0f0e593b809ca9", "best_bid": "0.43", "best_ask": "0.46"}], "timestamp": "1769384467680", "event_type": "price_change"}}
{"_local_timestamp": "2026-01-25T23:41:16.129150+00:00", "data": {"market": "0x31ab55ffa13f6db8e57d399ea90d4efa108e4ea3ebe8254b8dd711ce0300a44b", "price_changes": [{"asset_id": "87800006559503182362481555183568667613755424315939426292124794493674893045177", "price": "0.1", "size": "0", "side": "BUY", "hash": "1697ae7bc46100107d2ec5c84e71eea690e6c066", "best_bid": "0.54", "best_ask": "0.57"}, {"asset_id": "31428860764995724544124597589657026670448383816150346012391062875549930961545", "price": "0.9", "size": "0", "side": "SELL", "hash": "3a6df1a842c663a8a42e01dc38b3447a258df086", "best_bid": "0.43", "best_ask": "0.46"}], "timestamp": "1769384476064", "event_type": "price_change"}}
{"_local_timestamp": "2026-01-25T23:41:23.447075+00:00", "data": {"market": "0x31ab55ffa13f6db8e57d399ea90d4efa108e4ea3ebe8254b8dd711ce0300a44b", "price_changes": [{"asset_id": "87800006559503182362481555183568667613755424315939426292124794493674893045177", "price": "0.11", "size": "5.54", "side": "BUY", "hash": "148e8bc9ccad8a43be8426ed1e6eeb56416f8478", "best_bid": "0.54", "best_ask": "0.57"}, {"asset_id": "31428860764995724544124597589657026670448383816150346012391062875549930961545", "price": "0.89", "size": "5.54", "side": "SELL", "hash": "7efb11e6e4acc9e357e0f375fbc5f2d6181b71d9", "best_bid": "0.43", "best_ask": "0.46"}], "timestamp": "1769384483377", "event_type": "price_change"}}
{"_local_timestamp": "2026-01-25T23:41:23.693997+00:00", "data": {"market": "0x31ab55ffa13f6db8e57d399ea90d4efa108e4ea3ebe8254b8dd711ce0300a44b", "price_changes": [{"asset_id": "87800006559503182362481555183568667613755424315939426292124794493674893045177", "price": "0.1", "size": "20", "side": "BUY", "hash": "6d4d18cfeb295ea3c63713c37afb09bf4d261a25", "best_bid": "0.54", "best_ask": "0.57"}, {"asset_id": "31428860764995724544124597589657026670448383816150346012391062875549930961545", "price": "0.9", "size": "20", "side": "SELL", "hash": "0e94481cf95f08767112c0168369fe93aed98bfc", "best_bid": "0.43", "best_ask": "0.46"}], "timestamp": "1769384483621", "event_type": "price_change"}}
{"_local_timestamp": "2026-01-25T23:42:06.645237+00:00", "data": {"market": "0x31ab55ffa13f6db8e57d399ea90d4efa108e4ea3ebe8254b8dd711ce0300a44b", "price_changes": [{"asset_id": "31428860764995724544124597589657026670448383816150346012391062875549930961545", "price": "0.4", "size": "5453.05", "side": "BUY", "hash": "a030c64230795d64790a07d83826d516bc8f82a9", "best_bid": "0.43", "best_ask": "0.46"}, {"asset_id": "87800006559503182362481555183568667613755424315939426292124794493674893045177", "price": "0.6", "size": "5453.05", "side": "SELL", "hash": "daa9b6521dc1d8714c7be90e5d04ed17510a2237", "best_bid": "0.54", "best_ask": "0.57"}], "timestamp": "1769384526574", "event_type": "price_change"}}
{"_local_timestamp": "2026-01-25T23:42:06.646221+00:00", "data": {"market": "0x31ab55ffa13f6db8e57d399ea90d4efa108e4ea3ebe8254b8dd711ce0300a44b", "price_changes": [{"asset_id": "31428860764995724544124597589657026670448383816150346012391062875549930961545", "price": "0.34", "size": "0", "side": "BUY", "hash": "a030c64230795d64790a07d83826d516bc8f82a9", "best_bid": "0.43", "best_ask": "0.46"}, {"asset_id": "87800006559503182362481555183568667613755424315939426292124794493674893045177", "price": "0.66", "size": "0", "side": "SELL", "hash": "daa9b6521dc1d8714c7be90e5d04ed17510a2237", "best_bid": "0.54", "best_ask": "0.57"}], "timestamp": "1769384526574", "event_type": "price_change"}}
{"_local_timestamp": "2026-01-25T23:42:06.646904+00:00", "data": {"market": "0x31ab55ffa13f6db8e57d399ea90d4efa108e4ea3ebe8254b8dd711ce0300a44b", "price_changes": [{"asset_id": "87800006559503182362481555183568667613755424315939426292124794493674893045177", "price": "0.51", "size": "213.12", "side": "BUY", "hash": "cd89918abee50bb901f636d11d52f1f766fe4940", "best_bid": "0.54", "best_ask": "0.57"}, {"asset_id": "31428860764995724544124597589657026670448383816150346012391062875549930961545", "price": "0.49", "size": "213.12", "side": "SELL", "hash": "bcfad088f70a973a3dc4bafbe491c85d7f4fcc7f", "best_bid": "0.43", "best_ask": "0.46"}], "timestamp": "1769384526576", "event_type": "price_change"}}
{"_local_timestamp": "2026-01-25T23:42:06.647242+00:00", "data": {"market": "0x31ab55ffa13f6db8e57d399ea90d4efa108e4ea3ebe8254b8dd711ce0300a44b", "price_changes": [{"asset_id": "31428860764995724544124597589657026670448383816150346012391062875549930961545", "price": "0.23", "size": "300", "side": "BUY", "hash": "3b526f154557c474202e22a08c96fbe4d32bf6bd", "best_bid": "0.43", "best_ask": "0.46"}, {"asset_id": "87800006559503182362481555183568667613755424315939426292124794493674893045177", "price": "0.77", "size": "300", "side": "SELL", "hash": "519f1ac5d0652179cd2e7e486469073531fcefdc", "best_bid": "0.54", "best_ask": "0.57"}], "timestamp": "1769384526577", "event_type": "price_change"}}
{"_local_timestamp": "2026-01-25T23:42:06.647559+00:00", "data": {"market": "0x31ab55ffa13f6db8e57d399ea90d4efa108e4ea3ebe8254b8dd711ce0300a44b", "price_changes": [{"asset_id": "31428860764995724544124597589657026670448383816150346012391062875549930961545", "price": "0.27", "size": "356.05", "side": "BUY", "hash": "a66124857cba82c72f96f71683145966bf8b2ef4", "best_bid": "0.43", "best_ask": "0.46"}, {"asset_id": "87800006559503182362481555183568667613755424315939426292124794493674893045177", "price": "0.73", "size": "356.05", "side": "SELL", "hash": "7bfd18a27e034a841ac4f8eb8e4856c93c8c8210", "best_bid": "0.54", "best_ask": "0.57"}], "timestamp": "1769384526577", "event_type": "price_change"}}
{"_local_timestamp": "2026-01-25T23:42:08.636816+00:00", "data": {"market": "0x31ab55ffa13f6db8e57d399ea90d4efa108e4ea3ebe8254b8dd711ce0300a44b", "price_changes": [{"asset_id": "31428860764995724544124597589657026670448383816150346012391062875549930961545", "price": "0.34", "size": "200", "side": "BUY", "hash": "15c301c0297c8a5987007596806951fb60f7c8cd", "best_bid": "0.43", "best_ask": "0.46"}, {"asset_id": "87800006559503182362481555183568667613755424315939426292124794493674893045177", "price": "0.66", "size": "200", "side": "SELL", "hash": "526da6379a4e2022207bc3e7599b586f4362959f", "best_bid": "0.54", "best_ask": "0.57"}], "timestamp": "1769384528567", "event_type": "price_change"}}
{"_local_timestamp": "2026-01-25T23:42:08.644629+00:00", "data": {"market": "0x31ab55ffa13f6db8e57d399ea90d4efa108e4ea3ebe8254b8dd711ce0300a44b", "price_changes": [{"asset_id": "31428860764995724544124597589657026670448383816150346012391062875549930961545", "price": "0.4", "size": "5653.05", "side": "BUY", "hash": "81e5548bb09018b9564ded8993e9a9cf8548bbfc", "best_bid": "0.43", "best_ask": "0.46"}, {"asset_id": "87800006559503182362481555183568667613755424315939426292124794493674893045177", "price": "0.6", "size": "5653.05", "side": "SELL", "hash": "dc3e6498bc4fe2132fe5e93538612e5bfd04beee", "best_bid": "0.54", "best_ask": "0.57"}], "timestamp": "1769384528567", "event_type": "price_change"}}
{"_local_timestamp": "2026-01-25T23:42:08.644953+00:00", "data": {"market": "0x31ab55ffa13f6db8e57d399ea90d4efa108e4ea3ebe8254b8dd711ce0300a44b", "price_changes": [{"asset_id": "31428860764995724544124597589657026670448383816150346012391062875549930961545", "price": "0.23", "size": "100", "side": "BUY", "hash": "f9fb0524788e3fcf6982889e6a057f0029d4c8e5", "best_bid": "0.43", "best_ask": "0.46"}, {"asset_id": "87800006559503182362481555183568667613755424315939426292124794493674893045177", "price": "0.77", "size": "100", "side": "SELL", "hash": "0afee998842b25385bbf1c0c3df7ded1c16ba375", "best_bid": "0.54", "best_ask": "0.57"}], "timestamp": "1769384528568", "event_type": "price_change"}}
{"_local_timestamp": "2026-01-25T23:42:08.645219+00:00", "data": {"market": "0x31ab55ffa13f6db8e57d399ea90d4efa108e4ea3ebe8254b8dd711ce0300a44b", "price_changes": [{"asset_id": "31428860764995724544124597589657026670448383816150346012391062875549930961545", "price": "0.27", "size": "156.05", "side": "BUY", "hash": "f9fb0524788e3fcf6982889e6a057f0029d4c8e5", "best_bid": "0.43", "best_ask": "0.46"}, {"asset_id": "87800006559503182362481555183568667613755424315939426292124794493674893045177", "price": "0.73", "size": "156.05", "side": "SELL", "hash": "0afee998842b25385bbf1c0c3df7ded1c16ba375", "best_bid": "0.54", "best_ask": "0.57"}], "timestamp": "1769384528568", "event_type": "price_change"}}
{"_local_timestamp": "2026-01-25T23:42:08.645507+00:00", "data": {"market": "0x31ab55ffa13f6db8e57d399ea90d4efa108e4ea3ebe8254b8dd711ce0300a44b", "price_changes": [{"asset_id": "87800006559503182362481555183568667613755424315939426292124794493674893045177", "price": "0.51", "size": "13.12", "side": "BUY", "hash": "1ca852996ecf4cd63228eb5fa772539e50bdf86e", "best_bid": "0.54", "best_ask": "0.57"}, {"asset_id": "31428860764995724544124597589657026670448383816150346012391062875549930961545", "price": "0.49", "size": "13.12", "side": "SELL", "hash": "6d9038043f437a038bd734b7ca4750079e278c16", "best_bid": "0.43", "best_ask": "0.46"}], "timestamp": "1769384528568", "event_type": "price_change"}}
{"_local_timestamp": "2026-01-25T23:42:24.004814+00:00", "data": {"market": "0x31ab55ffa13f6db8e57d399ea90d4efa108e4ea3ebe8254b8dd711ce0300a44b", "price_changes": [{"asset_id": "87800006559503182362481555183568667613755424315939426292124794493674893045177", "price": "0.51", "size": "5", "side": "BUY", "hash": "c630911d987f64639c9a4f3709e9bdd702982f45", "best_bid": "0.54", "best_ask": "0.57"}, {"asset_id": "31428860764995724544124597589657026670448383816150346012391062875549930961545", "price": "0.49", "size": "5", "side": "SELL", "hash": "a9a8889896df30f32eca6092d70f1bb028fae343", "best_bid": "0.43", "best_ask": "0.46"}], "timestamp": "1769384543850", "event_type": "price_change"}}
{"_local_timestamp": "2026-01-25T23:42:24.005606+00:00", "data": {"market": "0x31ab55ffa13f6db8e57d399ea90d4efa108e4ea3ebe8254b8dd711ce0300a44b", "price_changes": [{"asset_id": "31428860764995724544124597589657026670448383816150346012391062875549930961545", "price": "0.39", "size": "220", "side": "BUY", "hash": "88174824f1a8c93328c379b96d8a9e6e559c88fd", "best_bid": "0.43", "best_ask": "0.46"}, {"asset_id": "87800006559503182362481555183568667613755424315939426292124794493674893045177", "price": "0.61", "size": "220", "side": "SELL", "hash": "ad9f2b83b589228c35c1122a74922c7404ebd61d", "best_bid": "0.54", "best_ask": "0.57"}], "timestamp": "1769384543850", "event_type": "price_change"}}
{"_local_timestamp": "2026-01-25T23:42:24.018395+00:00", "data": {"market": "0x31ab55ffa13f6db8e57d399ea90d4efa108e4ea3ebe8254b8dd711ce0300a44b", "price_changes": [{"asset_id": "87800006559503182362481555183568667613755424315939426292124794493674893045177", "price": "0.51", "size": "17.21", "side": "BUY", "hash": "e0d4b498078a023e3fba2d44cef526dff8d43a41", "best_bid": "0.54", "best_ask": "0.57"}, {"asset_id": "31428860764995724544124597589657026670448383816150346012391062875549930961545", "price": "0.49", "size": "17.21", "side": "SELL", "hash": "a8a242694bb26961a33624067440bed04ecc2ea5", "best_bid": "0.43", "best_ask": "0.46"}], "timestamp": "1769384543885", "event_type": "price_change"}}
{"_local_timestamp": "2026-01-25T23:42:24.194678+00:00", "data": {"market": "0x31ab55ffa13f6db8e57d399ea90d4efa108e4ea3ebe8254b8dd711ce0300a44b", "price_changes": [{"asset_id": "31428860764995724544124597589657026670448383816150346012391062875549930961545", "price": "0.39", "size": "231.78", "side": "BUY", "hash": "86b9b92372eed4ba34a7da05ca2d33fb76923eb7", "best_bid": "0.43", "best_ask": "0.46"}, {"asset_id": "87800006559503182362481555183568667613755424315939426292124794493674893045177", "price": "0.61", "size": "231.78", "side": "SELL", "hash": "7b91b616452f1c2be6d6e4f7b99b57fde0b56cce", "best_bid": "0.54", "best_ask": "0.57"}], "timestamp": "1769384544021", "event_type": "price_change"}}
{"_local_timestamp": "2026-01-25T23:43:20.254049+00:00", "data": {"market": "0x31ab55ffa13f6db8e57d399ea90d4efa108e4ea3ebe8254b8dd711ce0300a44b", "price_changes": [{"asset_id": "31428860764995724544124597589657026670448383816150346012391062875549930961545", "price": "0.43", "size": "7.78", "side": "BUY", "hash": "bf1e42348b0c174995ccc16a83402b4858659603", "best_bid": "0.43", "best_ask": "0.46"}, {"asset_id": "87800006559503182362481555183568667613755424315939426292124794493674893045177", "price": "0.57", "size": "7.78", "side": "SELL", "hash": "e7b2866427c7f04b7a70597bb1d4be3db87a5cd8", "best_bid": "0.54", "best_ask": "0.57"}], "timestamp": "1769384600134", "event_type": "price_change"}}
{"_local_timestamp": "2026-01-25T23:43:21.420719+00:00", "data": {"market": "0x31ab55ffa13f6db8e57d399ea90d4efa108e4ea3ebe8254b8dd711ce0300a44b", "price_changes": [{"asset_id": "31428860764995724544124597589657026670448383816150346012391062875549930961545", "price": "0.42", "size": "167.35", "side": "BUY", "hash": "96fa8d629276b06d0cb80135795b3d5496563208", "best_bid": "0.43", "best_ask": "0.46"}, {"asset_id": "87800006559503182362481555183568667613755424315939426292124794493674893045177", "price": "0.58", "size": "167.35", "side": "SELL", "hash": "b49cb0a8a2170188a11c7600b45b530eb0d9a5a9", "best_bid": "0.54", "best_ask": "0.57"}], "timestamp": "1769384601297", "event_type": "price_change"}}
{"_local_timestamp": "2026-01-25T23:45:23.158665+00:00", "data": {"market": "0x31ab55ffa13f6db8e57d399ea90d4efa108e4ea3ebe8254b8dd711ce0300a44b", "price_changes": [{"asset_id": "31428860764995724544124597589657026670448383816150346012391062875549930961545", "price": "0.39", "size": "220", "side": "BUY", "hash": "20920933eb2eb6028c002183abd63f3363d298fe", "best_bid": "0.43", "best_ask": "0.46"}, {"asset_id": "87800006559503182362481555183568667613755424315939426292124794493674893045177", "price": "0.61", "size": "220", "side": "SELL", "hash": "55f40b05efc6e0d19a0e3e129352f3a0f25e9cc0", "best_bid": "0.54", "best_ask": "0.57"}], "timestamp": "1769384723085", "event_type": "price_change"}}
{"_local_timestamp": "2026-01-25T23:45:23.159538+00:00", "data": {"market": "0x31ab55ffa13f6db8e57d399ea90d4efa108e4ea3ebe8254b8dd711ce0300a44b", "price_changes": [{"asset_id": "31428860764995724544124597589657026670448383816150346012391062875549930961545", "price": "0.4", "size": "5637.05", "side": "BUY", "hash": "20920933eb2eb6028c002183abd63f3363d298fe", "best_bid": "0.43", "best_ask": "0.46"}, {"asset_id": "87800006559503182362481555183568667613755424315939426292124794493674893045177", "price": "0.6", "size": "5637.05", "side": "SELL", "hash": "55f40b05efc6e0d19a0e3e129352f3a0f25e9cc0", "best_bid": "0.54", "best_ask": "0.57"}], "timestamp": "1769384723085", "event_type": "price_change"}}
{"_local_timestamp": "2026-01-25T23:45:23.159839+00:00", "data": {"market": "0x31ab55ffa13f6db8e57d399ea90d4efa108e4ea3ebe8254b8dd711ce0300a44b", "price_changes": [{"asset_id": "31428860764995724544124597589657026670448383816150346012391062875549930961545", "price": "0.41", "size": "300", "side": "BUY", "hash": "20920933eb2eb6028c002183abd63f3363d298fe", "best_bid": "0.43", "best_ask": "0.46"}, {"asset_id": "87800006559503182362481555183568667613755424315939426292124794493674893045177", "price": "0.59", "size": "300", "side": "SELL", "hash": "55f40b05efc6e0d19a0e3e129352f3a0f25e9cc0", "best_bid": "0.54", "best_ask": "0.57"}], "timestamp": "1769384723085", "event_type": "price_change"}}
{"_local_timestamp": "2026-01-25T23:45:23.160135+00:00", "data": {"market": "0x31ab55ffa13f6db8e57d399ea90d4efa108e4ea3ebe8254b8dd711ce0300a44b", "price_changes": [{"asset_id": "31428860764995724544124597589657026670448383816150346012391062875549930961545", "price": "0.42", "size": "159.35", "side": "BUY", "hash": "20920933eb2eb6028c002183abd63f3363d298fe", "best_bid": "0.43", "best_ask": "0.46"}, {"asset_id": "87800006559503182362481555183568667613755424315939426292124794493674893045177", "price": "0.58", "size": "159.35", "side": "SELL", "hash": "55f40b05efc6e0d19a0e3e129352f3a0f25e9cc0", "best_bid": "0.54", "best_ask": "0.57"}], "timestamp": "1769384723085", "event_type": "price_change"}}
{"_local_timestamp": "2026-01-25T23:45:23.160469+00:00", "data": {"market": "0x31ab55ffa13f6db8e57d399ea90d4efa108e4ea3ebe8254b8dd711ce0300a44b", "price_changes": [{"asset_id": "87800006559503182362481555183568667613755424315939426292124794493674893045177", "price": "0.57", "size": "0", "side": "SELL", "hash": "d7e6f619b1274ce93a7a6d1147b7d56ca041ec5a", "best_bid": "0.54", "best_ask": "0.58"}, {"asset_id": "31428860764995724544124597589657026670448383816150346012391062875549930961545", "price": "0.43", "size": "0", "side": "BUY", "hash": "393c76e3221ccb21cce68d4ed5c6215047ba49b6", "best_bid": "0.42", "best_ask": "0.46"}], "timestamp": "1769384723087", "event_type": "price_change"}}
{"_local_timestamp": "2026-01-25T23:45:23.205121+00:00", "data": {"market": "0x31ab55ffa13f6db8e57d399ea90d4efa108e4ea3ebe8254b8dd711ce0300a44b", "price_changes": [{"asset_id": "87800006559503182362481555183568667613755424315939426292124794493674893045177", "price": "0.45", "size": "1000", "side": "BUY", "hash": "3138430cbd59cebcf1193ee8182e4ad21ed6ae5f", "best_bid": "0.54", "best_ask": "0.58"}, {"asset_id": "31428860764995724544124597589657026670448383816150346012391062875549930961545", "price": "0.55", "size": "1000", "side": "SELL", "hash": "92f451927b6c59a39e06de1231bdb21dc1ddfec9", "best_bid": "0.42", "best_ask": "0.46"}], "timestamp": "1769384723134", "event_type": "price_change"}}
{"_local_timestamp": "2026-01-25T23:45:23.219925+00:00", "data": {"market": "0x31ab55ffa13f6db8e57d399ea90d4efa108e4ea3ebe8254b8dd711ce0300a44b", "price_changes": [{"asset_id": "87800006559503182362481555183568667613755424315939426292124794493674893045177", "price": "0.46", "size": "499.99", "side": "BUY", "hash": "cf77c072f32c58a8d95405f6485f1ce4f5ff8b4f", "best_bid": "0.54", "best_ask": "0.58"}, {"asset_id": "31428860764995724544124597589657026670448383816150346012391062875549930961545", "price": "0.54", "size": "499.99", "side": "SELL", "hash": "ca2745e255d6e7010cd440debfc392b1a6a06815", "best_bid": "0.42", "best_ask": "0.46"}], "timestamp": "1769384723136", "event_type": "price_change"}}
{"_local_timestamp": "2026-01-25T23:45:23.220383+00:00", "data": {"market": "0x31ab55ffa13f6db8e57d399ea90d4efa108e4ea3ebe8254b8dd711ce0300a44b", "price_changes": [{"asset_id": "87800006559503182362481555183568667613755424315939426292124794493674893045177", "price": "0.58", "size": "167.13", "side": "SELL", "hash": "bbfa93e4e1fec6339bf570a5f7ba6d511c122d8f", "best_bid": "0.54", "best_ask": "0.58"}, {"asset_id": "31428860764995724544124597589657026670448383816150346012391062875549930961545", "price": "0.42", "size": "167.13", "side": "BUY", "hash": "395fab896e7e082b6a290fea7dd8f6698d93c417", "best_bid": "0.42", "best_ask": "0.46"}], "timestamp": "1769384723138", "event_type": "price_change"}}
{"_local_timestamp": "2026-01-25T23:45:23.343136+00:00", "data": {"market": "0x31ab55ffa13f6db8e57d399ea90d4efa108e4ea3ebe8254b8dd711ce0300a44b", "price_changes": [{"asset_id": "31428860764995724544124597589657026670448383816150346012391062875549930961545", "price": "0.41", "size": "308", "side": "BUY", "hash": "f05c5664b2a9190fc285c347ce1db926e982bee9", "best_bid": "0.42", "best_ask": "0.46"}, {"asset_id": "87800006559503182362481555183568667613755424315939426292124794493674893045177", "price": "0.59", "size": "308", "side": "SELL", "hash": "da5d0924cc2b5d0b25881883dbbe79eca20d7205", "best_bid": "0.54", "best_ask": "0.58"}], "timestamp": "1769384723277", "event_type": "price_change"}}
{"_local_timestamp": "2026-01-25T23:45:23.440656+00:00", "data": {"market": "0x31ab55ffa13f6db8e57d399ea90d4efa108e4ea3ebe8254b8dd711ce0300a44b", "price_changes": [{"asset_id": "87800006559503182362481555183568667613755424315939426292124794493674893045177", "price": "0.55", "size": "30", "side": "BUY", "hash": "576d78afa2c69638d630e835bef81003f12b1d1a", "best_bid": "0.55", "best_ask": "0.58"}, {"asset_id": "31428860764995724544124597589657026670448383816150346012391062875549930961545", "price": "0.45", "size": "30", "side": "SELL", "hash": "4a56f91ac6953af32b9e4864843b38ef97284832", "best_bid": "0.42", "best_ask": "0.45"}], "timestamp": "1769384723361", "event_type": "price_change"}}
{"_local_timestamp": "2026-01-25T23:45:23.468937+00:00", "data": {"market": "0x31ab55ffa13f6db8e57d399ea90d4efa108e4ea3ebe8254b8dd711ce0300a44b", "price_changes": [{"asset_id": "31428860764995724544124597589657026670448383816150346012391062875549930961545", "price": "0.42", "size": "197.13", "side": "BUY", "hash": "cfca10958f555a8b4a0de3af3393f851f71fb5d2", "best_bid": "0.42", "best_ask": "0.45"}, {"asset_id": "87800006559503182362481555183568667613755424315939426292124794493674893045177", "price": "0.58", "size": "197.13", "side": "SELL", "hash": "57154ec0e17cc14cee2c512de133a362d3932925", "best_bid": "0.55", "best_ask": "0.58"}], "timestamp": "1769384723396", "event_type": "price_change"}}
{"_local_timestamp": "2026-01-25T23:45:23.478088+00:00", "data": {"market": "0x31ab55ffa13f6db8e57d399ea90d4efa108e4ea3ebe8254b8dd711ce0300a44b", "price_changes": [{"asset_id": "87800006559503182362481555183568667613755424315939426292124794493674893045177", "price": "0.55", "size": "1", "side": "BUY", "hash": "36369b797cb874c8e8d1f69420ccac4b615f4baa", "best_bid": "0.55", "best_ask": "0.58"}, {"asset_id": "31428860764995724544124597589657026670448383816150346012391062875549930961545", "price": "0.45", "size": "1", "side": "SELL", "hash": "4cab7cda3e14293e7edf1c80744892bdd7a07349", "best_bid": "0.42", "best_ask": "0.45"}], "timestamp": "1769384723408", "event_type": "price_change"}}
{"_local_timestamp": "2026-01-25T23:45:23.479037+00:00", "data": {"market": "0x31ab55ffa13f6db8e57d399ea90d4efa108e4ea3ebe8254b8dd711ce0300a44b", "asset_id": "87800006559503182362481555183568667613755424315939426292124794493674893045177", "bids": [{"price": "0.01", "size": "37205.23"}, {"price": "0.02", "size": "13846.44"}, {"price": "0.03", "size": "9.58"}, {"price": "0.04", "size": "210"}, {"price": "0.07", "size": "3699.11"}, {"price": "0.08", "size": "2799.11"}, {"price": "0.09", "size": "200"}, {"price": "0.1", "size": "20"}, {"price": "0.11", "size": "5.54"}, {"price": "0.14", "size": "550"}, {"price": "0.45", "size": "1000"}, {"price": "0.46", "size": "499.99"}, {"price": "0.48", "size": "27.08"}, {"price": "0.49", "size": "27.44"}, {"price": "0.5", "size": "20"}, {"price": "0.51", "size": "17.21"}, {"price": "0.53", "size": "212"}, {"price": "0.54", "size": "273.28"}, {"price": "0.55", "size": "1"}], "asks": [{"price": "0.99", "size": "18441.13"}, {"price": "0.98", "size": "10852.51"}, {"price": "0.97", "size": "250"}, {"price": "0.96", "size": "7.28"}, {"price": "0.95", "size": "1500"}, {"price": "0.92", "size": "700"}, {"price": "0.9", "size": "20"}, {"price": "0.89", "size": "5.04"}, {"price": "0.85", "size": "2000"}, {"price": "0.78", "size": "1000"}, {"price": "0.77", "size": "100"}, {"price": "0.73", "size": "156.05"}, {"price": "0.68", "size": "5"}, {"price": "0.67", "size": "550"}, {"price": "0.66", "size": "200"}, {"price": "0.65", "size": "2976.61"}, {"price": "0.64", "size": "86.11"}, {"price": "0.63", "size": "4244.24"}, {"price": "0.62", "size": "1999.11"}, {"price": "0.61", "size": "220"}, {"price": "0.6", "size": "5637.05"}, {"price": "0.59", "size": "308"}, {"price": "0.58", "size": "197.13"}], "hash": "36369b797cb874c8e8d1f69420ccac4b615f4baa", "timestamp": "1769384723408", "event_type": "book"}}
{"_local_timestamp": "2026-01-25T23:45:23.479626+00:00", "data": {"market": "0x31ab55ffa13f6db8e57d399ea90d4efa108e4ea3ebe8254b8dd711ce0300a44b", "asset_id": "31428860764995724544124597589657026670448383816150346012391062875549930961545", "bids": [{"price": "0.01", "size": "18441.13"}, {"price": "0.02", "size": "10852.51"}, {"price": "0.03", "size": "250"}, {"price": "0.04", "size": "7.28"}, {"price": "0.05", "size": "1500"}, {"price": "0.08", "size": "700"}, {"price": "0.1", "size": "20"}, {"price": "0.11", "size": "5.04"}, {"price": "0.15", "size": "2000"}, {"price": "0.22", "size": "1000"}, {"price": "0.23", "size": "100"}, {"price": "0.27", "size": "156.05"}, {"price": "0.32", "size": "5"}, {"price": "0.33", "size": "550"}, {"price": "0.34", "size": "200"}, {"price": "0.35", "size": "2976.61"}, {"price": "0.36", "size": "86.11"}, {"price": "0.37", "size": "4244.24"}, {"price": "0.38", "size": "1999.11"}, {"price": "0.39", "size": "220"}, {"price": "0.4", "size": "5637.05"}, {"price": "0.41", "size": "308"}, {"price": "0.42", "size": "197.13"}], "asks": [{"price": "0.99", "size": "37205.23"}, {"price": "0.98", "size": "13846.44"}, {"price": "0.97", "size": "9.58"}, {"price": "0.96", "size": "210"}, {"price": "0.93", "size": "3699.11"}, {"price": "0.92", "size": "2799.11"}, {"price": "0.91", "size": "200"}, {"price": "0.9", "size": "20"}, {"price": "0.89", "size": "5.54"}, {"price": "0.86", "size": "550"}, {"price": "0.55", "size": "1000"}, {"price": "0.54", "size": "499.99"}, {"price": "0.52", "size": "27.08"}, {"price": "0.51", "size": "27.44"}, {"price": "0.5", "size": "20"}, {"price": "0.49", "size": "17.21"}, {"price": "0.47", "size": "212"}, {"price": "0.46", "size": "273.28"}, {"price": "0.45", "size": "1"}], "hash": "4cab7cda3e14293e7edf1c80744892bdd7a07349", "timestamp": "1769384723408", "event_type": "book"}}
{"_local_timestamp": "2026-01-25T23:45:23.488912+00:00", "data": {"market": "0x31ab55ffa13f6db8e57d399ea90d4efa108e4ea3ebe8254b8dd711ce0300a44b", "price_changes": [{"asset_id": "31428860764995724544124597589657026670448383816150346012391062875549930961545", "price": "0.4", "size": "5649.05", "side": "BUY", "hash": "171460054b20de446039fccf5cffd329ace71497", "best_bid": "0.42", "best_ask": "0.45"}, {"asset_id": "87800006559503182362481555183568667613755424315939426292124794493674893045177", "price": "0.6", "size": "5649.05", "side": "SELL", "hash": "e5fefe4a594b3e1973f5fd9134b0a8d1a5ca01fd", "best_bid": "0.55", "best_ask": "0.58"}], "timestamp": "1769384723419", "event_type": "price_change"}}
{"_local_timestamp": "2026-01-25T23:45:23.500971+00:00", "data": {"market": "0x31ab55ffa13f6db8e57d399ea90d4efa108e4ea3ebe8254b8dd711ce0300a44b", "asset_id": "31428860764995724544124597589657026670448383816150346012391062875549930961545", "price": "0.45", "size": "29", "fee_rate_bps": "0", "side": "BUY", "timestamp": "1769384723434", "event_type": "last_trade_price", "transaction_hash": "0xfb7d80265b5e375368730807fa47d86b166e52d002e8df6549b97c74689b37fa"}}
{"_local_timestamp": "2026-01-25T23:45:23.629266+00:00", "data": {"market": "0x31ab55ffa13f6db8e57d399ea90d4efa108e4ea3ebe8254b8dd711ce0300a44b", "price_changes": [{"asset_id": "31428860764995724544124597589657026670448383816150346012391062875549930961545", "price": "0.39", "size": "236", "side": "BUY", "hash": "74a711dbed1c020659d0d94d6e6fc41f27c92174", "best_bid": "0.42", "best_ask": "0.45"}, {"asset_id": "87800006559503182362481555183568667613755424315939426292124794493674893045177", "price": "0.61", "size": "236", "side": "SELL", "hash": "a77117bd1167a7f498ae2b56537bcdc567a75586", "best_bid": "0.55", "best_ask": "0.58"}], "timestamp": "1769384723559", "event_type": "price_change"}}
{"_local_timestamp": "2026-01-25T23:45:23.761129+00:00", "data": {"market": "0x31ab55ffa13f6db8e57d399ea90d4efa108e4ea3ebe8254b8dd711ce0300a44b", "price_changes": [{"asset_id": "31428860764995724544124597589657026670448383816150346012391062875549930961545", "price": "0.38", "size": "2010.89", "side": "BUY", "hash": "d098734b404e60fd376b8975b479e7cae6e36411", "best_bid": "0.42", "best_ask": "0.45"}, {"asset_id": "87800006559503182362481555183568667613755424315939426292124794493674893045177", "price": "0.62", "size": "2010.89", "side": "SELL", "hash": "57c0966ab8bb1963d0f2cb99ac44af1663c20fdc", "best_bid": "0.55", "best_ask": "0.58"}], "timestamp": "1769384723695", "event_type": "price_change"}}
{"_local_timestamp": "2026-01-25T23:45:25.198199+00:00", "data": {"market": "0x31ab55ffa13f6db8e57d399ea90d4efa108e4ea3ebe8254b8dd711ce0300a44b", "price_changes": [{"asset_id": "31428860764995724544124597589657026670448383816150346012391062875549930961545", "price": "0.33", "size": "750", "side": "BUY", "hash": "8b26caa570494b06998194beacc0f709c48c8dc2", "best_bid": "0.42", "best_ask": "0.45"}, {"asset_id": "87800006559503182362481555183568667613755424315939426292124794493674893045177", "price": "0.67", "size": "750", "side": "SELL", "hash": "84c734c716dae7f9bf347add0ee4a9af5a1fed48", "best_bid": "0.55", "best_ask": "0.58"}], "timestamp": "1769384725131", "event_type": "price_change"}}
{"_local_timestamp": "2026-01-25T23:45:25.208922+00:00", "data": {"market": "0x31ab55ffa13f6db8e57d399ea90d4efa108e4ea3ebe8254b8dd711ce0300a44b", "price_changes": [{"asset_id": "31428860764995724544124597589657026670448383816150346012391062875549930961545", "price": "0.34", "size": "0", "side": "BUY", "hash": "27d586183f899d706cbc4cede7479382ba16d5f2", "best_bid": "0.42", "best_ask": "0.45"}, {"asset_id": "87800006559503182362481555183568667613755424315939426292124794493674893045177", "price": "0.66", "size": "0", "side": "SELL", "hash": "9e35c79b5c0f5c674734d6551691a80e574f1b0a", "best_bid": "0.55", "best_ask": "0.58"}], "timestamp": "1769384725132", "event_type": "price_change"}}
{"_local_timestamp": "2026-01-25T23:45:26.077842+00:00", "data": {"market": "0x31ab55ffa13f6db8e57d399ea90d4efa108e4ea3ebe8254b8dd711ce0300a44b", "price_changes": [{"asset_id": "31428860764995724544124597589657026670448383816150346012391062875549930961545", "price": "0.01", "size": "18436.11", "side": "BUY", "hash": "f47905dccca211004965c333ab752f688368f88d", "best_bid": "0.42", "best_ask": "0.45"}, {"asset_id": "87800006559503182362481555183568667613755424315939426292124794493674893045177", "price": "0.99", "size": "18436.11", "side": "SELL", "hash": "39d7b14a491eb4a8249b4b1e4e133201a8a9d464", "best_bid": "0.55", "best_ask": "0.58"}], "timestamp": "1769384726001", "event_type": "price_change"}}
{"_local_timestamp": "2026-01-25T23:45:28.834100+00:00", "data": {"market": "0x31ab55ffa13f6db8e57d399ea90d4efa108e4ea3ebe8254b8dd711ce0300a44b", "price_changes": [{"asset_id": "87800006559503182362481555183568667613755424315939426292124794493674893045177", "price": "0.57", "size": "29", "side": "SELL", "hash": "fd253719d08f5a112b024d739111ea61a43def57", "best_bid": "0.55", "best_ask": "0.57"}, {"asset_id": "31428860764995724544124597589657026670448383816150346012391062875549930961545", "price": "0.43", "size": "29", "side": "BUY", "hash": "97bde214fa7d465e26e35a5c1752ef7e70e840a2", "best_bid": "0.43", "best_ask": "0.45"}], "timestamp": "1769384728760", "event_type": "price_change"}}
{"_local_timestamp": "2026-01-25T23:45:28.866062+00:00", "data": {"market": "0x31ab55ffa13f6db8e57d399ea90d4efa108e4ea3ebe8254b8dd711ce0300a44b", "price_changes": [{"asset_id": "31428860764995724544124597589657026670448383816150346012391062875549930961545", "price": "0.33", "size": "550", "side": "BUY", "hash": "7abda30c93025b6b42942815298b65400e27d05d", "best_bid": "0.43", "best_ask": "0.45"}, {"asset_id": "87800006559503182362481555183568667613755424315939426292124794493674893045177", "price": "0.67", "size": "550", "side": "SELL", "hash": "21366b9fac00ae9d948abecb121c8233b3d808ba", "best_bid": "0.55", "best_ask": "0.57"}], "timestamp": "1769384728801", "event_type": "price_change"}}
{"_local_timestamp": "2026-01-25T23:45:28.877620+00:00", "data": {"market": "0x31ab55ffa13f6db8e57d399ea90d4efa108e4ea3ebe8254b8dd711ce0300a44b", "price_changes": [{"asset_id": "31428860764995724544124597589657026670448383816150346012391062875549930961545", "price": "0.34", "size": "200", "side": "BUY", "hash": "839a470b66ab0b250e09cea851275ea2794aadf8", "best_bid": "0.43", "best_ask": "0.45"}, {"asset_id": "87800006559503182362481555183568667613755424315939426292124794493674893045177", "price": "0.66", "size": "200", "side": "SELL", "hash": "f3df531e6196284461737b22409172a2750397f9", "best_bid": "0.55", "best_ask": "0.57"}], "timestamp": "1769384728802", "event_type": "price_change"}}
{"_local_timestamp": "2026-01-25T23:45:29.610039+00:00", "data": {"market": "0x31ab55ffa13f6db8e57d399ea90d4efa108e4ea3ebe8254b8dd711ce0300a44b", "price_changes": [{"asset_id": "87800006559503182362481555183568667613755424315939426292124794493674893045177", "price": "0.55", "size": "0", "side": "BUY", "hash": "4fe9de90a33fe39ce77e788f7f763457f195e3c4", "best_bid": "0.54", "best_ask": "0.57"}, {"asset_id": "31428860764995724544124597589657026670448383816150346012391062875549930961545", "price": "0.45", "size": "0", "side": "SELL", "hash": "4d44a2a0a2d1fa9558315a4a426242bfaa0f1a76", "best_bid": "0.43", "best_ask": "0.46"}], "timestamp": "1769384729532", "event_type": "price_change"}}
{"_local_timestamp": "2026-01-25T23:45:29.610647+00:00", "data": {"market": "0x31ab55ffa13f6db8e57d399ea90d4efa108e4ea3ebe8254b8dd711ce0300a44b", "asset_id": "87800006559503182362481555183568667613755424315939426292124794493674893045177", "bids": [{"price": "0.01", "size": "37205.23"}, {"price": "0.02", "size": "13846.44"}, {"price": "0.03", "size": "9.58"}, {"price": "0.04", "size": "210"}, {"price": "0.07", "size": "3699.11"}, {"price": "0.08", "size": "2799.11"}, {"price": "0.09", "size": "200"}, {"price": "0.1", "size": "20"}, {"price": "0.11", "size": "5.54"}, {"price": "0.14", "size": "550"}, {"price": "0.45", "size": "1000"}, {"price": "0.46", "size": "499.99"}, {"price": "0.48", "size": "27.08"}, {"price": "0.49", "size": "27.44"}, {"price": "0.5", "size": "20"}, {"price": "0.51", "size": "17.21"}, {"price": "0.53", "size": "212"}, {"price": "0.54", "size": "273.28"}], "asks": [{"price": "0.99", "size": "18436.11"}, {"price": "0.98", "size": "10852.51"}, {"price": "0.97", "size": "250"}, {"price": "0.96", "size": "7.28"}, {"price": "0.95", "size": "1500"}, {"price": "0.92", "size": "700"}, {"price": "0.9", "size": "20"}, {"price": "0.89", "size": "5.04"}, {"price": "0.85", "size": "2000"}, {"price": "0.78", "size": "1000"}, {"price": "0.77", "size": "100"}, {"price": "0.73", "size": "156.05"}, {"price": "0.68", "size": "5"}, {"price": "0.67", "size": "550"}, {"price": "0.66", "size": "200"}, {"price": "0.65", "size": "2976.61"}, {"price": "0.64", "size": "86.11"}, {"price": "0.63", "size": "4244.24"}, {"price": "0.62", "size": "2010.89"}, {"price": "0.61", "size": "236"}, {"price": "0.6", "size": "5649.05"}, {"price": "0.59", "size": "308"}, {"price": "0.58", "size": "197.13"}, {"price": "0.57", "size": "29"}], "hash": "4fe9de90a33fe39ce77e788f7f763457f195e3c4", "timestamp": "1769384729532", "event_type": "book"}}
{"_local_timestamp": "2026-01-25T23:45:29.611150+00:00", "data": {"market": "0x31ab55ffa13f6db8e57d399ea90d4efa108e4ea3ebe8254b8dd711ce0300a44b", "asset_id": "31428860764995724544124597589657026670448383816150346012391062875549930961545", "bids": [{"price": "0.01", "size": "18436.11"}, {"price": "0.02", "size": "10852.51"}, {"price": "0.03", "size": "250"}, {"price": "0.04", "size": "7.28"}, {"price": "0.05", "size": "1500"}, {"price": "0.08", "size": "700"}, {"price": "0.1", "size": "20"}, {"price": "0.11", "size": "5.04"}, {"price": "0.15", "size": "2000"}, {"price": "0.22", "size": "1000"}, {"price": "0.23", "size": "100"}, {"price": "0.27", "size": "156.05"}, {"price": "0.32", "size": "5"}, {"price": "0.33", "size": "550"}, {"price": "0.34", "size": "200"}, {"price": "0.35", "size": "2976.61"}, {"price": "0.36", "size": "86.11"}, {"price": "0.37", "size": "4244.24"}, {"price": "0.38", "size": "2010.89"}, {"price": "0.39", "size": "236"}, {"price": "0.4", "size": "5649.05"}, {"price": "0.41", "size": "308"}, {"price": "0.42", "size": "197.13"}, {"price": "0.43", "size": "29"}], "asks": [{"price": "0.99", "size": "37205.23"}, {"price": "0.98", "size": "13846.44"}, {"price": "0.97", "size": "9.58"}, {"price": "0.96", "size": "210"}, {"price": "0.93", "size": "3699.11"}, {"price": "0.92", "size": "2799.11"}, {"price": "0.91", "size": "200"}, {"price": "0.9", "size": "20"}, {"price": "0.89", "size": "5.54"}, {"price": "0.86", "size": "550"}, {"price": "0.55", "size": "1000"}, {"price": "0.54", "size": "499.99"}, {"price": "0.52", "size": "27.08"}, {"price": "0.51", "size": "27.44"}, {"price": "0.5", "size": "20"}, {"price": "0.49", "size": "17.21"}, {"price": "0.47", "size": "212"}, {"price": "0.46", "size": "273.28"}], "hash": "4d44a2a0a2d1fa9558315a4a426242bfaa0f1a76", "timestamp": "1769384729532", "event_type": "book"}}
{"_local_timestamp": "2026-01-25T23:45:29.626790+00:00", "data": {"market": "0x31ab55ffa13f6db8e57d399ea90d4efa108e4ea3ebe8254b8dd711ce0300a44b", "asset_id": "31428860764995724544124597589657026670448383816150346012391062875549930961545", "price": "0.45", "size": "1", "fee_rate_bps": "0", "side": "BUY", "timestamp": "1769384729562", "event_type": "last_trade_price", "transaction_hash": "0x227bd11b99f49fa157c46d153c261a22644f3c69a038e2e90d26a539b17415e8"}}
{"_local_timestamp": "2026-01-25T23:45:30.870924+00:00", "data": {"market": "0x31ab55ffa13f6db8e57d399ea90d4efa108e4ea3ebe8254b8dd711ce0300a44b", "price_changes": [{"asset_id": "87800006559503182362481555183568667613755424315939426292124794493674893045177", "price": "0.45", "size": "1200", "side": "BUY", "hash": "37484ec45a73a7c3efdb88578562087fc6ac1f0a", "best_bid": "0.54", "best_ask": "0.57"}, {"asset_id": "31428860764995724544124597589657026670448383816150346012391062875549930961545", "price": "0.55", "size": "1200", "side": "SELL", "hash": "5daad5a274a3ef023e5d7dca33bdbf6e5d4943d4", "best_bid": "0.43", "best_ask": "0.46"}], "timestamp": "1769384730802", "event_type": "price_change"}}
{"_local_timestamp": "2026-01-25T23:45:30.874988+00:00", "data": {"market": "0x31ab55ffa13f6db8e57d399ea90d4efa108e4ea3ebe8254b8dd711ce0300a44b", "price_changes": [{"asset_id": "87800006559503182362481555183568667613755424315939426292124794493674893045177", "price": "0.46", "size": "299.99", "side": "BUY", "hash": "e57d25ec5dfae6686bd1e3468a60a2a1549722f4", "best_bid": "0.54", "best_ask": "0.57"}, {"asset_id": "31428860764995724544124597589657026670448383816150346012391062875549930961545", "price": "0.54", "size": "299.99", "side": "SELL", "hash": "fed30d33703b87b9eed184e5f13807bdcb9caf55", "best_bid": "0.43", "best_ask": "0.46"}], "timestamp": "1769384730808", "event_type": "price_change"}}
