{"_local_timestamp": "2026-01-25T23:33:38.425307+00:00", "data": [{"market": "0x8ea089b2f427a03bddfe18a56e5700d51e9859b9d996190541fddc0e7cd65eba", "asset_id": "24943194647808695809485867320798993312476069979878404857223518148158000700643", "timestamp": "1769384012752", "hash": "de4ced5e5d6232c9ee5e1de849203acec6a32083", "bids": [], "asks": [{"price": "0.99", "size": "8"}, {"price": "0.002", "size": "15"}, {"price": "0.001", "size": "113298"}], "event_type": "book", "last_trade_price": ""}, {"market": "0x8ea089b2f427a03bddfe18a56e5700d51e9859b9d996190541fddc0e7cd65eba", "asset_id": "54310702913570103428126473201459330940122597170373986103761594324159028129113", "timestamp": "1769384012752", "hash": "babae4f4cb2b7183a128f348f1728677c29eb051", "bids": [{"price": "0.01", "size": "8"}, {"price": "0.998", "size": "15"}, {"price": "0.999", "size": "113298"}], "asks": [], "event_type": "book", "last_trade_price": ""}]}
{"_local_timestamp": "2026-01-25T23:33:45.877858+00:00", "data": {"market": "0x8ea089b2f427a03bddfe18a56e5700d51e9859b9d996190541fddc0e7cd65eba", "price_changes": [{"asset_id": "54310702913570103428126473201459330940122597170373986103761594324159028129113", "price": "0.999", "size": "100000", "side": "BUY", "hash": "646ddf285c85d6bc5a46e50684b87ffe7c238b07", "best_bid": "0.999", "best_ask": "1"}, {"asset_id": "24943194647808695809485867320798993312476069979878404857223518148158000700643", "price": "0.001", "size": "100000", "side": "SELL", "hash": "7263eaa5a5b6b3329ca9e1fb25a6cfc74ee7de20", "best_bid": "0", "best_ask": "0.001"}], "timestamp": "1769384025808", "event_type": "price_change"}}
{"_local_timestamp": "2026-01-25T23:33:47.619899+00:00", "data": {"market": "0x8ea089b2f427a03bddfe18a56e5700d51e9859b9d996190541fddc0e7cd65eba", "price_changes": [{"asset_id": "54310702913570103428126473201459330940122597170373986103761594324159028129113", "price": "0.999", "size": "102497", "side": "BUY", "hash": "e77232ec442386102afd4002392c633d0e8ba72e", "best_bid": "0.999", "best_ask": "1"}, {"asset_id": "24943194647808695809485867320798993312476069979878404857223518148158000700643", "price": "0.001", "size": "102497", "side": "SELL", "hash": "3d8dc7e3c5d612632c4dbb4fe0fe1ba9f940a043", "best_bid": "0", "best_ask": "0.001"}], "timestamp": "1769384027527", "event_type": "price_change"}}
{"_local_timestamp": "2026-01-25T23:33:48.001527+00:00", "data": {"market": "0x8ea089b2f427a03bddfe18a56e5700d51e9859b9d996190541fddc0e7cd65eba", "price_changes": [{"asset_id": "54310702913570103428126473201459330940122597170373986103761594324159028129113", "price": "0.999", "size": "104993", "side": "BUY", "hash": "c64144ec2e4bad5b630ce11eb7010bcd833b58d0", "best_bid": "0.999", "best_ask": "1"}, {"asset_id": "24943194647808695809485867320798993312476069979878404857223518148158000700643", "price": "0.001", "size": "104993", "side": "SELL", "hash": "a48ca11318e6e61dec41f041484bdb2563f57eed", "best_bid": "0", "best_ask": "0.001"}], "timestamp": "1769384027917", "event_type": "price_change"}}
{"_local_timestamp": "2026-01-25T23:33:48.524087+00:00", "data": {"market": "0x8ea089b2f427a03bddfe18a56e5700d51e9859b9d996190541fddc0e7cd65eba", "price_changes": [{"asset_id": "54310702913570103428126473201459330940122597170373986103761594324159028129113", "price": "0.999", "size": "107488", "side": "BUY", "hash": "1b80a846921c9802076ba9bb6726883c7a5a131c", "best_bid": "0.999", "best_ask": "1"}, {"asset_id": "24943194647808695809485867320798993312476069979878404857223518148158000700643", "price": "0.001", "size": "107488", "side": "SELL", "hash": "46c595ed171dcab3e571d7f9a95f012039250689", "best_bid": "0", "best_ask": "0.001"}], "timestamp": "1769384028433", "event_type": "price_change"}}
{"_local_timestamp": "2026-01-25T23:33:49.293642+00:00", "data": {"market": "0x8ea089b2f427a03bddfe18a56e5700d51e9859b9d996190541fddc0e7cd65eba", "price_changes": [{"asset_id": "54310702913570103428126473201459330940122597170373986103761594324159028129113", "price": "0.999", "size": "108111", "side": "BUY", "hash": "351e6f21f1505fa4a5645d7bced63f2948dcd836", "best_bid": "0.999", "best_ask": "1"}, {"asset_id": "24943194647808695809485867320798993312476069979878404857223518148158000700643", "price": "0.001", "size": "108111", "side": "SELL", "hash": "f0f0f7954454231bb392080801fc4c8391177d1d", "best_bid": "0", "best_ask": "0.001"}], "timestamp": "1769384029230", "event_type": "price_change"}}
{"_local_timestamp": "2026-01-25T23:33:49.805380+00:00", "data": {"market": "0x8ea089b2f427a03bddfe18a56e5700d51e9859b9d996190541fddc0e7cd65eba", "price_changes": [{"asset_id": "54310702913570103428126473201459330940122597170373986103761594324159028129113", "price": "0.999", "size": "108733", "side": "BUY", "hash": "1ef809cc9cfec05a71202a1916f76febce095c8f", "best_bid": "0.999", "best_ask": "1"}, {"asset_id": "24943194647808695809485867320798993312476069979878404857223518148158000700643", "price": "0.001", "size": "108733", "side": "SELL", "hash": "7d4f75261250ce6e8b4846ed057f38379e209fb3", "best_bid": "0", "best_ask": "0.001"}], "timestamp": "1769384029728", "event_type": "price_change"}}
{"_local_timestamp": "2026-01-25T23:33:51.655981+00:00", "data": {"market": "0x8ea089b2f427a03bddfe18a56e5700d51e9859b9d996190541fddc0e7cd65eba", "price_changes": [{"asset_id": "54310702913570103428126473201459330940122597170373986103761594324159028129113", "price": "0.999", "size": "108888", "side": "BUY", "hash": "39f87af355c39f8f99bf742669f380810f73fe6d", "best_bid": "0.999", "best_ask": "1"}, {"asset_id": "24943194647808695809485867320798993312476069979878404857223518148158000700643", "price": "0.001", "size": "108888", "side": "SELL", "hash": "f451691250eaf9d48065be2d7fe5401ceda3dd53", "best_bid": "0", "best_ask": "0.001"}], "timestamp": "1769384031561", "event_type": "price_change"}}
{"_local_timestamp": "2026-01-25T23:33:52.595261+00:00", "data": {"market": "0x8ea089b2f427a03bddfe18a56e5700d51e9859b9d996190541fddc0e7cd65eba", "price_changes": [{"asset_id": "54310702913570103428126473201459330940122597170373986103761594324159028129113", "price": "0.999", "size": "109042", "side": "BUY", "hash": "c6e11693bba58f727d5714b1990da02134d7f508", "best_bid": "0.999", "best_ask": "1"}, {"asset_id": "24943194647808695809485867320798993312476069979878404857223518148158000700643", "price": "0.001", "size": "109042", "side": "SELL", "hash": "7fe5ba6db85492c42da8ccdb690898ae0aad5e6b", "best_bid": "0", "best_ask": "0.001"}], "timestamp": "1769384032526", "event_type": "price_change"}}
{"_local_timestamp": "2026-01-25T23:33:53.004401+00:00", "data": {"market": "0x8ea089b2f427a03bddfe18a56e5700d51e9859b9d996190541fddc0e7cd65eba", "price_changes": [{"asset_id": "54310702913570103428126473201459330940122597170373986103761594324159028129113", "price": "0.999", "size": "109195", "side": "BUY", "hash": "1b61891ae0433edf11da1a12282ad963ff9dc9f6", "best_bid": "0.999", "best_ask": "1"}, {"asset_id": "24943194647808695809485867320798993312476069979878404857223518148158000700643", "price": "0.001", "size": "109195", "side": "SELL", "hash": "2f070c62803205ddffebde3c266076df4c35f177", "best_bid": "0", "best_ask": "0.001"}], "timestamp": "1769384032919", "event_type": "price_change"}}
{"_local_timestamp": "2026-01-25T23:33:54.555742+00:00", "data": {"market": "0x8ea089b2f427a03bddfe18a56e5700d51e9859b9d996190541fddc0e7cd65eba", "price_changes": [{"asset_id": "54310702913570103428126473201459330940122597170373986103761594324159028129113", "price": "0.999", "size": "109232", "side": "BUY", "hash": "0f0fb0fb9380f48be14aac9aeeb493806c4d344b", "best_bid": "0.999", "best_ask": "1"}, {"asset_id": "24943194647808695809485867320798993312476069979878404857223518148158000700643", "price": "0.001", "size": "109232", "side": "SELL", "hash": "430088df0fa1da7467ac6a1931b4996d904f63d1", "best_bid": "0", "best_ask": "0.001"}], "timestamp": "1769384034486", "event_type": "price_change"}}
{"_local_timestamp": "2026-01-25T23:33:55.244482+00:00", "data": {"market": "0x8ea089b2f427a03bddfe18a56e5700d51e9859b9d996190541fddc0e7cd65eba", "price_changes": [{"asset_id": "54310702913570103428126473201459330940122597170373986103761594324159028129113", "price": "0.999", "size": "109268", "side": "BUY", "hash": "bd42181cef5caed5d8252a92fc81f556e86db40f", "best_bid": "0.999", "best_ask": "1"}, {"asset_id": "24943194647808695809485867320798993312476069979878404857223518148158000700643", "price": "0.001", "size": "109268", "side": "SELL", "hash": "aeab79d5a4eadbefdadda7506190d5e689e66515", "best_bid": "0", "best_ask": "0.001"}], "timestamp": "1769384035141", "event_type": "price_change"}}
{"_local_timestamp": "2026-01-25T23:33:55.634892+00:00", "data": {"market": "0x8ea089b2f427a03bddfe18a56e5700d51e9859b9d996190541fddc0e7cd65eba", "price_changes": [{"asset_id": "54310702913570103428126473201459330940122597170373986103761594324159028129113", "price": "0.999", "size": "109303", "side": "BUY", "hash": "1df603d60ba0c4f9cebcd944a393befb7e02eb7d", "best_bid": "0.999", "best_ask": "1"}, {"asset_id": "24943194647808695809485867320798993312476069979878404857223518148158000700643", "price": "0.001", "size": "109303", "side": "SELL", "hash": "f00ee891d3dfb42a0fd2e59edd4906c01efd4e62", "best_bid": "0", "best_ask": "0.001"}], "timestamp": "1769384035547", "event_type": "price_change"}}
{"_local_timestamp": "2026-01-25T23:34:07.971968+00:00", "data": {"market": "0x8ea089b2f427a03bddfe18a56e5700d51e9859b9d996190541fddc0e7cd65eba", "price_changes": [{"asset_id": "54310702913570103428126473201459330940122597170373986103761594324159028129113", "price": "0.999", "size": "104993", "side": "BUY", "hash": "5216fea923ff7ebeb489ca04fe10ce144a407bcf", "best_bid": "0.999", "best_ask": "1"}, {"asset_id": "24943194647808695809485867320798993312476069979878404857223518148158000700643", "price": "0.001", "size": "104993", "side": "SELL", "hash": "ad749940c01f8083efc389ad5299d396d66b8df6", "best_bid": "0", "best_ask": "0.001"}], "timestamp": "1769384047891", "event_type": "price_change"}}
{"_local_timestamp": "2026-01-25T23:34:08.646424+00:00", "data": {"market": "0x8ea089b2f427a03bddfe18a56e5700d51e9859b9d996190541fddc0e7cd65eba", "price_changes": [{"asset_id": "54310702913570103428126473201459330940122597170373986103761594324159028129113", "price": "0.999", "size": "100000", "side": "BUY", "hash": "e88105e5178fd413d08d63d3fea96c381015d25b", "best_bid": "0.999", "best_ask": "1"}, {"asset_id": "24943194647808695809485867320798993312476069979878404857223518148158000700643", "price": "0.001", "size": "100000", "side": "SELL", "hash": "bc3d661a52d4064b23fd37078db5461238a7cd6d", "best_bid": "0", "best_ask": "0.001"}], "timestamp": "1769384048564", "event_type": "price_change"}}
{"_local_timestamp": "2026-01-25T23:34:09.304372+00:00", "data": {"market": "0x8ea089b2f427a03bddfe18a56e5700d51e9859b9d996190541fddc0e7cd65eba", "price_changes": [{"asset_id": "54310702913570103428126473201459330940122597170373986103761594324159028129113", "price": "0.999", "size": "90000", "side": "BUY", "hash": "1fa395d183ad44bd96e70d6191b3d4195019cd7c", "best_bid": "0.999", "best_ask": "1"}, {"asset_id": "24943194647808695809485867320798993312476069979878404857223518148158000700643", "price": "0.001", "size": "90000", "side": "SELL", "hash": "d2649630cf39986afe2a322f8489f6d482ee939c", "best_bid": "0", "best_ask": "0.001"}], "timestamp": "1769384049211", "event_type": "price_change"}}
{"_local_timestamp": "2026-01-25T23:34:11.477086+00:00", "data": {"market": "0x8ea089b2f427a03bddfe18a56e5700d51e9859b9d996190541fddc0e7cd65eba", "price_changes": [{"asset_id": "54310702913570103428126473201459330940122597170373986103761594324159028129113", "price": "0.999", "size": "92500", "side": "BUY", "hash": "f3bf14c4eb86f299db90b6888e036e60cba772ed", "best_bid": "0.999", "best_ask": "1"}, {"asset_id": "24943194647808695809485867320798993312476069979878404857223518148158000700643", "price": "0.001", "size": "92500", "side": "SELL", "hash": "f10e39d7b4629dd9e6a0fd74ea8719692672e835", "best_bid": "0", "best_ask": "0.001"}], "timestamp": "1769384051396", "event_type": "price_change"}}
{"_local_timestamp": "2026-01-25T23:34:12.432472+00:00", "data": {"market": "0x8ea089b2f427a03bddfe18a56e5700d51e9859b9d996190541fddc0e7cd65eba", "price_changes": [{"asset_id": "54310702913570103428126473201459330940122597170373986103761594324159028129113", "price": "0.999", "size": "93124", "side": "BUY", "hash": "f4653f6f96a432daff9e6d5ddddb4ed4024c49fb", "best_bid": "0.999", "best_ask": "1"}, {"asset_id": "24943194647808695809485867320798993312476069979878404857223518148158000700643", "price": "0.001", "size": "93124", "side": "SELL", "hash": "ae3344faffed93c4ff67caffccfc76a66b1ad208", "best_bid": "0", "best_ask": "0.001"}], "timestamp": "1769384052360", "event_type": "price_change"}}
{"_local_timestamp": "2026-01-25T23:34:13.606059+00:00", "data": {"market": "0x8ea089b2f427a03bddfe18a56e5700d51e9859b9d996190541fddc0e7cd65eba", "price_changes": [{"asset_id": "54310702913570103428126473201459330940122597170373986103761594324159028129113", "price": "0.999", "size": "93279", "side": "BUY", "hash": "f5762c1eb7d4d90b9e9c4c481072d45f0c54e58f", "best_bid": "0.999", "best_ask": "1"}, {"asset_id": "24943194647808695809485867320798993312476069979878404857223518148158000700643", "price": "0.001", "size": "93279", "side": "SELL", "hash": "a635c03008f1ff2b55597cc39c6a73dc20614997", "best_bid": "0", "best_ask": "0.001"}], "timestamp": "1769384053442", "event_type": "price_change"}}
{"_local_timestamp": "2026-01-25T23:34:25.447105+00:00", "data": {"market": "0x8ea089b2f427a03bddfe18a56e5700d51e9859b9d996190541fddc0e7cd65eba", "price_changes": [{"asset_id": "54310702913570103428126473201459330940122597170373986103761594324159028129113", "price": "0.999", "size": "80000", "side": "BUY", "hash": "22507a25e8237c5540a486ac87279caded63ec6f", "best_bid": "0.999", "best_ask": "1"}, {"asset_id": "24943194647808695809485867320798993312476069979878404857223518148158000700643", "price": "0.001", "size": "80000", "side": "SELL", "hash": "bf95a3596fad41e91003805febf9d78258062fb3", "best_bid": "0", "best_ask": "0.001"}], "timestamp": "1769384065337", "event_type": "price_change"}}
{"_local_timestamp": "2026-01-25T23:34:26.313180+00:00", "data": {"market": "0x8ea089b2f427a03bddfe18a56e5700d51e9859b9d996190541fddc0e7cd65eba", "price_changes": [{"asset_id": "54310702913570103428126473201459330940122597170373986103761594324159028129113", "price": "0.999", "size": "80625", "side": "BUY", "hash": "8868554e3533c992b52eab8ca5276f914277f123", "best_bid": "0.999", "best_ask": "1"}, {"asset_id": "24943194647808695809485867320798993312476069979878404857223518148158000700643", "price": "0.001", "size": "80625", "side": "SELL", "hash": "1b72a71cdca597158ac88fedd867a0b3b80726a1", "best_bid": "0", "best_ask": "0.001"}], "timestamp": "1769384066211", "event_type": "price_change"}}
{"_local_timestamp": "2026-01-25T23:34:26.660090+00:00", "data": {"market": "0x8ea089b2f427a03bddfe18a56e5700d51e9859b9d996190541fddc0e7cd65eba", "price_changes": [{"asset_id": "54310702913570103428126473201459330940122597170373986103761594324159028129113", "price": "0.999", "size": "81249", "side": "BUY", "hash": "503444de6ee0cb2d25b7ca0f10d4921aa8071530", "best_bid": "0.999", "best_ask": "1"}, {"asset_id": "24943194647808695809485867320798993312476069979878404857223518148158000700643", "price": "0.001", "size": "81249", "side": "SELL", "hash": "4fe89de52cbb4668d44ac971c7879d78f667cca8", "best_bid": "0", "best_ask": "0.001"}], "timestamp": "1769384066572", "event_type": "price_change"}}
{"_local_timestamp": "2026-01-25T23:34:27.934735+00:00", "data": {"market": "0x8ea089b2f427a03bddfe18a56e5700d51e9859b9d996190541fddc0e7cd65eba", "price_changes": [{"asset_id": "54310702913570103428126473201459330940122597170373986103761594324159028129113", "price": "0.999", "size": "81404", "side": "BUY", "hash": "afa0301c1921ee0415a049c8070d83b675cc6df4", "best_bid": "0.999", "best_ask": "1"}, {"asset_id": "24943194647808695809485867320798993312476069979878404857223518148158000700643", "price": "0.001", "size": "81404", "side": "SELL", "hash": "176ee6498a9159f51a52edb14b3cf841a3f22dff", "best_bid": "0", "best_ask": "0.001"}], "timestamp": "1769384067734", "event_type": "price_change"}}
{"_local_timestamp": "2026-01-25T23:34:28.293738+00:00", "data": {"market": "0x8ea089b2f427a03bddfe18a56e5700d51e9859b9d996190541fddc0e7cd65eba", "price_changes": [{"asset_id": "54310702913570103428126473201459330940122597170373986103761594324159028129113", "price": "0.999", "size": "81558", "side": "BUY", "hash": "e6a797b5c529d969661faa47c76b20c78bdc73d6", "best_bid": "0.999", "best_ask": "1"}, {"asset_id": "24943194647808695809485867320798993312476069979878404857223518148158000700643", "price": "0.001", "size": "81558", "side": "SELL", "hash": "7f91d16ffaaddb6492acb8e3ead9fa8839660bfc", "best_bid": "0", "best_ask": "0.001"}], "timestamp": "1769384068178", "event_type": "price_change"}}
{"_local_timestamp": "2026-01-25T23:34:29.344713+00:00", "data": {"market": "0x8ea089b2f427a03bddfe18a56e5700d51e9859b9d996190541fddc0e7cd65eba", "price_changes": [{"asset_id": "54310702913570103428126473201459330940122597170373986103761594324159028129113", "price": "0.999", "size": "81711", "side": "BUY", "hash": "fbe063e2a03e0ac9f1d1f0c1fa0c988010f949ab", "best_bid": "0.999", "best_ask": "1"}, {"asset_id": "24943194647808695809485867320798993312476069979878404857223518148158000700643", "price": "0.001", "size": "81711", "side": "SELL", "hash": "2db29dafb4645846fdb04b9e9cd1614a3b4a6792", "best_bid": "0", "best_ask": "0.001"}], "timestamp": "1769384069273", "event_type": "price_change"}}
{"_local_timestamp": "2026-01-25T23:34:29.815348+00:00", "data": {"market": "0x8ea089b2f427a03bddfe18a56e5700d51e9859b9d996190541fddc0e7cd65eba", "price_changes": [{"asset_id": "54310702913570103428126473201459330940122597170373986103761594324159028129113", "price": "0.999", "size": "81863", "side": "BUY", "hash": "608ca6c7a366d6b2a687af99307ecff261552db8", "best_bid": "0.999", "best_ask": "1"}, {"asset_id": "24943194647808695809485867320798993312476069979878404857223518148158000700643", "price": "0.001", "size": "81863", "side": "SELL", "hash": "9a75611798a5bfb30535f568bf63a8351064db2b", "best_bid": "0", "best_ask": "0.001"}], "timestamp": "1769384069660", "event_type": "price_change"}}
{"_local_timestamp": "2026-01-25T23:34:30.395542+00:00", "data": {"market": "0x8ea089b2f427a03bddfe18a56e5700d51e9859b9d996190541fddc0e7cd65eba", "price_changes": [{"asset_id": "54310702913570103428126473201459330940122597170373986103761594324159028129113", "price": "0.999", "size": "82014", "side": "BUY", "hash": "97dc995a99265cef1ebf3c66c04e964f302e6edd", "best_bid": "0.999", "best_ask": "1"}, {"asset_id": "24943194647808695809485867320798993312476069979878404857223518148158000700643", "price": "0.001", "size": "82014", "side": "SELL", "hash": "252141b7e949b526da7f48e720166c232351d468", "best_bid": "0", "best_ask": "0.001"}], "timestamp": "1769384070211", "event_type": "price_change"}}
{"_local_timestamp": "2026-01-25T23:34:30.694313+00:00", "data": {"market": "0x8ea089b2f427a03bddfe18a56e5700d51e9859b9d996190541fddc0e7cd65eba", "price_changes": [{"asset_id": "54310702913570103428126473201459330940122597170373986103761594324159028129113", "price": "0.999", "size": "82051", "side": "BUY", "hash": "36e5b69c0888cddbb0f33b2da2dc062f73f74aa0", "best_bid": "0.999", "best_ask": "1"}, {"asset_id": "24943194647808695809485867320798993312476069979878404857223518148158000700643", "price": "0.001", "size": "82051", "side": "SELL", "hash": "e400524a117536e61fa01dc6e846015637f37fa5", "best_bid": "0", "best_ask": "0.001"}], "timestamp": "1769384070580", "event_type": "price_change"}}
{"_local_timestamp": "2026-01-25T23:34:31.015171+00:00", "data": {"market": "0x8ea089b2f427a03bddfe18a56e5700d51e9859b9d996190541fddc0e7cd65eba", "price_changes": [{"asset_id": "54310702913570103428126473201459330940122597170373986103761594324159028129113", "price": "0.999", "size": "82087", "side": "BUY", "hash": "ef99f377b640eb4507e4452676787b4a10038cb0", "best_bid": "0.999", "best_ask": "1"}, {"asset_id": "24943194647808695809485867320798993312476069979878404857223518148158000700643", "price": "0.001", "size": "82087", "side": "SELL", "hash": "cf73c10b4ee091dc06936951b4e0b31c39818850", "best_bid": "0", "best_ask": "0.001"}], "timestamp": "1769384070928", "event_type": "price_change"}}
{"_local_timestamp": "2026-01-25T23:34:32.266699+00:00", "data": {"market": "0x8ea089b2f427a03bddfe18a56e5700d51e9859b9d996190541fddc0e7cd65eba", "price_changes": [{"asset_id": "54310702913570103428126473201459330940122597170373986103761594324159028129113", "price": "0.999", "size": "82122", "side": "BUY", "hash": "82ca6c9be59be74d702337e91ec8e46c0f6d87df", "best_bid": "0.999", "best_ask": "1"}, {"asset_id": "24943194647808695809485867320798993312476069979878404857223518148158000700643", "price": "0.001", "size": "82122", "side": "SELL", "hash": "879a29f27d6a8e81b9733dc770c32388dee0fcb2", "best_bid": "0", "best_ask": "0.001"}], "timestamp": "1769384072120", "event_type": "price_change"}}
{"_local_timestamp": "2026-01-25T23:34:32.665141+00:00", "data": {"market": "0x8ea089b2f427a03bddfe18a56e5700d51e9859b9d996190541fddc0e7cd65eba", "price_changes": [{"asset_id": "54310702913570103428126473201459330940122597170373986103761594324159028129113", "price": "0.999", "size": "82156", "side": "BUY", "hash": "9b943a25fb2aaf550f599b31f9fb986e59d0fee4", "best_bid": "0.999", "best_ask": "1"}, {"asset_id": "24943194647808695809485867320798993312476069979878404857223518148158000700643", "price": "0.001", "size": "82156", "side": "SELL", "hash": "d28063e2a1b46a33ca555dfb8aa03fb94322d5ec", "best_bid": "0", "best_ask": "0.001"}], "timestamp": "1769384072576", "event_type": "price_change"}}
{"_local_timestamp": "2026-01-25T23:34:33.430838+00:00", "data": {"market": "0x8ea089b2f427a03bddfe18a56e5700d51e9859b9d996190541fddc0e7cd65eba", "price_changes": [{"asset_id": "54310702913570103428126473201459330940122597170373986103761594324159028129113", "price": "0.999", "size": "82189", "side": "BUY", "hash": "40f8a5ca87b678fef1dad545492bf09c780e498d", "best_bid": "0.999", "best_ask": "1"}, {"asset_id": "24943194647808695809485867320798993312476069979878404857223518148158000700643", "price": "0.001", "size": "82189", "side": "SELL", "hash": "3904394caa9942a1c69bc27317b3c566ad724cc9", "best_bid": "0", "best_ask": "0.001"}], "timestamp": "1769384073346", "event_type": "price_change"}}
{"_local_timestamp": "2026-01-25T23:34:36.119259+00:00", "data": {"market": "0x8ea089b2f427a03bddfe18a56e5700d51e9859b9d996190541fddc0e7cd65eba", "price_changes": [{"asset_id": "54310702913570103428126473201459330940122597170373986103761594324159028129113", "price": "0.999", "size": "84689", "side": "BUY", "hash": "59ce83573050214a26323df47063bbba07049cdd", "best_bid": "0.999", "best_ask": "1"}, {"asset_id": "24943194647808695809485867320798993312476069979878404857223518148158000700643", "price": "0.001", "size": "84689", "side": "SELL", "hash": "83d3bda4c67627b7979c4bfd629d24a286fc6c7f", "best_bid": "0", "best_ask": "0.001"}], "timestamp": "1769384076050", "event_type": "price_change"}}
{"_local_timestamp": "2026-01-25T23:34:38.515450+00:00", "data": {"market": "0x8ea089b2f427a03bddfe18a56e5700d51e9859b9d996190541fddc0e7cd65eba", "price_changes": [{"asset_id": "54310702913570103428126473201459330940122597170373986103761594324159028129113", "price": "0.999", "size": "84844", "side": "BUY", "hash": "e604cc716d7cb5da131d9abff617ab6432bbb5ef", "best_bid": "0.999", "best_ask": "1"}, {"asset_id": "24943194647808695809485867320798993312476069979878404857223518148158000700643", "price": "0.001", "size": "84844", "side": "SELL", "hash": "86ec9cfd1eda242cd3e0bf6e27cf59db59756b35", "best_bid": "0", "best_ask": "0.001"}], "timestamp": "1769384078432", "event_type": "price_change"}}
{"_local_timestamp": "2026-01-25T23:34:38.866469+00:00", "data": {"market": "0x8ea089b2f427a03bddfe18a56e5700d51e9859b9d996190541fddc0e7cd65eba", "price_changes": [{"asset_id": "54310702913570103428126473201459330940122597170373986103761594324159028129113", "price": "0.999", "size": "84998", "side": "BUY", "hash": "fd63c44f9174427ede6bcd0caa317af775c3eb1e", "best_bid": "0.999", "best_ask": "1"}, {"asset_id": "24943194647808695809485867320798993312476069979878404857223518148158000700643", "price": "0.001", "size": "84998", "side": "SELL", "hash": "c7df5cea16df3ca0bfccdbd0f4bc2cb9c9facd60", "best_bid": "0", "best_ask": "0.001"}], "timestamp": "1769384078790", "event_type": "price_change"}}
{"_local_timestamp": "2026-01-25T23:34:40.176791+00:00", "data": {"market": "0x8ea089b2f427a03bddfe18a56e5700d51e9859b9d996190541fddc0e7cd65eba", "price_changes": [{"asset_id": "54310702913570103428126473201459330940122597170373986103761594324159028129113", "price": "0.999", "size": "85151", "side": "BUY", "hash": "686cc4759b16b487978fb0c6b4b96511b0d299c7", "best_bid": "0.999", "best_ask": "1"}, {"asset_id": "24943194647808695809485867320798993312476069979878404857223518148158000700643", "price": "0.001", "size": "85151", "side": "SELL", "hash": "4ab8615384843dca8492584bc59579937539fc53", "best_bid": "0", "best_ask": "0.001"}], "timestamp": "1769384080003", "event_type": "price_change"}}
{"_local_timestamp": "2026-01-25T23:34:40.647208+00:00", "data": {"market": "0x8ea089b2f427a03bddfe18a56e5700d51e9859b9d996190541fddc0e7cd65eba", "price_changes": [{"asset_id": "54310702913570103428126473201459330940122597170373986103761594324159028129113", "price": "0.999", "size": "85303", "side": "BUY", "hash": "65e05ddaab349dd4017f306104a4050d570f0f8a", "best_bid": "0.999", "best_ask": "1"}, {"asset_id": "24943194647808695809485867320798993312476069979878404857223518148158000700643", "price": "0.001", "size": "85303", "side": "SELL", "hash": "b5ed6339e0798e900cf738ac6b645ebece9d821e", "best_bid": "0", "best_ask": "0.001"}], "timestamp": "1769384080486", "event_type": "price_change"}}
{"_local_timestamp": "2026-01-25T23:35:07.491889+00:00", "data": {"market": "0x8ea089b2f427a03bddfe18a56e5700d51e9859b9d996190541fddc0e7cd65eba", "price_changes": [{"asset_id": "54310702913570103428126473201459330940122597170373986103761594324159028129113", "price": "0.999", "size": "80000", "side": "BUY", "hash": "5cddc4229a83fd5667050b49e249c325a7442c76", "best_bid": "0.999", "best_ask": "1"}, {"asset_id": "24943194647808695809485867320798993312476069979878404857223518148158000700643", "price": "0.001", "size": "80000", "side": "SELL", "hash": "97211d1899ffa2afd23c77805215f35e3c1a2049", "best_bid": "0", "best_ask": "0.001"}], "timestamp": "1769384107391", "event_type": "price_change"}}
{"_local_timestamp": "2026-01-25T23:35:07.720151+00:00", "data": {"market": "0x8ea089b2f427a03bddfe18a56e5700d51e9859b9d996190541fddc0e7cd65eba", "price_changes": [{"asset_id": "54310702913570103428126473201459330940122597170373986103761594324159028129113", "price": "0.999", "size": "80039", "side": "BUY", "hash": "031550e66a5188eb17e0f22e499b3ab00563204d", "best_bid": "0.999", "best_ask": "1"}, {"asset_id": "24943194647808695809485867320798993312476069979878404857223518148158000700643", "price": "0.001", "size": "80039", "side": "SELL", "hash": "e7a19b5709a17c7cc06763709be92b1783676a22", "best_bid": "0", "best_ask": "0.001"}], "timestamp": "1769384107620", "event_type": "price_change"}}
{"_local_timestamp": "2026-01-25T23:35:08.058005+00:00", "data": {"market": "0x8ea089b2f427a03bddfe18a56e5700d51e9859b9d996190541fddc0e7cd65eba", "price_changes": [{"asset_id": "54310702913570103428126473201459330940122597170373986103761594324159028129113", "price": "0.999", "size": "80077", "side": "BUY", "hash": "8996471d9750dd01c65ca9b1ddb1fdbba00491ab", "best_bid": "0.999", "best_ask": "1"}, {"asset_id": "24943194647808695809485867320798993312476069979878404857223518148158000700643", "price": "0.001", "size": "80077", "side": "SELL", "hash": "e4fbf866e8f44ffe77aa8ce313e8abbd13ab7bb0", "best_bid": "0", "best_ask": "0.001"}], "timestamp": "1769384107965", "event_type": "price_change"}}
{"_local_timestamp": "2026-01-25T23:35:08.429658+00:00", "data": {"market": "0x8ea089b2f427a03bddfe18a56e5700d51e9859b9d996190541fddc0e7cd65eba", "price_changes": [{"asset_id": "54310702913570103428126473201459330940122597170373986103761594324159028129113", "price": "0.999", "size": "80114", "side": "BUY", "hash": "d8823f33bc9390c3f7e3e13aac14bd8397a0cc35", "best_bid": "0.999", "best_ask": "1"}, {"asset_id": "24943194647808695809485867320798993312476069979878404857223518148158000700643", "price": "0.001", "size": "80114", "side": "SELL", "hash": "50820c8d6ab81a77fa7901a7d3c3d01fb3382b68", "best_bid": "0", "best_ask": "0.001"}], "timestamp": "1769384108351", "event_type": "price_change"}}
{"_local_timestamp": "2026-01-25T23:35:08.884509+00:00", "data": {"market": "0x8ea089b2f427a03bddfe18a56e5700d51e9859b9d996190541fddc0e7cd65eba", "price_changes": [{"asset_id": "54310702913570103428126473201459330940122597170373986103761594324159028129113", "price": "0.999", "size": "80150", "side": "BUY", "hash": "cbcc1ab72834322890fb43e53bda3e4173a2753c", "best_bid": "0.999", "best_ask": "1"}, {"asset_id": "24943194647808695809485867320798993312476069979878404857223518148158000700643", "price": "0.001", "size": "80150", "side": "SELL", "hash": "f0f2e281038b61e9cb71b5f08fd1d5955679dd8b", "best_bid": "0", "best_ask": "0.001"}], "timestamp": "1769384108812", "event_type": "price_change"}}
{"_local_timestamp": "2026-01-25T23:35:09.275029+00:00", "data": {"market": "0x8ea089b2f427a03bddfe18a56e5700d51e9859b9d996190541fddc0e7cd65eba", "price_changes": [{"asset_id": "54310702913570103428126473201459330940122597170373986103761594324159028129113", "price": "0.999", "size": "80185", "side": "BUY", "hash": "da1dbed5a022cabde4bb5f83a526644164f0a6b5", "best_bid": "0.999", "best_ask": "1"}, {"asset_id": "24943194647808695809485867320798993312476069979878404857223518148158000700643", "price": "0.001", "size": "80185", "side": "SELL", "hash": "df637d56eb875feb53ab80501deaf38af309e09c", "best_bid": "0", "best_ask": "0.001"}], "timestamp": "1769384109188", "event_type": "price_change"}}
{"_local_timestamp": "2026-01-25T23:35:12.109934+00:00", "data": {"market": "0x8ea089b2f427a03bddfe18a56e5700d51e9859b9d996190541fddc0e7cd65eba", "price_changes": [{"asset_id": "54310702913570103428126473201459330940122597170373986103761594324159028129113", "price": "0.999", "size": "80809", "side": "BUY", "hash": "0a26a7aa2b71b731c0bc75060c53f524cdf9a90e", "best_bid": "0.999", "best_ask": "1"}, {"asset_id": "24943194647808695809485867320798993312476069979878404857223518148158000700643", "price": "0.001", "size": "80809", "side": "SELL", "hash": "e1bc3d644b4a56846d48697c17578606778d0eba", "best_bid": "0", "best_ask": "0.001"}], "timestamp": "1769384112036", "event_type": "price_change"}}
