{"_local_timestamp": "2026-01-25T23:34:00.111995+00:00", "data": [{"market": "0x09aa5f4210ff3e17e65072e73bf084a1d72246ec712b8d33c4efbc958192a435", "asset_id": "112460056466301987895624067988030855175451380171501724318327858610989988015996", "timestamp": "1769384036264", "hash": "0cb8f7f291cabc1152d54948597f66aad3018886", "bids": [{"price": "0.01", "size": "101809.82"}, {"price": "0.02", "size": "2450"}, {"price": "0.03", "size": "8.07"}, {"price": "0.06", "size": "2000"}, {"price": "0.08", "size": "350"}, {"price": "0.09", "size": "7.32"}, {"price": "0.12", "size": "900"}, {"price": "0.14", "size": "50"}, {"price": "0.2", "size": "400"}, {"price": "0.21", "size": "200"}, {"price": "0.27", "size": "200"}, {"price": "0.34", "size": "100"}, {"price": "0.43", "size": "822"}, {"price": "0.5", "size": "100"}, {"price": "0.51", "size": "1500"}, {"price": "0.52", "size": "150"}, {"price": "0.59", "size": "63.83"}, {"price": "0.6", "size": "5"}, {"price": "0.61", "size": "9.99"}, {"price": "0.62", "size": "20.96"}, {"price": "0.63", "size": "217.46"}, {"price": "0.65", "size": "222.79"}, {"price": "0.66", "size": "20"}, {"price": "0.67", "size": "21.35"}, {"price": "0.68", "size": "12"}, {"price": "0.69", "size": "4008"}, {"price": "0.7", "size": "894.64"}, {"price": "0.71", "size": "220"}, {"price": "0.72", "size": "666"}, {"price": "0.73", "size": "17"}], "asks": [{"price": "0.99", "size": "44490"}, {"price": "0.98", "size": "156.66"}, {"price": "0.97", "size": "227"}, {"price": "0.96", "size": "21.66"}, {"price": "0.94", "size": "200"}, {"price": "0.93", "size": "200"}, {"price": "0.83", "size": "822"}, {"price": "0.82", "size": "150"}, {"price": "0.81", "size": "200"}, {"price": "0.8", "size": "265"}, {"price": "0.79", "size": "700"}, {"price": "0.78", "size": "151"}, {"price": "0.77", "size": "20"}, {"price": "0.75", "size": "70"}, {"price": "0.74", "size": "192.98"}], "event_type": "book", "last_trade_price": "0.270"}, {"market": "0x09aa5f4210ff3e17e65072e73bf084a1d72246ec712b8d33c4efbc958192a435", "asset_id": "26587715511882279305915423150785410312515132578982630802567001325158618057442", "timestamp": "1769384036264", "hash": "d321750270c25b46d02c11de60ed757ea423ce89", "bids": [{"price": "0.01", "size": "44490"}, {"price": "0.02", "size": "156.66"}, {"price": "0.03", "size": "227"}, {"price": "0.04", "size": "21.66"}, {"price": "0.06", "size": "200"}, {"price": "0.07", "size": "200"}, {"price": "0.17", "size": "822"}, {"price": "0.18", "size": "150"}, {"price": "0.19", "size": "200"}, {"price": "0.2", "size": "265"}, {"price": "0.21", "size": "700"}, {"price": "0.22", "size": "151"}, {"price": "0.23", "size": "20"}, {"price": "0.25", "size": "70"}, {"price": "0.26", "size": "192.98"}], "asks": [{"price": "0.99", "size": "101809.82"}, {"price": "0.98", "size": "2450"}, {"price": "0.97", "size": "8.07"}, {"price": "0.94", "size": "2000"}, {"price": "0.92", "size": "350"}, {"price": "0.91", "size": "7.32"}, {"price": "0.88", "size": "900"}, {"price": "0.86", "size": "50"}, {"price": "0.8", "size": "400"}, {"price": "0.79", "size": "200"}, {"price": "0.73", "size": "200"}, {"price": "0.66", "size": "100"}, {"price": "0.57", "size": "822"}, {"price": "0.5", "size": "100"}, {"price": "0.49", "size": "1500"}, {"price": "0.48", "size": "150"}, {"price": "0.41", "size": "63.83"}, {"price": "0.4", "size": "5"}, {"price": "0.39", "size": "9.99"}, {"price": "0.38", "size": "20.96"}, {"price": "0.37", "size": "217.46"}, {"price": "0.35", "size": "222.79"}, {"price": "0.34", "size": "20"}, {"price": "0.33", "size": "21.35"}, {"price": "0.32", "size": "12"}, {"price": "0.31", "size": "4008"}, {"price": "0.3", "size": "894.64"}, {"price": "0.29", "size": "220"}, {"price": "0.28", "size": "666"}, {"price": "0.27", "size": "17"}], "event_type": "book", "last_trade_price": "0.270"}]}
{"_local_timestamp": "2026-01-25T23:34:07.075359+00:00", "data": {"market": "0x09aa5f4210ff3e17e65072e73bf084a1d72246ec712b8d33c4efbc958192a435", "price_changes": [{"asset_id": "26587715511882279305915423150785410312515132578982630802567001325158618057442", "price": "0.06", "size": "0", "side": "BUY", "hash": "d626e8c86720611ac8f1a29ed643cb22514e9006", "best_bid": "0.26", "best_ask": "0.27"}, {"asset_id": "112460056466301987895624067988030855175451380171501724318327858610989988015996", "price": "0.94", "size": "0", "side": "SELL", "hash": "9c4323dee8ced1d22d4677cfa00f46c5d9630c4b", "best_bid": "0.73", "best_ask": "0.74"}], "timestamp": "1769384046827", "event_type": "price_change"}}
{"_local_timestamp": "2026-01-25T23:34:07.111346+00:00", "data": {"market": "0x09aa5f4210ff3e17e65072e73bf084a1d72246ec712b8d33c4efbc958192a435", "price_changes": [{"asset_id": "26587715511882279305915423150785410312515132578982630802567001325158618057442", "price": "0.04", "size": "221.66", "side": "BUY", "hash": "28c682fdba10d7216d794567dce133367d40d601", "best_bid": "0.26", "best_ask": "0.27"}, {"asset_id": "112460056466301987895624067988030855175451380171501724318327858610989988015996", "price": "0.96", "size": "221.66", "side": "SELL", "hash": "fdcc8055bba5fa7f1f90764ea11d9a6d6f238b0a", "best_bid": "0.73", "best_ask": "0.74"}], "timestamp": "1769384046871", "event_type": "price_change"}}
{"_local_timestamp": "2026-01-25T23:34:07.127596+00:00", "data": {"market": "0x09aa5f4210ff3e17e65072e73bf084a1d72246ec712b8d33c4efbc958192a435", "price_changes": [{"asset_id": "26587715511882279305915423150785410312515132578982630802567001325158618057442", "price": "0.07", "size": "0", "side": "BUY", "hash": "18d351276db4ae5cb46d68a7a8251b06bde54188", "best_bid": "0.26", "best_ask": "0.27"}, {"asset_id": "112460056466301987895624067988030855175451380171501724318327858610989988015996", "price": "0.93", "size": "0", "side": "SELL", "hash": "235ea86945144d1de4c0984d4fc6f00f99df11e4", "best_bid": "0.73", "best_ask": "0.74"}], "timestamp": "1769384046878", "event_type": "price_change"}}
{"_local_timestamp": "2026-01-25T23:34:07.286677+00:00", "data": {"market": "0x09aa5f4210ff3e17e65072e73bf084a1d72246ec712b8d33c4efbc958192a435", "price_changes": [{"asset_id": "26587715511882279305915423150785410312515132578982630802567001325158618057442", "price": "0.07", "size": "200", "side": "BUY", "hash": "172952545ca43400fa488cdebdfdd472985ccc91", "best_bid": "0.26", "best_ask": "0.27"}, {"asset_id": "112460056466301987895624067988030855175451380171501724318327858610989988015996", "price": "0.93", "size": "200", "side": "SELL", "hash": "593f5632c71decf4b8f08b0cf25bee95d613df36", "best_bid": "0.73", "best_ask": "0.74"}], "timestamp": "1769384047053", "event_type": "price_change"}}
{"_local_timestamp": "2026-01-25T23:34:09.103688+00:00", "data": {"market": "0x09aa5f4210ff3e17e65072e73bf084a1d72246ec712b8d33c4efbc958192a435", "price_changes": [{"asset_id": "26587715511882279305915423150785410312515132578982630802567001325158618057442", "price": "0.08", "size": "200", "side": "BUY", "hash": "54d6579d9a2e713305bee809f79654209c1e7a5b", "best_bid": "0.26", "best_ask": "0.27"}, {"asset_id": "112460056466301987895624067988030855175451380171501724318327858610989988015996", "price": "0.92", "size": "200", "side": "SELL", "hash": "0f4e3b6315db3ec73ac41ebe7ad85827aebbb669", "best_bid": "0.73", "best_ask": "0.74"}], "timestamp": "1769384048864", "event_type": "price_change"}}
{"_local_timestamp": "2026-01-25T23:34:09.104158+00:00", "data": {"market": "0x09aa5f4210ff3e17e65072e73bf084a1d72246ec712b8d33c4efbc958192a435", "price_changes": [{"asset_id": "26587715511882279305915423150785410312515132578982630802567001325158618057442", "price": "0.04", "size": "21.66", "side": "BUY", "hash": "8294040cf7fd09ef7f98f4bca9a90eac45047845", "best_bid": "0.26", "best_ask": "0.27"}, {"asset_id": "112460056466301987895624067988030855175451380171501724318327858610989988015996", "price": "0.96", "size": "21.66", "side": "SELL", "hash": "58927d9721b6fd31a9a344767a2d965c94985bc8", "best_bid": "0.73", "best_ask": "0.74"}], "timestamp": "1769384048865", "event_type": "price_change"}}
{"_local_timestamp": "2026-01-25T23:34:19.364065+00:00", "data": {"market": "0x09aa5f4210ff3e17e65072e73bf084a1d72246ec712b8d33c4efbc958192a435", "price_changes": [{"asset_id": "26587715511882279305915423150785410312515132578982630802567001325158618057442", "price": "0.07", "size": "0", "side": "BUY", "hash": "dcdf9e40f909af148b62e961a100471ea51ba216", "best_bid": "0.26", "best_ask": "0.27"}, {"asset_id": "112460056466301987895624067988030855175451380171501724318327858610989988015996", "price": "0.93", "size": "0", "side": "SELL", "hash": "81ef6b1e18221e0eb91e0651b40e3d1bc3c4a66c", "best_bid": "0.73", "best_ask": "0.74"}], "timestamp": "1769384059134", "event_type": "price_change"}}
{"_local_timestamp": "2026-01-25T23:34:19.395173+00:00", "data": {"market": "0x09aa5f4210ff3e17e65072e73bf084a1d72246ec712b8d33c4efbc958192a435", "price_changes": [{"asset_id": "26587715511882279305915423150785410312515132578982630802567001325158618057442", "price": "0.08", "size": "0", "side": "BUY", "hash": "46a2a71e616bd553baa172ce3578d777af5d4118", "best_bid": "0.26", "best_ask": "0.27"}, {"asset_id": "112460056466301987895624067988030855175451380171501724318327858610989988015996", "price": "0.92", "size": "0", "side": "SELL", "hash": "5cd6feb97638ee58f898fbf15b52f0b0252bb877", "best_bid": "0.73", "best_ask": "0.74"}], "timestamp": "1769384059172", "event_type": "price_change"}}
{"_local_timestamp": "2026-01-25T23:34:19.409917+00:00", "data": {"market": "0x09aa5f4210ff3e17e65072e73bf084a1d72246ec712b8d33c4efbc958192a435", "price_changes": [{"asset_id": "26587715511882279305915423150785410312515132578982630802567001325158618057442", "price": "0.04", "size": "221.66", "side": "BUY", "hash": "3e7579af23b57c6c6fc51d09543e5457e2a904fe", "best_bid": "0.26", "best_ask": "0.27"}, {"asset_id": "112460056466301987895624067988030855175451380171501724318327858610989988015996", "price": "0.96", "size": "221.66", "side": "SELL", "hash": "87881258d55e0e872283f60e801418daacc6ac5b", "best_bid": "0.73", "best_ask": "0.74"}], "timestamp": "1769384059179", "event_type": "price_change"}}
{"_local_timestamp": "2026-01-25T23:34:21.394680+00:00", "data": {"market": "0x09aa5f4210ff3e17e65072e73bf084a1d72246ec712b8d33c4efbc958192a435", "price_changes": [{"asset_id": "26587715511882279305915423150785410312515132578982630802567001325158618057442", "price": "0.05", "size": "200", "side": "BUY", "hash": "c305c29510a57f86938a1fbee36ba961369c27b3", "best_bid": "0.26", "best_ask": "0.27"}, {"asset_id": "112460056466301987895624067988030855175451380171501724318327858610989988015996", "price": "0.95", "size": "200", "side": "SELL", "hash": "2c86b07eb2f1236538b94e2305fa939032b6248c", "best_bid": "0.73", "best_ask": "0.74"}], "timestamp": "1769384061174", "event_type": "price_change"}}
{"_local_timestamp": "2026-01-25T23:34:23.395287+00:00", "data": {"market": "0x09aa5f4210ff3e17e65072e73bf084a1d72246ec712b8d33c4efbc958192a435", "price_changes": [{"asset_id": "26587715511882279305915423150785410312515132578982630802567001325158618057442", "price": "0.05", "size": "0", "side": "BUY", "hash": "e105023c45276f3dc9d7883d45ae46f0ff2021ba", "best_bid": "0.26", "best_ask": "0.27"}, {"asset_id": "112460056466301987895624067988030855175451380171501724318327858610989988015996", "price": "0.95", "size": "0", "side": "SELL", "hash": "934e8bb72be8eb3dcc1a50cd57b61af075a4dfdf", "best_bid": "0.73", "best_ask": "0.74"}], "timestamp": "1769384063175", "event_type": "price_change"}}
{"_local_timestamp": "2026-01-25T23:34:31.336304+00:00", "data": {"market": "0x09aa5f4210ff3e17e65072e73bf084a1d72246ec712b8d33c4efbc958192a435", "price_changes": [{"asset_id": "26587715511882279305915423150785410312515132578982630802567001325158618057442", "price": "0.04", "size": "521.66", "side": "BUY", "hash": "7e9a92a3d6c6aee6d29e352d47885f0a85a948e8", "best_bid": "0.26", "best_ask": "0.27"}, {"asset_id": "112460056466301987895624067988030855175451380171501724318327858610989988015996", "price": "0.96", "size": "521.66", "side": "SELL", "hash": "40ccf2057a5e9fbc188467e62d78d519259ec98c", "best_bid": "0.73", "best_ask": "0.74"}], "timestamp": "1769384071097", "event_type": "price_change"}}
{"_local_timestamp": "2026-01-25T23:34:31.360049+00:00", "data": {"market": "0x09aa5f4210ff3e17e65072e73bf084a1d72246ec712b8d33c4efbc958192a435", "price_changes": [{"asset_id": "26587715511882279305915423150785410312515132578982630802567001325158618057442", "price": "0.22", "size": "50", "side": "BUY", "hash": "fb3e3ba6e1a71272bb7a39725f29aef00580a95a", "best_bid": "0.26", "best_ask": "0.27"}, {"asset_id": "112460056466301987895624067988030855175451380171501724318327858610989988015996", "price": "0.78", "size": "50", "side": "SELL", "hash": "15144d2414e221c2be594c59d99d038b144e7544", "best_bid": "0.73", "best_ask": "0.74"}], "timestamp": "1769384071123", "event_type": "price_change"}}
{"_local_timestamp": "2026-01-25T23:34:31.367256+00:00", "data": {"market": "0x09aa5f4210ff3e17e65072e73bf084a1d72246ec712b8d33c4efbc958192a435", "price_changes": [{"asset_id": "26587715511882279305915423150785410312515132578982630802567001325158618057442", "price": "0.04", "size": "321.66", "side": "BUY", "hash": "005ae2c8ada0e11e3944ca35cb724a2a5216dfba", "best_bid": "0.26", "best_ask": "0.27"}, {"asset_id": "112460056466301987895624067988030855175451380171501724318327858610989988015996", "price": "0.96", "size": "321.66", "side": "SELL", "hash": "9f265d2da4b14ec6f89d56e476275d3fdf476cc2", "best_bid": "0.73", "best_ask": "0.74"}], "timestamp": "1769384071134", "event_type": "price_change"}}
{"_local_timestamp": "2026-01-25T23:34:31.369469+00:00", "data": {"market": "0x09aa5f4210ff3e17e65072e73bf084a1d72246ec712b8d33c4efbc958192a435", "price_changes": [{"asset_id": "26587715511882279305915423150785410312515132578982630802567001325158618057442", "price": "0.05", "size": "200", "side": "BUY", "hash": "1a738e9c806712a466df67ca8b2eb6e3a4bed53d", "best_bid": "0.26", "best_ask": "0.27"}, {"asset_id": "112460056466301987895624067988030855175451380171501724318327858610989988015996", "price": "0.95", "size": "200", "side": "SELL", "hash": "a6ee3a8fa0a6d0b131c1b496a4ad4bc8966de09e", "best_bid": "0.73", "best_ask": "0.74"}], "timestamp": "1769384071135", "event_type": "price_change"}}
{"_local_timestamp": "2026-01-25T23:34:31.381582+00:00", "data": {"market": "0x09aa5f4210ff3e17e65072e73bf084a1d72246ec712b8d33c4efbc958192a435", "price_changes": [{"asset_id": "26587715511882279305915423150785410312515132578982630802567001325158618057442", "price": "0.22", "size": "220", "side": "BUY", "hash": "9d28d63808694e90baad9c64cb58729ccb7cd7c8", "best_bid": "0.26", "best_ask": "0.27"}, {"asset_id": "112460056466301987895624067988030855175451380171501724318327858610989988015996", "price": "0.78", "size": "220", "side": "SELL", "hash": "291757b11dab004562f961e2a65fd9a64986352f", "best_bid": "0.73", "best_ask": "0.74"}], "timestamp": "1769384071149", "event_type": "price_change"}}
{"_local_timestamp": "2026-01-25T23:34:33.195636+00:00", "data": {"market": "0x09aa5f4210ff3e17e65072e73bf084a1d72246ec712b8d33c4efbc958192a435", "price_changes": [{"asset_id": "26587715511882279305915423150785410312515132578982630802567001325158618057442", "price": "0.02", "size": "2155.77", "side": "BUY", "hash": "0c3d641151d73c8a67cc6065c0eea3d2f4ae1d19", "best_bid": "0.26", "best_ask": "0.27"}, {"asset_id": "112460056466301987895624067988030855175451380171501724318327858610989988015996", "price": "0.98", "size": "2155.77", "side": "SELL", "hash": "d22767870e870cd67315ecc04896f2a6b6a7bc57", "best_bid": "0.73", "best_ask": "0.74"}], "timestamp": "1769384072940", "event_type": "price_change"}}
{"_local_timestamp": "2026-01-25T23:34:33.196072+00:00", "data": {"market": "0x09aa5f4210ff3e17e65072e73bf084a1d72246ec712b8d33c4efbc958192a435", "price_changes": [{"asset_id": "26587715511882279305915423150785410312515132578982630802567001325158618057442", "price": "0.01", "size": "46489.11", "side": "BUY", "hash": "fd89a08f0c839c2144947891687ae6c60dc70bc3", "best_bid": "0.26", "best_ask": "0.27"}, {"asset_id": "112460056466301987895624067988030855175451380171501724318327858610989988015996", "price": "0.99", "size": "46489.11", "side": "SELL", "hash": "48507c31cfe88d75eea0e0bf24951f63c0be8171", "best_bid": "0.73", "best_ask": "0.74"}], "timestamp": "1769384072943", "event_type": "price_change"}}
{"_local_timestamp": "2026-01-25T23:34:33.196535+00:00", "data": {"market": "0x09aa5f4210ff3e17e65072e73bf084a1d72246ec712b8d33c4efbc958192a435", "price_changes": [{"asset_id": "26587715511882279305915423150785410312515132578982630802567001325158618057442", "price": "0.02", "size": "5154.88", "side": "BUY", "hash": "fcb9940babac828f44cfa35c99832ed638481862", "best_bid": "0.26", "best_ask": "0.27"}, {"asset_id": "112460056466301987895624067988030855175451380171501724318327858610989988015996", "price": "0.98", "size": "5154.88", "side": "SELL", "hash": "797e940df8f1a6b440a39268bfe3c111324657c0", "best_bid": "0.73", "best_ask": "0.74"}], "timestamp": "1769384072945", "event_type": "price_change"}}
{"_local_timestamp": "2026-01-25T23:34:33.196952+00:00", "data": {"market": "0x09aa5f4210ff3e17e65072e73bf084a1d72246ec712b8d33c4efbc958192a435", "price_changes": [{"asset_id": "112460056466301987895624067988030855175451380171501724318327858610989988015996", "price": "0.02", "size": "5449.11", "side": "BUY", "hash": "e7ae55f835e36028598f8aa18c1ec94e58eafa4a", "best_bid": "0.73", "best_ask": "0.74"}, {"asset_id": "26587715511882279305915423150785410312515132578982630802567001325158618057442", "price": "0.98", "size": "5449.11", "side": "SELL", "hash": "a3ad8ca6dec3742914875ecd3e2b94ff790ac471", "best_bid": "0.26", "best_ask": "0.27"}], "timestamp": "1769384072947", "event_type": "price_change"}}
{"_local_timestamp": "2026-01-25T23:34:33.197297+00:00", "data": {"market": "0x09aa5f4210ff3e17e65072e73bf084a1d72246ec712b8d33c4efbc958192a435", "price_changes": [{"asset_id": "112460056466301987895624067988030855175451380171501724318327858610989988015996", "price": "0.02", "size": "8448.22", "side": "BUY", "hash": "77abff0924888764808e188b91fad9227f103dfa", "best_bid": "0.73", "best_ask": "0.74"}, {"asset_id": "26587715511882279305915423150785410312515132578982630802567001325158618057442", "price": "0.98", "size": "8448.22", "side": "SELL", "hash": "6b060a44b6d1fa8d1dfa20a8e1e7e73c96beba55", "best_bid": "0.26", "best_ask": "0.27"}], "timestamp": "1769384072949", "event_type": "price_change"}}
{"_local_timestamp": "2026-01-25T23:34:33.537230+00:00", "data": {"market": "0x09aa5f4210ff3e17e65072e73bf084a1d72246ec712b8d33c4efbc958192a435", "price_changes": [{"asset_id": "112460056466301987895624067988030855175451380171501724318327858610989988015996", "price": "0.07", "size": "1999.11", "side": "BUY", "hash": "f567c317290cfd72143df63fa0a77baae593ebf5", "best_bid": "0.73", "best_ask": "0.74"}, {"asset_id": "26587715511882279305915423150785410312515132578982630802567001325158618057442", "price": "0.93", "size": "1999.11", "side": "SELL", "hash": "06649ff8bdbe973c4ffa05be0ed48d671295f92a", "best_bid": "0.26", "best_ask": "0.27"}], "timestamp": "1769384072951", "event_type": "price_change"}}
{"_local_timestamp": "2026-01-25T23:34:33.768605+00:00", "data": {"market": "0x09aa5f4210ff3e17e65072e73bf084a1d72246ec712b8d33c4efbc958192a435", "price_changes": [{"asset_id": "112460056466301987895624067988030855175451380171501724318327858610989988015996", "price": "0.02", "size": "10447.33", "side": "BUY", "hash": "93672e870230594d1b1087271445f78bb985d670", "best_bid": "0.73", "best_ask": "0.74"}, {"asset_id": "26587715511882279305915423150785410312515132578982630802567001325158618057442", "price": "0.98", "size": "10447.33", "side": "SELL", "hash": "f1e50375af2d8bb4df1aadff9cca4282244edb43", "best_bid": "0.26", "best_ask": "0.27"}], "timestamp": "1769384072953", "event_type": "price_change"}}
{"_local_timestamp": "2026-01-25T23:34:33.769052+00:00", "data": {"market": "0x09aa5f4210ff3e17e65072e73bf084a1d72246ec712b8d33c4efbc958192a435", "price_changes": [{"asset_id": "112460056466301987895624067988030855175451380171501724318327858610989988015996", "price": "0.02", "size": "13446.44", "side": "BUY", "hash": "e4ca8cd7bb2f3b1a6505d376045d224d026a3c5d", "best_bid": "0.73", "best_ask": "0.74"}, {"asset_id": "26587715511882279305915423150785410312515132578982630802567001325158618057442", "price": "0.98", "size": "13446.44", "side": "SELL", "hash": "4c6fad82de56fbcd6e4dbc77bc5a67b234034be5", "best_bid": "0.26", "best_ask": "0.27"}], "timestamp": "1769384072955", "event_type": "price_change"}}
{"_local_timestamp": "2026-01-25T23:34:33.774641+00:00", "data": {"market": "0x09aa5f4210ff3e17e65072e73bf084a1d72246ec712b8d33c4efbc958192a435", "price_changes": [{"asset_id": "26587715511882279305915423150785410312515132578982630802567001325158618057442", "price": "0.02", "size": "8153.99", "side": "BUY", "hash": "38289b0c7bb85ee23d452fb08636ae2ee772dbc4", "best_bid": "0.26", "best_ask": "0.27"}, {"asset_id": "112460056466301987895624067988030855175451380171501724318327858610989988015996", "price": "0.98", "size": "8153.99", "side": "SELL", "hash": "d84c900c05dadada017988e77731f43402a253a3", "best_bid": "0.73", "best_ask": "0.74"}], "timestamp": "1769384072957", "event_type": "price_change"}}
{"_local_timestamp": "2026-01-25T23:34:33.777810+00:00", "data": {"market": "0x09aa5f4210ff3e17e65072e73bf084a1d72246ec712b8d33c4efbc958192a435", "price_changes": [{"asset_id": "26587715511882279305915423150785410312515132578982630802567001325158618057442", "price": "0.02", "size": "11153.1", "side": "BUY", "hash": "f9e6a2572d74b0da53757e5f9d9ab7747b8d40c7", "best_bid": "0.26", "best_ask": "0.27"}, {"asset_id": "112460056466301987895624067988030855175451380171501724318327858610989988015996", "price": "0.98", "size": "11153.1", "side": "SELL", "hash": "6fda86b425249e1777acc0e619597acd33c9dfe7", "best_bid": "0.73", "best_ask": "0.74"}], "timestamp": "1769384072959", "event_type": "price_change"}}
{"_local_timestamp": "2026-01-25T23:34:33.778185+00:00", "data": {"market": "0x09aa5f4210ff3e17e65072e73bf084a1d72246ec712b8d33c4efbc958192a435", "price_changes": [{"asset_id": "112460056466301987895624067988030855175451380171501724318327858610989988015996", "price": "0.06", "size": "3999.11", "side": "BUY", "hash": "e9c1c90c174f695154cd8be21cc765d908d4507f", "best_bid": "0.73", "best_ask": "0.74"}, {"asset_id": "26587715511882279305915423150785410312515132578982630802567001325158618057442", "price": "0.94", "size": "3999.11", "side": "SELL", "hash": "d1ec7c1920b4f51b698a67c403d6840a95a7218c", "best_bid": "0.26", "best_ask": "0.27"}], "timestamp": "1769384072961", "event_type": "price_change"}}
{"_local_timestamp": "2026-01-25T23:34:33.778511+00:00", "data": {"market": "0x09aa5f4210ff3e17e65072e73bf084a1d72246ec712b8d33c4efbc958192a435", "price_changes": [{"asset_id": "26587715511882279305915423150785410312515132578982630802567001325158618057442", "price": "0.02", "size": "13152.21", "side": "BUY", "hash": "d5da0dc12a8003227e78a4c4920a084558557236", "best_bid": "0.26", "best_ask": "0.27"}, {"asset_id": "112460056466301987895624067988030855175451380171501724318327858610989988015996", "price": "0.98", "size": "13152.21", "side": "SELL", "hash": "75e24ae75e5bd4bfc754b50ad226c6966df96b30", "best_bid": "0.73", "best_ask": "0.74"}], "timestamp": "1769384072962", "event_type": "price_change"}}
{"_local_timestamp": "2026-01-25T23:34:33.778842+00:00", "data": {"market": "0x09aa5f4210ff3e17e65072e73bf084a1d72246ec712b8d33c4efbc958192a435", "price_changes": [{"asset_id": "26587715511882279305915423150785410312515132578982630802567001325158618057442", "price": "0.22", "size": "50", "side": "BUY", "hash": "8263da206975bf1ad3850bb5c5be6fe58783036b", "best_bid": "0.26", "best_ask": "0.27"}, {"asset_id": "112460056466301987895624067988030855175451380171501724318327858610989988015996", "price": "0.78", "size": "50", "side": "SELL", "hash": "d32a5ecddf2a7f2329e4785d0768d3b0f7075e93", "best_bid": "0.73", "best_ask": "0.74"}], "timestamp": "1769384072970", "event_type": "price_change"}}
{"_local_timestamp": "2026-01-25T23:34:33.779166+00:00", "data": {"market": "0x09aa5f4210ff3e17e65072e73bf084a1d72246ec712b8d33c4efbc958192a435", "price_changes": [{"asset_id": "26587715511882279305915423150785410312515132578982630802567001325158618057442", "price": "0.22", "size": "370", "side": "BUY", "hash": "f7e17a0afeddf0d238ecc5bfd91dc84312536e84", "best_bid": "0.26", "best_ask": "0.27"}, {"asset_id": "112460056466301987895624067988030855175451380171501724318327858610989988015996", "price": "0.78", "size": "370", "side": "SELL", "hash": "4cb867897c182348c5c5a52f0f206226c867a558", "best_bid": "0.73", "best_ask": "0.74"}], "timestamp": "1769384072996", "event_type": "price_change"}}
{"_local_timestamp": "2026-01-25T23:34:33.779549+00:00", "data": {"market": "0x09aa5f4210ff3e17e65072e73bf084a1d72246ec712b8d33c4efbc958192a435", "price_changes": [{"asset_id": "112460056466301987895624067988030855175451380171501724318327858610989988015996", "price": "0.72", "size": "466", "side": "BUY", "hash": "811ff50ae8e47299b83900f207ba0e1ceece696e", "best_bid": "0.73", "best_ask": "0.74"}, {"asset_id": "26587715511882279305915423150785410312515132578982630802567001325158618057442", "price": "0.28", "size": "466", "side": "SELL", "hash": "ebef529b756d8989b28c0857bc24d71cf8578173", "best_bid": "0.26", "best_ask": "0.27"}], "timestamp": "1769384073126", "event_type": "price_change"}}
{"_local_timestamp": "2026-01-25T23:34:33.779859+00:00", "data": {"market": "0x09aa5f4210ff3e17e65072e73bf084a1d72246ec712b8d33c4efbc958192a435", "price_changes": [{"asset_id": "26587715511882279305915423150785410312515132578982630802567001325158618057442", "price": "0.19", "size": "0", "side": "BUY", "hash": "f6b38c17614331514f830ffb4ac33fd7dab6f65e", "best_bid": "0.26", "best_ask": "0.27"}, {"asset_id": "112460056466301987895624067988030855175451380171501724318327858610989988015996", "price": "0.81", "size": "0", "side": "SELL", "hash": "cddc6b7a6d17216b7f5ccc1206c9f95bca30094f", "best_bid": "0.73", "best_ask": "0.74"}], "timestamp": "1769384073126", "event_type": "price_change"}}
{"_local_timestamp": "2026-01-25T23:34:33.782226+00:00", "data": {"market": "0x09aa5f4210ff3e17e65072e73bf084a1d72246ec712b8d33c4efbc958192a435", "price_changes": [{"asset_id": "26587715511882279305915423150785410312515132578982630802567001325158618057442", "price": "0.19", "size": "200", "side": "BUY", "hash": "999501837e3f11787c1f3038c8980f05f4141488", "best_bid": "0.26", "best_ask": "0.27"}, {"asset_id": "112460056466301987895624067988030855175451380171501724318327858610989988015996", "price": "0.81", "size": "200", "side": "SELL", "hash": "6ad4fb10110cc8e591898c6675795744488528ca", "best_bid": "0.73", "best_ask": "0.74"}], "timestamp": "1769384073413", "event_type": "price_change"}}
{"_local_timestamp": "2026-01-25T23:34:33.782586+00:00", "data": {"market": "0x09aa5f4210ff3e17e65072e73bf084a1d72246ec712b8d33c4efbc958192a435", "price_changes": [{"asset_id": "112460056466301987895624067988030855175451380171501724318327858610989988015996", "price": "0.72", "size": "666", "side": "BUY", "hash": "852748b8b429b79a6b29aec2dd6946c20b5fa927", "best_bid": "0.73", "best_ask": "0.74"}, {"asset_id": "26587715511882279305915423150785410312515132578982630802567001325158618057442", "price": "0.28", "size": "666", "side": "SELL", "hash": "f468b42c093d5a2fad89898b3f8b47a9aafb1d58", "best_bid": "0.26", "best_ask": "0.27"}], "timestamp": "1769384073414", "event_type": "price_change"}}
{"_local_timestamp": "2026-01-25T23:34:42.913458+00:00", "data": {"market": "0x09aa5f4210ff3e17e65072e73bf084a1d72246ec712b8d33c4efbc958192a435", "price_changes": [{"asset_id": "26587715511882279305915423150785410312515132578982630802567001325158618057442", "price": "0.04", "size": "21.66", "side": "BUY", "hash": "6d301dafe65a1f882c1edafc28f0d09f50a07225", "best_bid": "0.26", "best_ask": "0.27"}, {"asset_id": "112460056466301987895624067988030855175451380171501724318327858610989988015996", "price": "0.96", "size": "21.66", "side": "SELL", "hash": "90362f549f9948a2557d152764135399084e3336", "best_bid": "0.73", "best_ask": "0.74"}], "timestamp": "1769384082842", "event_type": "price_change"}}
{"_local_timestamp": "2026-01-25T23:34:42.953118+00:00", "data": {"market": "0x09aa5f4210ff3e17e65072e73bf084a1d72246ec712b8d33c4efbc958192a435", "price_changes": [{"asset_id": "26587715511882279305915423150785410312515132578982630802567001325158618057442", "price": "0.04", "size": "221.66", "side": "BUY", "hash": "4d7874b40a4d0de7d43c7c61fd97304261ec7c50", "best_bid": "0.26", "best_ask": "0.27"}, {"asset_id": "112460056466301987895624067988030855175451380171501724318327858610989988015996", "price": "0.96", "size": "221.66", "side": "SELL", "hash": "be13e528d0bf9ce9ce9ca875debf8adb143e9bc9", "best_bid": "0.73", "best_ask": "0.74"}], "timestamp": "1769384082879", "event_type": "price_change"}}
{"_local_timestamp": "2026-01-25T23:34:42.953531+00:00", "data": {"market": "0x09aa5f4210ff3e17e65072e73bf084a1d72246ec712b8d33c4efbc958192a435", "price_changes": [{"asset_id": "26587715511882279305915423150785410312515132578982630802567001325158618057442", "price": "0.05", "size": "0", "side": "BUY", "hash": "87adcf9b849e579c90e98e617bdacb664aa7c31f", "best_bid": "0.26", "best_ask": "0.27"}, {"asset_id": "112460056466301987895624067988030855175451380171501724318327858610989988015996", "price": "0.95", "size": "0", "side": "SELL", "hash": "b57519b4747827adbe2b50c3df2c6801c03616a3", "best_bid": "0.73", "best_ask": "0.74"}], "timestamp": "1769384082879", "event_type": "price_change"}}
{"_local_timestamp": "2026-01-25T23:34:42.969357+00:00", "data": {"market": "0x09aa5f4210ff3e17e65072e73bf084a1d72246ec712b8d33c4efbc958192a435", "price_changes": [{"asset_id": "112460056466301987895624067988030855175451380171501724318327858610989988015996", "price": "0.07", "size": "0", "side": "BUY", "hash": "9f196d1f7791b9595a114686d8c442982f534a59", "best_bid": "0.73", "best_ask": "0.74"}, {"asset_id": "26587715511882279305915423150785410312515132578982630802567001325158618057442", "price": "0.93", "size": "0", "side": "SELL", "hash": "539d58d88ad8ec78cd0142ac55f9656edddd24ee", "best_bid": "0.26", "best_ask": "0.27"}], "timestamp": "1769384082899", "event_type": "price_change"}}
{"_local_timestamp": "2026-01-25T23:34:42.969735+00:00", "data": {"market": "0x09aa5f4210ff3e17e65072e73bf084a1d72246ec712b8d33c4efbc958192a435", "price_changes": [{"asset_id": "112460056466301987895624067988030855175451380171501724318327858610989988015996", "price": "0.06", "size": "2000", "side": "BUY", "hash": "9f196d1f7791b9595a114686d8c442982f534a59", "best_bid": "0.73", "best_ask": "0.74"}, {"asset_id": "26587715511882279305915423150785410312515132578982630802567001325158618057442", "price": "0.94", "size": "2000", "side": "SELL", "hash": "539d58d88ad8ec78cd0142ac55f9656edddd24ee", "best_bid": "0.26", "best_ask": "0.27"}], "timestamp": "1769384082899", "event_type": "price_change"}}
{"_local_timestamp": "2026-01-25T23:34:43.043697+00:00", "data": {"market": "0x09aa5f4210ff3e17e65072e73bf084a1d72246ec712b8d33c4efbc958192a435", "price_changes": [{"asset_id": "112460056466301987895624067988030855175451380171501724318327858610989988015996", "price": "0.07", "size": "2999.11", "side": "BUY", "hash": "ab8b8ee4fcdc0b1211484be2cf70e44a300e73b0", "best_bid": "0.73", "best_ask": "0.74"}, {"asset_id": "26587715511882279305915423150785410312515132578982630802567001325158618057442", "price": "0.93", "size": "2999.11", "side": "SELL", "hash": "1031d8ce288fe5b43259b7c965ad98b474e4acba", "best_bid": "0.26", "best_ask": "0.27"}], "timestamp": "1769384082971", "event_type": "price_change"}}
{"_local_timestamp": "2026-01-25T23:34:43.044113+00:00", "data": {"market": "0x09aa5f4210ff3e17e65072e73bf084a1d72246ec712b8d33c4efbc958192a435", "price_changes": [{"asset_id": "112460056466301987895624067988030855175451380171501724318327858610989988015996", "price": "0.07", "size": "4998.22", "side": "BUY", "hash": "2822b57933674c791a04a3c82d33a3aea635e714", "best_bid": "0.73", "best_ask": "0.74"}, {"asset_id": "26587715511882279305915423150785410312515132578982630802567001325158618057442", "price": "0.93", "size": "4998.22", "side": "SELL", "hash": "2a7ac3170a2623785016b6c2866b8296a7d9a434", "best_bid": "0.26", "best_ask": "0.27"}], "timestamp": "1769384082972", "event_type": "price_change"}}
{"_local_timestamp": "2026-01-25T23:34:43.044462+00:00", "data": {"market": "0x09aa5f4210ff3e17e65072e73bf084a1d72246ec712b8d33c4efbc958192a435", "price_changes": [{"asset_id": "112460056466301987895624067988030855175451380171501724318327858610989988015996", "price": "0.07", "size": "7997.33", "side": "BUY", "hash": "1e76c0ac5088ed15f0fa272fdb34b793397d7e1c", "best_bid": "0.73", "best_ask": "0.74"}, {"asset_id": "26587715511882279305915423150785410312515132578982630802567001325158618057442", "price": "0.93", "size": "7997.33", "side": "SELL", "hash": "8ac03c34f89f54e957d76ee575ccdb7f56ae4a35", "best_bid": "0.26", "best_ask": "0.27"}], "timestamp": "1769384082973", "event_type": "price_change"}}
{"_local_timestamp": "2026-01-25T23:34:43.045935+00:00", "data": {"market": "0x09aa5f4210ff3e17e65072e73bf084a1d72246ec712b8d33c4efbc958192a435", "price_changes": [{"asset_id": "112460056466301987895624067988030855175451380171501724318327858610989988015996", "price": "0.7", "size": "2893.75", "side": "BUY", "hash": "e9aa0f3e433a207a6da654394d7a0e698f0a0e9d", "best_bid": "0.73", "best_ask": "0.74"}, {"asset_id": "26587715511882279305915423150785410312515132578982630802567001325158618057442", "price": "0.3", "size": "2893.75", "side": "SELL", "hash": "df20eb4e2e4c71a522324aea27a9b50fce46e9a3", "best_bid": "0.26", "best_ask": "0.27"}], "timestamp": "1769384082974", "event_type": "price_change"}}
{"_local_timestamp": "2026-01-25T23:34:43.046487+00:00", "data": {"market": "0x09aa5f4210ff3e17e65072e73bf084a1d72246ec712b8d33c4efbc958192a435", "price_changes": [{"asset_id": "112460056466301987895624067988030855175451380171501724318327858610989988015996", "price": "0.69", "size": "6007.11", "side": "BUY", "hash": "aaef54f7e98adc97e82298b9808bc8de71f25346", "best_bid": "0.73", "best_ask": "0.74"}, {"asset_id": "26587715511882279305915423150785410312515132578982630802567001325158618057442", "price": "0.31", "size": "6007.11", "side": "SELL", "hash": "038fad3fc2edf31b1a6f07a21060fd9cd2a82b41", "best_bid": "0.26", "best_ask": "0.27"}], "timestamp": "1769384082974", "event_type": "price_change"}}
{"_local_timestamp": "2026-01-25T23:34:43.166979+00:00", "data": {"market": "0x09aa5f4210ff3e17e65072e73bf084a1d72246ec712b8d33c4efbc958192a435", "price_changes": [{"asset_id": "26587715511882279305915423150785410312515132578982630802567001325158618057442", "price": "0.05", "size": "200", "side": "BUY", "hash": "8de33e7fdfd7c4e7fa2a5beb69eb854ceadbcd64", "best_bid": "0.26", "best_ask": "0.27"}, {"asset_id": "112460056466301987895624067988030855175451380171501724318327858610989988015996", "price": "0.95", "size": "200", "side": "SELL", "hash": "8d2e10f24a8531ff133a6f706103c238b036510d", "best_bid": "0.73", "best_ask": "0.74"}], "timestamp": "1769384083072", "event_type": "price_change"}}
{"_local_timestamp": "2026-01-25T23:34:44.961289+00:00", "data": {"market": "0x09aa5f4210ff3e17e65072e73bf084a1d72246ec712b8d33c4efbc958192a435", "price_changes": [{"asset_id": "26587715511882279305915423150785410312515132578982630802567001325158618057442", "price": "0.04", "size": "21.66", "side": "BUY", "hash": "3533b470995be2cf9528c2bc517879b5cb7923d5", "best_bid": "0.26", "best_ask": "0.27"}, {"asset_id": "112460056466301987895624067988030855175451380171501724318327858610989988015996", "price": "0.96", "size": "21.66", "side": "SELL", "hash": "a6ee4ea5185918dc3249b4c1dc431da3b59ef7c5", "best_bid": "0.73", "best_ask": "0.74"}], "timestamp": "1769384084879", "event_type": "price_change"}}
{"_local_timestamp": "2026-01-25T23:34:44.961831+00:00", "data": {"market": "0x09aa5f4210ff3e17e65072e73bf084a1d72246ec712b8d33c4efbc958192a435", "price_changes": [{"asset_id": "26587715511882279305915423150785410312515132578982630802567001325158618057442", "price": "0.06", "size": "200", "side": "BUY", "hash": "eef219acb64a97abbabe57606cd79813c0c62300", "best_bid": "0.26", "best_ask": "0.27"}, {"asset_id": "112460056466301987895624067988030855175451380171501724318327858610989988015996", "price": "0.94", "size": "200", "side": "SELL", "hash": "67ce5348e445b2325ef9ee8449814a905a89a29f", "best_bid": "0.73", "best_ask": "0.74"}], "timestamp": "1769384084880", "event_type": "price_change"}}
{"_local_timestamp": "2026-01-25T23:34:49.884778+00:00", "data": {"market": "0x09aa5f4210ff3e17e65072e73bf084a1d72246ec712b8d33c4efbc958192a435", "price_changes": [{"asset_id": "112460056466301987895624067988030855175451380171501724318327858610989988015996", "price": "0.06", "size": "1800", "side": "BUY", "hash": "65ca317bef9027df918e1dc8e501d229dffa5195", "best_bid": "0.73", "best_ask": "0.74"}, {"asset_id": "26587715511882279305915423150785410312515132578982630802567001325158618057442", "price": "0.94", "size": "1800", "side": "SELL", "hash": "b58cb4317e8935c663454d68f0ab77e229e307be", "best_bid": "0.26", "best_ask": "0.27"}], "timestamp": "1769384089760", "event_type": "price_change"}}
{"_local_timestamp": "2026-01-25T23:34:49.940735+00:00", "data": {"market": "0x09aa5f4210ff3e17e65072e73bf084a1d72246ec712b8d33c4efbc958192a435", "price_changes": [{"asset_id": "112460056466301987895624067988030855175451380171501724318327858610989988015996", "price": "0.07", "size": "0", "side": "BUY", "hash": "7b0e3a04026ddce5ea04237f64a9c68b34db8993", "best_bid": "0.73", "best_ask": "0.74"}, {"asset_id": "26587715511882279305915423150785410312515132578982630802567001325158618057442", "price": "0.93", "size": "0", "side": "SELL", "hash": "c8a326ab70f05ad1426db6e12fdd1aa500e2f68e", "best_bid": "0.26", "best_ask": "0.27"}], "timestamp": "1769384089828", "event_type": "price_change"}}
{"_local_timestamp": "2026-01-25T23:34:50.142567+00:00", "data": {"market": "0x09aa5f4210ff3e17e65072e73bf084a1d72246ec712b8d33c4efbc958192a435", "price_changes": [{"asset_id": "112460056466301987895624067988030855175451380171501724318327858610989988015996", "price": "0.07", "size": "200", "side": "BUY", "hash": "18b3ca84f6b6e526c0be58fab77c2dd14d7939af", "best_bid": "0.73", "best_ask": "0.74"}, {"asset_id": "26587715511882279305915423150785410312515132578982630802567001325158618057442", "price": "0.93", "size": "200", "side": "SELL", "hash": "3e8473ad2ca7b5a9547fd3c3db1fcb0053e335f9", "best_bid": "0.26", "best_ask": "0.27"}], "timestamp": "1769384090012", "event_type": "price_change"}}
{"_local_timestamp": "2026-01-25T23:34:54.697261+00:00", "data": {"market": "0x09aa5f4210ff3e17e65072e73bf084a1d72246ec712b8d33c4efbc958192a435", "price_changes": [{"asset_id": "112460056466301987895624067988030855175451380171501724318327858610989988015996", "price": "0.06", "size": "1600", "side": "BUY", "hash": "293f055384c8e42c0397b7b48c4cabf764d93d19", "best_bid": "0.73", "best_ask": "0.74"}, {"asset_id": "26587715511882279305915423150785410312515132578982630802567001325158618057442", "price": "0.94", "size": "1600", "side": "SELL", "hash": "6ac03bce6108a11cc68e5ff66159244b510b9fe7", "best_bid": "0.26", "best_ask": "0.27"}], "timestamp": "1769384094628", "event_type": "price_change"}}
{"_local_timestamp": "2026-01-25T23:34:54.697779+00:00", "data": {"market": "0x09aa5f4210ff3e17e65072e73bf084a1d72246ec712b8d33c4efbc958192a435", "price_changes": [{"asset_id": "26587715511882279305915423150785410312515132578982630802567001325158618057442", "price": "0.05", "size": "0", "side": "BUY", "hash": "d07e58c31a9eedf9c6adf90d0fcd4d9bf186d20d", "best_bid": "0.26", "best_ask": "0.27"}, {"asset_id": "112460056466301987895624067988030855175451380171501724318327858610989988015996", "price": "0.95", "size": "0", "side": "SELL", "hash": "8b6fe8959008343ff51b3688353a4f26ec9d7b48", "best_bid": "0.73", "best_ask": "0.74"}], "timestamp": "1769384094628", "event_type": "price_change"}}
{"_local_timestamp": "2026-01-25T23:34:54.768848+00:00", "data": {"market": "0x09aa5f4210ff3e17e65072e73bf084a1d72246ec712b8d33c4efbc958192a435", "price_changes": [{"asset_id": "26587715511882279305915423150785410312515132578982630802567001325158618057442", "price": "0.06", "size": "0", "side": "BUY", "hash": "92c1148f1a9c95be9f3e9480ee8d668fe5d051eb", "best_bid": "0.26", "best_ask": "0.27"}, {"asset_id": "112460056466301987895624067988030855175451380171501724318327858610989988015996", "price": "0.94", "size": "0", "side": "SELL", "hash": "053f9af2101e86a5de72b34d4f9e124cf7e61007", "best_bid": "0.73", "best_ask": "0.74"}], "timestamp": "1769384094687", "event_type": "price_change"}}
{"_local_timestamp": "2026-01-25T23:34:54.769293+00:00", "data": {"market": "0x09aa5f4210ff3e17e65072e73bf084a1d72246ec712b8d33c4efbc958192a435", "price_changes": [{"asset_id": "26587715511882279305915423150785410312515132578982630802567001325158618057442", "price": "0.04", "size": "221.66", "side": "BUY", "hash": "149f13f55ccdfffa519dd450a57603a74b38735b", "best_bid": "0.26", "best_ask": "0.27"}, {"asset_id": "112460056466301987895624067988030855175451380171501724318327858610989988015996", "price": "0.96", "size": "221.66", "side": "SELL", "hash": "2b10dc22c48fa2eb15b6c73935e9d02c7f7487e5", "best_bid": "0.73", "best_ask": "0.74"}], "timestamp": "1769384094689", "event_type": "price_change"}}
{"_local_timestamp": "2026-01-25T23:34:54.928725+00:00", "data": {"market": "0x09aa5f4210ff3e17e65072e73bf084a1d72246ec712b8d33c4efbc958192a435", "price_changes": [{"asset_id": "26587715511882279305915423150785410312515132578982630802567001325158618057442", "price": "0.06", "size": "200", "side": "BUY", "hash": "e8bbf33af345e8555eb5052916c22acd25994161", "best_bid": "0.26", "best_ask": "0.27"}, {"asset_id": "112460056466301987895624067988030855175451380171501724318327858610989988015996", "price": "0.94", "size": "200", "side": "SELL", "hash": "5fc04b62f1f1a8ef77468e6dc57230ed871d361e", "best_bid": "0.73", "best_ask": "0.74"}], "timestamp": "1769384094849", "event_type": "price_change"}}
{"_local_timestamp": "2026-01-25T23:34:54.929269+00:00", "data": {"market": "0x09aa5f4210ff3e17e65072e73bf084a1d72246ec712b8d33c4efbc958192a435", "price_changes": [{"asset_id": "112460056466301987895624067988030855175451380171501724318327858610989988015996", "price": "0.07", "size": "400", "side": "BUY", "hash": "3276e35c7b83dec6d0465073535fd3dc261d4354", "best_bid": "0.73", "best_ask": "0.74"}, {"asset_id": "26587715511882279305915423150785410312515132578982630802567001325158618057442", "price": "0.93", "size": "400", "side": "SELL", "hash": "2f009f688708eb2bc34be622ee523b0969199d6d", "best_bid": "0.26", "best_ask": "0.27"}], "timestamp": "1769384094849", "event_type": "price_change"}}
{"_local_timestamp": "2026-01-25T23:34:56.758055+00:00", "data": {"market": "0x09aa5f4210ff3e17e65072e73bf084a1d72246ec712b8d33c4efbc958192a435", "price_changes": [{"asset_id": "26587715511882279305915423150785410312515132578982630802567001325158618057442", "price": "0.04", "size": "21.66", "side": "BUY", "hash": "7fa11014ba05b0cc40c9ed32c1f8d48760498a73", "best_bid": "0.26", "best_ask": "0.27"}, {"asset_id": "112460056466301987895624067988030855175451380171501724318327858610989988015996", "price": "0.96", "size": "21.66", "side": "SELL", "hash": "3db55bc2fda3bfc2eeb333eeb35fb872ac8c0bef", "best_bid": "0.73", "best_ask": "0.74"}], "timestamp": "1769384096685", "event_type": "price_change"}}
{"_local_timestamp": "2026-01-25T23:34:56.778828+00:00", "data": {"market": "0x09aa5f4210ff3e17e65072e73bf084a1d72246ec712b8d33c4efbc958192a435", "price_changes": [{"asset_id": "26587715511882279305915423150785410312515132578982630802567001325158618057442", "price": "0.07", "size": "200", "side": "BUY", "hash": "9953db14bc416d9aa3ea10a948fb04de98548e90", "best_bid": "0.26", "best_ask": "0.27"}, {"asset_id": "112460056466301987895624067988030855175451380171501724318327858610989988015996", "price": "0.93", "size": "200", "side": "SELL", "hash": "53af70706c23fde3488be18d10812eb3bbe588a9", "best_bid": "0.73", "best_ask": "0.74"}], "timestamp": "1769384096698", "event_type": "price_change"}}
{"_local_timestamp": "2026-01-25T23:34:58.467939+00:00", "data": {"market": "0x09aa5f4210ff3e17e65072e73bf084a1d72246ec712b8d33c4efbc958192a435", "price_changes": [{"asset_id": "112460056466301987895624067988030855175451380171501724318327858610989988015996", "price": "0.06", "size": "1500", "side": "BUY", "hash": "dafc763856fd6e2d78139112544021d5f3d2bc67", "best_bid": "0.73", "best_ask": "0.74"}, {"asset_id": "26587715511882279305915423150785410312515132578982630802567001325158618057442", "price": "0.94", "size": "1500", "side": "SELL", "hash": "54581c06f7c30a2f0731efc9fa807d9e7ba79683", "best_bid": "0.26", "best_ask": "0.27"}], "timestamp": "1769384098378", "event_type": "price_change"}}
{"_local_timestamp": "2026-01-25T23:34:58.766653+00:00", "data": {"market": "0x09aa5f4210ff3e17e65072e73bf084a1d72246ec712b8d33c4efbc958192a435", "price_changes": [{"asset_id": "112460056466301987895624067988030855175451380171501724318327858610989988015996", "price": "0.07", "size": "500", "side": "BUY", "hash": "f1f384f88d8af0da1a94e3bf10eb43fbd154e642", "best_bid": "0.73", "best_ask": "0.74"}, {"asset_id": "26587715511882279305915423150785410312515132578982630802567001325158618057442", "price": "0.93", "size": "500", "side": "SELL", "hash": "a1304e00ba669272585fafe900b9da835b8bfe9c", "best_bid": "0.26", "best_ask": "0.27"}], "timestamp": "1769384098670", "event_type": "price_change"}}
{"_local_timestamp": "2026-01-25T23:35:01.362529+00:00", "data": {"market": "0x09aa5f4210ff3e17e65072e73bf084a1d72246ec712b8d33c4efbc958192a435", "price_changes": [{"asset_id": "112460056466301987895624067988030855175451380171501724318327858610989988015996", "price": "0.07", "size": "300", "side": "BUY", "hash": "70887207ad823d9b4717af1bbd00d3ff4624848c", "best_bid": "0.73", "best_ask": "0.74"}, {"asset_id": "26587715511882279305915423150785410312515132578982630802567001325158618057442", "price": "0.93", "size": "300", "side": "SELL", "hash": "1cae24ce5138da55467781ae06b6ddb55d74c94b", "best_bid": "0.26", "best_ask": "0.27"}], "timestamp": "1769384101250", "event_type": "price_change"}}
{"_local_timestamp": "2026-01-25T23:35:01.582144+00:00", "data": {"market": "0x09aa5f4210ff3e17e65072e73bf084a1d72246ec712b8d33c4efbc958192a435", "price_changes": [{"asset_id": "112460056466301987895624067988030855175451380171501724318327858610989988015996", "price": "0.06", "size": "1700", "side": "BUY", "hash": "a4cf568d25ca8c2ba52f0ba09ce395c2faa0f859", "best_bid": "0.73", "best_ask": "0.74"}, {"asset_id": "26587715511882279305915423150785410312515132578982630802567001325158618057442", "price": "0.94", "size": "1700", "side": "SELL", "hash": "b3bf1363a371e007e45c7649cda44fe20659fad6", "best_bid": "0.26", "best_ask": "0.27"}], "timestamp": "1769384101512", "event_type": "price_change"}}
{"_local_timestamp": "2026-01-25T23:35:01.811296+00:00", "data": {"market": "0x09aa5f4210ff3e17e65072e73bf084a1d72246ec712b8d33c4efbc958192a435", "price_changes": [{"asset_id": "112460056466301987895624067988030855175451380171501724318327858610989988015996", "price": "0.06", "size": "1400", "side": "BUY", "hash": "288bc36b0bcb79a00b6b7ea4a7bc85189799fb54", "best_bid": "0.73", "best_ask": "0.74"}, {"asset_id": "26587715511882279305915423150785410312515132578982630802567001325158618057442", "price": "0.94", "size": "1400", "side": "SELL", "hash": "84b3b2f396b545c09ba81bf12469c92fcd685412", "best_bid": "0.26", "best_ask": "0.27"}], "timestamp": "1769384101738", "event_type": "price_change"}}
{"_local_timestamp": "2026-01-25T23:35:02.080065+00:00", "data": {"market": "0x09aa5f4210ff3e17e65072e73bf084a1d72246ec712b8d33c4efbc958192a435", "price_changes": [{"asset_id": "112460056466301987895624067988030855175451380171501724318327858610989988015996", "price": "0.02", "size": "13846.44", "side": "BUY", "hash": "403a3c27e13f380e01f9d3128488badf02011318", "best_bid": "0.73", "best_ask": "0.74"}, {"asset_id": "26587715511882279305915423150785410312515132578982630802567001325158618057442", "price": "0.98", "size": "13846.44", "side": "SELL", "hash": "836093055d7eeb265dcd0c01814603e03c6a14d1", "best_bid": "0.26", "best_ask": "0.27"}], "timestamp": "1769384102002", "event_type": "price_change"}}
{"_local_timestamp": "2026-01-25T23:35:03.613935+00:00", "data": {"market": "0x09aa5f4210ff3e17e65072e73bf084a1d72246ec712b8d33c4efbc958192a435", "price_changes": [{"asset_id": "26587715511882279305915423150785410312515132578982630802567001325158618057442", "price": "0.18", "size": "0", "side": "BUY", "hash": "4d85d9d2b11b7c3efcbde5631b67f79c5899dc8f", "best_bid": "0.26", "best_ask": "0.27"}, {"asset_id": "112460056466301987895624067988030855175451380171501724318327858610989988015996", "price": "0.82", "size": "0", "side": "SELL", "hash": "46b89e4d63b41aacfc4e3513bb6f7404ef623295", "best_bid": "0.73", "best_ask": "0.74"}], "timestamp": "1769384103538", "event_type": "price_change"}}
{"_local_timestamp": "2026-01-25T23:35:03.666294+00:00", "data": {"market": "0x09aa5f4210ff3e17e65072e73bf084a1d72246ec712b8d33c4efbc958192a435", "price_changes": [{"asset_id": "26587715511882279305915423150785410312515132578982630802567001325158618057442", "price": "0.18", "size": "200", "side": "BUY", "hash": "2da4a422c23db350508c585f66051fcdceecca00", "best_bid": "0.26", "best_ask": "0.27"}, {"asset_id": "112460056466301987895624067988030855175451380171501724318327858610989988015996", "price": "0.82", "size": "200", "side": "SELL", "hash": "e0003ef03bc3360ea066bbed144597c798626c83", "best_bid": "0.73", "best_ask": "0.74"}], "timestamp": "1769384103584", "event_type": "price_change"}}
{"_local_timestamp": "2026-01-25T23:35:03.667236+00:00", "data": {"market": "0x09aa5f4210ff3e17e65072e73bf084a1d72246ec712b8d33c4efbc958192a435", "price_changes": [{"asset_id": "26587715511882279305915423150785410312515132578982630802567001325158618057442", "price": "0.19", "size": "0", "side": "BUY", "hash": "467ddfad5fb9bc7553dda5441b5201edba8a5c79", "best_bid": "0.26", "best_ask": "0.27"}, {"asset_id": "112460056466301987895624067988030855175451380171501724318327858610989988015996", "price": "0.81", "size": "0", "side": "SELL", "hash": "40ca493a317c3d08f3e7a09a6607b7117a4566aa", "best_bid": "0.73", "best_ask": "0.74"}], "timestamp": "1769384103587", "event_type": "price_change"}}
{"_local_timestamp": "2026-01-25T23:35:04.817970+00:00", "data": {"market": "0x09aa5f4210ff3e17e65072e73bf084a1d72246ec712b8d33c4efbc958192a435", "price_changes": [{"asset_id": "26587715511882279305915423150785410312515132578982630802567001325158618057442", "price": "0.22", "size": "520", "side": "BUY", "hash": "566d7fe48610acb277e283c29485e52a0f850912", "best_bid": "0.26", "best_ask": "0.27"}, {"asset_id": "112460056466301987895624067988030855175451380171501724318327858610989988015996", "price": "0.78", "size": "520", "side": "SELL", "hash": "7e18deca6a5c2aa69894c24d4844e84418b188fb", "best_bid": "0.73", "best_ask": "0.74"}], "timestamp": "1769384104749", "event_type": "price_change"}}
{"_local_timestamp": "2026-01-25T23:35:06.834187+00:00", "data": {"market": "0x09aa5f4210ff3e17e65072e73bf084a1d72246ec712b8d33c4efbc958192a435", "price_changes": [{"asset_id": "112460056466301987895624067988030855175451380171501724318327858610989988015996", "price": "0.07", "size": "100", "side": "BUY", "hash": "10c2ead7607728bc95a05930954f2a139437960e", "best_bid": "0.73", "best_ask": "0.74"}, {"asset_id": "26587715511882279305915423150785410312515132578982630802567001325158618057442", "price": "0.93", "size": "100", "side": "SELL", "hash": "4c6cf12b599ca4940de2738f89d0120a27f22bb2", "best_bid": "0.26", "best_ask": "0.27"}], "timestamp": "1769384106760", "event_type": "price_change"}}
{"_local_timestamp": "2026-01-25T23:35:06.834811+00:00", "data": {"market": "0x09aa5f4210ff3e17e65072e73bf084a1d72246ec712b8d33c4efbc958192a435", "price_changes": [{"asset_id": "26587715511882279305915423150785410312515132578982630802567001325158618057442", "price": "0.06", "size": "0", "side": "BUY", "hash": "ca1b8acd818feaec1b027d47df2fd9de1eca0394", "best_bid": "0.26", "best_ask": "0.27"}, {"asset_id": "112460056466301987895624067988030855175451380171501724318327858610989988015996", "price": "0.94", "size": "0", "side": "SELL", "hash": "040cf3ef1617c6c9ee6f3d7975cd80469567a083", "best_bid": "0.73", "best_ask": "0.74"}], "timestamp": "1769384106760", "event_type": "price_change"}}
{"_local_timestamp": "2026-01-25T23:35:06.873253+00:00", "data": {"market": "0x09aa5f4210ff3e17e65072e73bf084a1d72246ec712b8d33c4efbc958192a435", "price_changes": [{"asset_id": "26587715511882279305915423150785410312515132578982630802567001325158618057442", "price": "0.07", "size": "0", "side": "BUY", "hash": "c3b9308908e7e6636d9ed8fc85aba2a8bb4b9a32", "best_bid": "0.26", "best_ask": "0.27"}, {"asset_id": "112460056466301987895624067988030855175451380171501724318327858610989988015996", "price": "0.93", "size": "0", "side": "SELL", "hash": "55bec4638ddbd06841dbd46e1d7f8f3e80c7161c", "best_bid": "0.73", "best_ask": "0.74"}], "timestamp": "1769384106807", "event_type": "price_change"}}
{"_local_timestamp": "2026-01-25T23:35:06.901707+00:00", "data": {"market": "0x09aa5f4210ff3e17e65072e73bf084a1d72246ec712b8d33c4efbc958192a435", "price_changes": [{"asset_id": "26587715511882279305915423150785410312515132578982630802567001325158618057442", "price": "0.04", "size": "221.66", "side": "BUY", "hash": "82cf824b07e070c59f4ac3079fe467d542f8130e", "best_bid": "0.26", "best_ask": "0.27"}, {"asset_id": "112460056466301987895624067988030855175451380171501724318327858610989988015996", "price": "0.96", "size": "221.66", "side": "SELL", "hash": "f9e84a1b87ef3a86ddca4ea62aea05387ccf6ee4", "best_bid": "0.73", "best_ask": "0.74"}], "timestamp": "1769384106831", "event_type": "price_change"}}
{"_local_timestamp": "2026-01-25T23:35:07.044857+00:00", "data": {"market": "0x09aa5f4210ff3e17e65072e73bf084a1d72246ec712b8d33c4efbc958192a435", "price_changes": [{"asset_id": "26587715511882279305915423150785410312515132578982630802567001325158618057442", "price": "0.07", "size": "200", "side": "BUY", "hash": "ab26213ef3809520e23509330c303474b3ba2c62", "best_bid": "0.26", "best_ask": "0.27"}, {"asset_id": "112460056466301987895624067988030855175451380171501724318327858610989988015996", "price": "0.93", "size": "200", "side": "SELL", "hash": "a992ba61beaf959ba901aef3299263d7df3ea509", "best_bid": "0.73", "best_ask": "0.74"}], "timestamp": "1769384106974", "event_type": "price_change"}}
{"_local_timestamp": "2026-01-25T23:35:07.053935+00:00", "data": {"market": "0x09aa5f4210ff3e17e65072e73bf084a1d72246ec712b8d33c4efbc958192a435", "price_changes": [{"asset_id": "112460056466301987895624067988030855175451380171501724318327858610989988015996", "price": "0.06", "size": "1600", "side": "BUY", "hash": "2d7ac034c5bdc93be56b75fe7a8f92e65f01b5d3", "best_bid": "0.73", "best_ask": "0.74"}, {"asset_id": "26587715511882279305915423150785410312515132578982630802567001325158618057442", "price": "0.94", "size": "1600", "side": "SELL", "hash": "8f65a7570451e668a263c6a32e4a63aca7647d60", "best_bid": "0.26", "best_ask": "0.27"}], "timestamp": "1769384106975", "event_type": "price_change"}}
{"_local_timestamp": "2026-01-25T23:35:08.878398+00:00", "data": {"market": "0x09aa5f4210ff3e17e65072e73bf084a1d72246ec712b8d33c4efbc958192a435", "price_changes": [{"asset_id": "26587715511882279305915423150785410312515132578982630802567001325158618057442", "price": "0.08", "size": "200", "side": "BUY", "hash": "1beeb56d522d26fe16363e2e1d1e634c95517629", "best_bid": "0.26", "best_ask": "0.27"}, {"asset_id": "112460056466301987895624067988030855175451380171501724318327858610989988015996", "price": "0.92", "size": "200", "side": "SELL", "hash": "1de367444dd97a98bc3c652d3b4f5c65ffa25d41", "best_bid": "0.73", "best_ask": "0.74"}], "timestamp": "1769384108804", "event_type": "price_change"}}
{"_local_timestamp": "2026-01-25T23:35:08.879126+00:00", "data": {"market": "0x09aa5f4210ff3e17e65072e73bf084a1d72246ec712b8d33c4efbc958192a435", "price_changes": [{"asset_id": "26587715511882279305915423150785410312515132578982630802567001325158618057442", "price": "0.04", "size": "21.66", "side": "BUY", "hash": "9b09d1ea8c4a092cb960fbbc65355b5806535146", "best_bid": "0.26", "best_ask": "0.27"}, {"asset_id": "112460056466301987895624067988030855175451380171501724318327858610989988015996", "price": "0.96", "size": "21.66", "side": "SELL", "hash": "b30766b16739dcab1b5cb7a6e45e7af74b5ee9df", "best_bid": "0.73", "best_ask": "0.74"}], "timestamp": "1769384108809", "event_type": "price_change"}}
{"_local_timestamp": "2026-01-25T23:35:09.153525+00:00", "data": {"market": "0x09aa5f4210ff3e17e65072e73bf084a1d72246ec712b8d33c4efbc958192a435", "price_changes": [{"asset_id": "26587715511882279305915423150785410312515132578982630802567001325158618057442", "price": "0.23", "size": "70", "side": "BUY", "hash": "551b151e3a17a35651e6a8923d4bd03fc28e3483", "best_bid": "0.26", "best_ask": "0.27"}, {"asset_id": "112460056466301987895624067988030855175451380171501724318327858610989988015996", "price": "0.77", "size": "70", "side": "SELL", "hash": "8f822d0dff1c712a0adcdabdb2bcd6b6ed9ff9cd", "best_bid": "0.73", "best_ask": "0.74"}], "timestamp": "1769384109080", "event_type": "price_change"}}
{"_local_timestamp": "2026-01-25T23:35:15.071949+00:00", "data": {"market": "0x09aa5f4210ff3e17e65072e73bf084a1d72246ec712b8d33c4efbc958192a435", "price_changes": [{"asset_id": "26587715511882279305915423150785410312515132578982630802567001325158618057442", "price": "0.23", "size": "120", "side": "BUY", "hash": "4f5be7f29dd369d0a9443a057da0f67d3b8d5d46", "best_bid": "0.26", "best_ask": "0.27"}, {"asset_id": "112460056466301987895624067988030855175451380171501724318327858610989988015996", "price": "0.77", "size": "120", "side": "SELL", "hash": "23eb411a07166b0a3882cd820c0912c21da67b58", "best_bid": "0.73", "best_ask": "0.74"}], "timestamp": "1769384114998", "event_type": "price_change"}}
{"_local_timestamp": "2026-01-25T23:35:16.354476+00:00", "data": {"market": "0x09aa5f4210ff3e17e65072e73bf084a1d72246ec712b8d33c4efbc958192a435", "price_changes": [{"asset_id": "26587715511882279305915423150785410312515132578982630802567001325158618057442", "price": "0.23", "size": "170", "side": "BUY", "hash": "266bb39585095c5e3595771705174ce504721039", "best_bid": "0.26", "best_ask": "0.27"}, {"asset_id": "112460056466301987895624067988030855175451380171501724318327858610989988015996", "price": "0.77", "size": "170", "side": "SELL", "hash": "49e7fd6cfd1007101473f31a397d3e0804817334", "best_bid": "0.73", "best_ask": "0.74"}], "timestamp": "1769384116285", "event_type": "price_change"}}
{"_local_timestamp": "2026-01-25T23:35:16.483054+00:00", "data": {"market": "0x09aa5f4210ff3e17e65072e73bf084a1d72246ec712b8d33c4efbc958192a435", "price_changes": [{"asset_id": "112460056466301987895624067988030855175451380171501724318327858610989988015996", "price": "0.07", "size": "0", "side": "BUY", "hash": "c12f9a602cf15d2d3274938ac15dbc706c189afb", "best_bid": "0.73", "best_ask": "0.74"}, {"asset_id": "26587715511882279305915423150785410312515132578982630802567001325158618057442", "price": "0.93", "size": "0", "side": "SELL", "hash": "dbe89e9ec4193a965bb06c1b6077c4572fcb494f", "best_bid": "0.26", "best_ask": "0.27"}], "timestamp": "1769384116394", "event_type": "price_change"}}
{"_local_timestamp": "2026-01-25T23:35:16.741366+00:00", "data": {"market": "0x09aa5f4210ff3e17e65072e73bf084a1d72246ec712b8d33c4efbc958192a435", "price_changes": [{"asset_id": "112460056466301987895624067988030855175451380171501724318327858610989988015996", "price": "0.06", "size": "1700", "side": "BUY", "hash": "f2a332f9731138c4c051a787df6824e2438ccd75", "best_bid": "0.73", "best_ask": "0.74"}, {"asset_id": "26587715511882279305915423150785410312515132578982630802567001325158618057442", "price": "0.94", "size": "1700", "side": "SELL", "hash": "5be0fd64e3d04adee5086f7a30b873e7ba822629", "best_bid": "0.26", "best_ask": "0.27"}], "timestamp": "1769384116672", "event_type": "price_change"}}
{"_local_timestamp": "2026-01-25T23:35:18.089280+00:00", "data": {"market": "0x09aa5f4210ff3e17e65072e73bf084a1d72246ec712b8d33c4efbc958192a435", "price_changes": [{"asset_id": "26587715511882279305915423150785410312515132578982630802567001325158618057442", "price": "0.07", "size": "0", "side": "BUY", "hash": "ed44c3c72ba371eab480359c9c3b541f3a7b656c", "best_bid": "0.26", "best_ask": "0.27"}, {"asset_id": "112460056466301987895624067988030855175451380171501724318327858610989988015996", "price": "0.93", "size": "0", "side": "SELL", "hash": "664ef0bbbc9c950be9c6c9e1ea31e2d8af5fd8b5", "best_bid": "0.73", "best_ask": "0.74"}], "timestamp": "1769384118009", "event_type": "price_change"}}
{"_local_timestamp": "2026-01-25T23:35:18.134523+00:00", "data": {"market": "0x09aa5f4210ff3e17e65072e73bf084a1d72246ec712b8d33c4efbc958192a435", "price_changes": [{"asset_id": "26587715511882279305915423150785410312515132578982630802567001325158618057442", "price": "0.04", "size": "221.66", "side": "BUY", "hash": "f37ae92dc4854eeccbc9ab3e026aa446cfd3da8e", "best_bid": "0.26", "best_ask": "0.27"}, {"asset_id": "112460056466301987895624067988030855175451380171501724318327858610989988015996", "price": "0.96", "size": "221.66", "side": "SELL", "hash": "b17629ebd5765bbd57d06c23beee103e8488cd3e", "best_bid": "0.73", "best_ask": "0.74"}], "timestamp": "1769384118058", "event_type": "price_change"}}
{"_local_timestamp": "2026-01-25T23:35:18.135185+00:00", "data": {"market": "0x09aa5f4210ff3e17e65072e73bf084a1d72246ec712b8d33c4efbc958192a435", "price_changes": [{"asset_id": "26587715511882279305915423150785410312515132578982630802567001325158618057442", "price": "0.08", "size": "0", "side": "BUY", "hash": "b5f0f6a1d8234a2180f64a2d2a32de27ae03aa15", "best_bid": "0.26", "best_ask": "0.27"}, {"asset_id": "112460056466301987895624067988030855175451380171501724318327858610989988015996", "price": "0.92", "size": "0", "side": "SELL", "hash": "8f2ddd60b812840f1ec8056ad8aa539795445459", "best_bid": "0.73", "best_ask": "0.74"}], "timestamp": "1769384118064", "event_type": "price_change"}}
{"_local_timestamp": "2026-01-25T23:35:27.595430+00:00", "data": {"market": "0x09aa5f4210ff3e17e65072e73bf084a1d72246ec712b8d33c4efbc958192a435", "price_changes": [{"asset_id": "26587715511882279305915423150785410312515132578982630802567001325158618057442", "price": "0.23", "size": "150", "side": "BUY", "hash": "3bc63aa7bdda3e43c5c2196e9627593b01ce1b32", "best_bid": "0.26", "best_ask": "0.27"}, {"asset_id": "112460056466301987895624067988030855175451380171501724318327858610989988015996", "price": "0.77", "size": "150", "side": "SELL", "hash": "edac1d761234333692fe998a7e9610ff945ae7fb", "best_bid": "0.73", "best_ask": "0.74"}], "timestamp": "1769384127316", "event_type": "price_change"}}
{"_local_timestamp": "2026-01-25T23:35:27.810596+00:00", "data": {"market": "0x09aa5f4210ff3e17e65072e73bf084a1d72246ec712b8d33c4efbc958192a435", "price_changes": [{"asset_id": "26587715511882279305915423150785410312515132578982630802567001325158618057442", "price": "0.24", "size": "20", "side": "BUY", "hash": "63297d8ead0c6e65523d4147079e43b3685487ba", "best_bid": "0.26", "best_ask": "0.27"}, {"asset_id": "112460056466301987895624067988030855175451380171501724318327858610989988015996", "price": "0.76", "size": "20", "side": "SELL", "hash": "42be874af5be6f650accf494b663b3db26b812ed", "best_bid": "0.73", "best_ask": "0.74"}], "timestamp": "1769384127580", "event_type": "price_change"}}
{"_local_timestamp": "2026-01-25T23:35:27.836320+00:00", "data": {"market": "0x09aa5f4210ff3e17e65072e73bf084a1d72246ec712b8d33c4efbc958192a435", "price_changes": [{"asset_id": "26587715511882279305915423150785410312515132578982630802567001325158618057442", "price": "0.22", "size": "200", "side": "BUY", "hash": "7698b607770b35d0f8c3dac93dff77f55b9a2523", "best_bid": "0.26", "best_ask": "0.27"}, {"asset_id": "112460056466301987895624067988030855175451380171501724318327858610989988015996", "price": "0.78", "size": "200", "side": "SELL", "hash": "c62082861c54cd67c2eb5fe02eefdaf90d25cab1", "best_bid": "0.73", "best_ask": "0.74"}], "timestamp": "1769384127606", "event_type": "price_change"}}
{"_local_timestamp": "2026-01-25T23:35:30.221536+00:00", "data": {"market": "0x09aa5f4210ff3e17e65072e73bf084a1d72246ec712b8d33c4efbc958192a435", "price_changes": [{"asset_id": "26587715511882279305915423150785410312515132578982630802567001325158618057442", "price": "0.04", "size": "521.66", "side": "BUY", "hash": "6b51f33eaceb986533aff606453ecc0502f90b0b", "best_bid": "0.26", "best_ask": "0.27"}, {"asset_id": "112460056466301987895624067988030855175451380171501724318327858610989988015996", "price": "0.96", "size": "521.66", "side": "SELL", "hash": "eb6efd6cb5c312c54ee3838caef6ebccad6f9be7", "best_bid": "0.73", "best_ask": "0.74"}], "timestamp": "1769384129987", "event_type": "price_change"}}
{"_local_timestamp": "2026-01-25T23:35:30.258628+00:00", "data": {"market": "0x09aa5f4210ff3e17e65072e73bf084a1d72246ec712b8d33c4efbc958192a435", "price_changes": [{"asset_id": "26587715511882279305915423150785410312515132578982630802567001325158618057442", "price": "0.04", "size": "321.66", "side": "BUY", "hash": "cec82c45125531d9b64efcfc4bbd7b5fb7057ac8", "best_bid": "0.26", "best_ask": "0.27"}, {"asset_id": "112460056466301987895624067988030855175451380171501724318327858610989988015996", "price": "0.96", "size": "321.66", "side": "SELL", "hash": "e611a42d7fa812f04eea368c633504fa3abf6ba5", "best_bid": "0.73", "best_ask": "0.74"}], "timestamp": "1769384130028", "event_type": "price_change"}}
{"_local_timestamp": "2026-01-25T23:35:30.259236+00:00", "data": {"market": "0x09aa5f4210ff3e17e65072e73bf084a1d72246ec712b8d33c4efbc958192a435", "price_changes": [{"asset_id": "26587715511882279305915423150785410312515132578982630802567001325158618057442", "price": "0.05", "size": "200", "side": "BUY", "hash": "c4ef0780c5c753ddde311d5019ab10d324b50af1", "best_bid": "0.26", "best_ask": "0.27"}, {"asset_id": "112460056466301987895624067988030855175451380171501724318327858610989988015996", "price": "0.95", "size": "200", "side": "SELL", "hash": "47b3b830bfb3a9a027dc6ca765b69197e0184f5b", "best_bid": "0.73", "best_ask": "0.74"}], "timestamp": "1769384130030", "event_type": "price_change"}}
{"_local_timestamp": "2026-01-25T23:35:32.276593+00:00", "data": {"market": "0x09aa5f4210ff3e17e65072e73bf084a1d72246ec712b8d33c4efbc958192a435", "price_changes": [{"asset_id": "26587715511882279305915423150785410312515132578982630802567001325158618057442", "price": "0.06", "size": "200", "side": "BUY", "hash": "8d6e08009dad3aa581706831210f650cb31f03dc", "best_bid": "0.26", "best_ask": "0.27"}, {"asset_id": "112460056466301987895624067988030855175451380171501724318327858610989988015996", "price": "0.94", "size": "200", "side": "SELL", "hash": "70cb81ddfadb589e7e4e2ab728515faa6b9a3560", "best_bid": "0.73", "best_ask": "0.74"}], "timestamp": "1769384132030", "event_type": "price_change"}}
{"_local_timestamp": "2026-01-25T23:35:34.266613+00:00", "data": {"market": "0x09aa5f4210ff3e17e65072e73bf084a1d72246ec712b8d33c4efbc958192a435", "price_changes": [{"asset_id": "26587715511882279305915423150785410312515132578982630802567001325158618057442", "price": "0.06", "size": "0", "side": "BUY", "hash": "7373e71ebc9d5ec5dbbe6497b58b8912a9bf9133", "best_bid": "0.26", "best_ask": "0.27"}, {"asset_id": "112460056466301987895624067988030855175451380171501724318327858610989988015996", "price": "0.94", "size": "0", "side": "SELL", "hash": "0a54282c6ed1456906c4fcf40f276bf89c62f65a", "best_bid": "0.73", "best_ask": "0.74"}], "timestamp": "1769384134021", "event_type": "price_change"}}
{"_local_timestamp": "2026-01-25T23:35:41.054761+00:00", "data": {"market": "0x09aa5f4210ff3e17e65072e73bf084a1d72246ec712b8d33c4efbc958192a435", "price_changes": [{"asset_id": "26587715511882279305915423150785410312515132578982630802567001325158618057442", "price": "0.04", "size": "21.66", "side": "BUY", "hash": "b4d30eb0a322c26606d5d1e0ae08c8040de76916", "best_bid": "0.26", "best_ask": "0.27"}, {"asset_id": "112460056466301987895624067988030855175451380171501724318327858610989988015996", "price": "0.96", "size": "21.66", "side": "SELL", "hash": "531c86dcded5dd3c77a08b718d69d6f7a3f0d59b", "best_bid": "0.73", "best_ask": "0.74"}], "timestamp": "1769384140976", "event_type": "price_change"}}
{"_local_timestamp": "2026-01-25T23:35:41.100230+00:00", "data": {"market": "0x09aa5f4210ff3e17e65072e73bf084a1d72246ec712b8d33c4efbc958192a435", "price_changes": [{"asset_id": "26587715511882279305915423150785410312515132578982630802567001325158618057442", "price": "0.05", "size": "0", "side": "BUY", "hash": "9fe2dd62b747ceb5a9bfd03551612f126a86c817", "best_bid": "0.26", "best_ask": "0.27"}, {"asset_id": "112460056466301987895624067988030855175451380171501724318327858610989988015996", "price": "0.95", "size": "0", "side": "SELL", "hash": "5a8a8016ed0172a68514ddb6718ae10d64d56b2f", "best_bid": "0.73", "best_ask": "0.74"}], "timestamp": "1769384141022", "event_type": "price_change"}}
{"_local_timestamp": "2026-01-25T23:35:41.101034+00:00", "data": {"market": "0x09aa5f4210ff3e17e65072e73bf084a1d72246ec712b8d33c4efbc958192a435", "price_changes": [{"asset_id": "26587715511882279305915423150785410312515132578982630802567001325158618057442", "price": "0.04", "size": "221.66", "side": "BUY", "hash": "bf754c901988aebcfae464ce82278c16a999ff08", "best_bid": "0.26", "best_ask": "0.27"}, {"asset_id": "112460056466301987895624067988030855175451380171501724318327858610989988015996", "price": "0.96", "size": "221.66", "side": "SELL", "hash": "ac4d92de6ba68192da3d9a7bf86b3ad76402f740", "best_bid": "0.73", "best_ask": "0.74"}], "timestamp": "1769384141025", "event_type": "price_change"}}
{"_local_timestamp": "2026-01-25T23:35:41.276420+00:00", "data": {"market": "0x09aa5f4210ff3e17e65072e73bf084a1d72246ec712b8d33c4efbc958192a435", "price_changes": [{"asset_id": "26587715511882279305915423150785410312515132578982630802567001325158618057442", "price": "0.05", "size": "200", "side": "BUY", "hash": "58e427b6a627bb50b330c6949e58ffccda096f00", "best_bid": "0.26", "best_ask": "0.27"}, {"asset_id": "112460056466301987895624067988030855175451380171501724318327858610989988015996", "price": "0.95", "size": "200", "side": "SELL", "hash": "abea151dc3ef332f6dd2e9d72eab69c1f3fbd104", "best_bid": "0.73", "best_ask": "0.74"}], "timestamp": "1769384141207", "event_type": "price_change"}}
{"_local_timestamp": "2026-01-25T23:35:43.093268+00:00", "data": {"market": "0x09aa5f4210ff3e17e65072e73bf084a1d72246ec712b8d33c4efbc958192a435", "price_changes": [{"asset_id": "26587715511882279305915423150785410312515132578982630802567001325158618057442", "price": "0.04", "size": "21.66", "side": "BUY", "hash": "b01bf552f74db3ad1c6152b6fb7b06f141df54fe", "best_bid": "0.26", "best_ask": "0.27"}, {"asset_id": "112460056466301987895624067988030855175451380171501724318327858610989988015996", "price": "0.96", "size": "21.66", "side": "SELL", "hash": "94947795e258b792dca9bb345e5ecad856dec560", "best_bid": "0.73", "best_ask": "0.74"}], "timestamp": "1769384143022", "event_type": "price_change"}}
{"_local_timestamp": "2026-01-25T23:35:43.107554+00:00", "data": {"market": "0x09aa5f4210ff3e17e65072e73bf084a1d72246ec712b8d33c4efbc958192a435", "price_changes": [{"asset_id": "26587715511882279305915423150785410312515132578982630802567001325158618057442", "price": "0.06", "size": "200", "side": "BUY", "hash": "1c38b027f42d06db72b564e827084ecedc351177", "best_bid": "0.26", "best_ask": "0.27"}, {"asset_id": "112460056466301987895624067988030855175451380171501724318327858610989988015996", "price": "0.94", "size": "200", "side": "SELL", "hash": "4159b4b645047b25f3d9906fc92af08d6c844350", "best_bid": "0.73", "best_ask": "0.74"}], "timestamp": "1769384143030", "event_type": "price_change"}}
{"_local_timestamp": "2026-01-25T23:35:45.100365+00:00", "data": {"market": "0x09aa5f4210ff3e17e65072e73bf084a1d72246ec712b8d33c4efbc958192a435", "price_changes": [{"asset_id": "26587715511882279305915423150785410312515132578982630802567001325158618057442", "price": "0.07", "size": "200", "side": "BUY", "hash": "63999c2cfd0fa2a03073a644c9764030031292f8", "best_bid": "0.26", "best_ask": "0.27"}, {"asset_id": "112460056466301987895624067988030855175451380171501724318327858610989988015996", "price": "0.93", "size": "200", "side": "SELL", "hash": "d068f8a0bf2afc08e6ed6344b1ebfe780dc88e53", "best_bid": "0.73", "best_ask": "0.74"}], "timestamp": "1769384145022", "event_type": "price_change"}}
{"_local_timestamp": "2026-01-25T23:35:47.091968+00:00", "data": {"market": "0x09aa5f4210ff3e17e65072e73bf084a1d72246ec712b8d33c4efbc958192a435", "price_changes": [{"asset_id": "26587715511882279305915423150785410312515132578982630802567001325158618057442", "price": "0.07", "size": "0", "side": "BUY", "hash": "a35362c4190cafecc9884b7f559b11f6ee21ddb7", "best_bid": "0.26", "best_ask": "0.27"}, {"asset_id": "112460056466301987895624067988030855175451380171501724318327858610989988015996", "price": "0.93", "size": "0", "side": "SELL", "hash": "f80683793a3de017880a232053ce5e529dc94909", "best_bid": "0.73", "best_ask": "0.74"}], "timestamp": "1769384147013", "event_type": "price_change"}}
{"_local_timestamp": "2026-01-25T23:35:53.741184+00:00", "data": {"market": "0x09aa5f4210ff3e17e65072e73bf084a1d72246ec712b8d33c4efbc958192a435", "price_changes": [{"asset_id": "26587715511882279305915423150785410312515132578982630802567001325158618057442", "price": "0.05", "size": "0", "side": "BUY", "hash": "dc21313b0b7b5c29063caf8ca9310186cda3e9bc", "best_bid": "0.26", "best_ask": "0.27"}, {"asset_id": "112460056466301987895624067988030855175451380171501724318327858610989988015996", "price": "0.95", "size": "0", "side": "SELL", "hash": "aa5a0708a752b4e9a6bd02a5db5e5c34225e71d4", "best_bid": "0.73", "best_ask": "0.74"}], "timestamp": "1769384153665", "event_type": "price_change"}}
{"_local_timestamp": "2026-01-25T23:35:53.784865+00:00", "data": {"market": "0x09aa5f4210ff3e17e65072e73bf084a1d72246ec712b8d33c4efbc958192a435", "price_changes": [{"asset_id": "26587715511882279305915423150785410312515132578982630802567001325158618057442", "price": "0.06", "size": "0", "side": "BUY", "hash": "b62ff8f6a846165d430d80eb6c70ef1377cefb20", "best_bid": "0.26", "best_ask": "0.27"}, {"asset_id": "112460056466301987895624067988030855175451380171501724318327858610989988015996", "price": "0.94", "size": "0", "side": "SELL", "hash": "46737ce030e886074db18ea9a23e45fed3371afa", "best_bid": "0.73", "best_ask": "0.74"}], "timestamp": "1769384153709", "event_type": "price_change"}}
{"_local_timestamp": "2026-01-25T23:35:53.792039+00:00", "data": {"market": "0x09aa5f4210ff3e17e65072e73bf084a1d72246ec712b8d33c4efbc958192a435", "price_changes": [{"asset_id": "26587715511882279305915423150785410312515132578982630802567001325158618057442", "price": "0.04", "size": "221.66", "side": "BUY", "hash": "a54f784c641556a6565d72bdd049f78cccffdc11", "best_bid": "0.26", "best_ask": "0.27"}, {"asset_id": "112460056466301987895624067988030855175451380171501724318327858610989988015996", "price": "0.96", "size": "221.66", "side": "SELL", "hash": "25bfcb7ea3d60e0059a8f5d5cd1d0d4b66ba3fa9", "best_bid": "0.73", "best_ask": "0.74"}], "timestamp": "1769384153719", "event_type": "price_change"}}
{"_local_timestamp": "2026-01-25T23:35:53.960632+00:00", "data": {"market": "0x09aa5f4210ff3e17e65072e73bf084a1d72246ec712b8d33c4efbc958192a435", "price_changes": [{"asset_id": "26587715511882279305915423150785410312515132578982630802567001325158618057442", "price": "0.07", "size": "200", "side": "BUY", "hash": "848b9a3bca2a5df758d71d8a74519702e5fd2766", "best_bid": "0.26", "best_ask": "0.27"}, {"asset_id": "112460056466301987895624067988030855175451380171501724318327858610989988015996", "price": "0.93", "size": "200", "side": "SELL", "hash": "4b3519d2acaaae6cf523a365bfeae8af5e852646", "best_bid": "0.73", "best_ask": "0.74"}], "timestamp": "1769384153888", "event_type": "price_change"}}
{"_local_timestamp": "2026-01-25T23:35:55.776443+00:00", "data": {"market": "0x09aa5f4210ff3e17e65072e73bf084a1d72246ec712b8d33c4efbc958192a435", "price_changes": [{"asset_id": "26587715511882279305915423150785410312515132578982630802567001325158618057442", "price": "0.04", "size": "21.66", "side": "BUY", "hash": "3aa41201d73d851d0f2c7fe96a30a7ad7fb399c6", "best_bid": "0.26", "best_ask": "0.27"}, {"asset_id": "112460056466301987895624067988030855175451380171501724318327858610989988015996", "price": "0.96", "size": "21.66", "side": "SELL", "hash": "323602dd67679a6bb53a392a8444d9a1fafa1d33", "best_bid": "0.73", "best_ask": "0.74"}], "timestamp": "1769384155705", "event_type": "price_change"}}
{"_local_timestamp": "2026-01-25T23:35:55.777215+00:00", "data": {"market": "0x09aa5f4210ff3e17e65072e73bf084a1d72246ec712b8d33c4efbc958192a435", "price_changes": [{"asset_id": "26587715511882279305915423150785410312515132578982630802567001325158618057442", "price": "0.08", "size": "200", "side": "BUY", "hash": "6fbf3e5c99f5277bdc293cc7c0719374438a4b9e", "best_bid": "0.26", "best_ask": "0.27"}, {"asset_id": "112460056466301987895624067988030855175451380171501724318327858610989988015996", "price": "0.92", "size": "200", "side": "SELL", "hash": "317732a56240d670dfa8b378090846cc956b6b49", "best_bid": "0.73", "best_ask": "0.74"}], "timestamp": "1769384155706", "event_type": "price_change"}}
{"_local_timestamp": "2026-01-25T23:35:56.485505+00:00", "data": {"market": "0x09aa5f4210ff3e17e65072e73bf084a1d72246ec712b8d33c4efbc958192a435", "price_changes": [{"asset_id": "26587715511882279305915423150785410312515132578982630802567001325158618057442", "price": "0.04", "size": "5.74", "side": "BUY", "hash": "62ad89315a7562fc557de2e1dc75126ce6fcdefc", "best_bid": "0.26", "best_ask": "0.27"}, {"asset_id": "112460056466301987895624067988030855175451380171501724318327858610989988015996", "price": "0.96", "size": "5.74", "side": "SELL", "hash": "db8fe8ecc786d849285b3aa60906c44dca3db9c1", "best_bid": "0.73", "best_ask": "0.74"}], "timestamp": "1769384156309", "event_type": "price_change"}}
{"_local_timestamp": "2026-01-25T23:35:59.614302+00:00", "data": {"market": "0x09aa5f4210ff3e17e65072e73bf084a1d72246ec712b8d33c4efbc958192a435", "price_changes": [{"asset_id": "26587715511882279305915423150785410312515132578982630802567001325158618057442", "price": "0.09", "size": "7.08", "side": "BUY", "hash": "61f5a456a4c271d9080801e842e7936e06dd5c8f", "best_bid": "0.26", "best_ask": "0.27"}, {"asset_id": "112460056466301987895624067988030855175451380171501724318327858610989988015996", "price": "0.91", "size": "7.08", "side": "SELL", "hash": "b34a14a1c7efc57e687d33b7e0c5959e91cbba15", "best_bid": "0.73", "best_ask": "0.74"}], "timestamp": "1769384159545", "event_type": "price_change"}}
{"_local_timestamp": "2026-01-25T23:35:59.655333+00:00", "data": {"market": "0x09aa5f4210ff3e17e65072e73bf084a1d72246ec712b8d33c4efbc958192a435", "price_changes": [{"asset_id": "26587715511882279305915423150785410312515132578982630802567001325158618057442", "price": "0.08", "size": "0", "side": "BUY", "hash": "57b45fa5d1bf6f9577a10720662ea59f40bb6ba1", "best_bid": "0.26", "best_ask": "0.27"}, {"asset_id": "112460056466301987895624067988030855175451380171501724318327858610989988015996", "price": "0.92", "size": "0", "side": "SELL", "hash": "c312fb3c992cc3454473391ca5999d368e641933", "best_bid": "0.73", "best_ask": "0.74"}], "timestamp": "1769384159580", "event_type": "price_change"}}
{"_local_timestamp": "2026-01-25T23:35:59.656150+00:00", "data": {"market": "0x09aa5f4210ff3e17e65072e73bf084a1d72246ec712b8d33c4efbc958192a435", "price_changes": [{"asset_id": "26587715511882279305915423150785410312515132578982630802567001325158618057442", "price": "0.09", "size": "207.08", "side": "BUY", "hash": "ff437443f46f224f16ddc73faa5952e8857fad80", "best_bid": "0.26", "best_ask": "0.27"}, {"asset_id": "112460056466301987895624067988030855175451380171501724318327858610989988015996", "price": "0.91", "size": "207.08", "side": "SELL", "hash": "f00b87c8da607d39afcaac9691b9b3f3372b4eea", "best_bid": "0.73", "best_ask": "0.74"}], "timestamp": "1769384159588", "event_type": "price_change"}}
{"_local_timestamp": "2026-01-25T23:36:06.115912+00:00", "data": {"market": "0x09aa5f4210ff3e17e65072e73bf084a1d72246ec712b8d33c4efbc958192a435", "price_changes": [{"asset_id": "26587715511882279305915423150785410312515132578982630802567001325158618057442", "price": "0.07", "size": "0", "side": "BUY", "hash": "8e7f4f0ea7c88ae5c1deb34d472ceeaae3611c72", "best_bid": "0.26", "best_ask": "0.27"}, {"asset_id": "112460056466301987895624067988030855175451380171501724318327858610989988015996", "price": "0.93", "size": "0", "side": "SELL", "hash": "e7396967f468cec892529804fc7426fc550a0fb7", "best_bid": "0.73", "best_ask": "0.74"}], "timestamp": "1769384166031", "event_type": "price_change"}}
{"_local_timestamp": "2026-01-25T23:36:11.249401+00:00", "data": {"market": "0x09aa5f4210ff3e17e65072e73bf084a1d72246ec712b8d33c4efbc958192a435", "price_changes": [{"asset_id": "26587715511882279305915423150785410312515132578982630802567001325158618057442", "price": "0.23", "size": "100", "side": "BUY", "hash": "81e6c952f886f8dd08d1c36205fe79a1a0b95596", "best_bid": "0.26", "best_ask": "0.27"}, {"asset_id": "112460056466301987895624067988030855175451380171501724318327858610989988015996", "price": "0.77", "size": "100", "side": "SELL", "hash": "09ce3b0c77818c8b9c337976fe86e413d70dfce9", "best_bid": "0.73", "best_ask": "0.74"}], "timestamp": "1769384171174", "event_type": "price_change"}}
{"_local_timestamp": "2026-01-25T23:36:18.997926+00:00", "data": {"market": "0x09aa5f4210ff3e17e65072e73bf084a1d72246ec712b8d33c4efbc958192a435", "price_changes": [{"asset_id": "26587715511882279305915423150785410312515132578982630802567001325158618057442", "price": "0.23", "size": "50", "side": "BUY", "hash": "84918727b47aff07af83e6a9b4f0e98c9fbf4cde", "best_bid": "0.26", "best_ask": "0.27"}, {"asset_id": "112460056466301987895624067988030855175451380171501724318327858610989988015996", "price": "0.77", "size": "50", "side": "SELL", "hash": "a258d2b6d9f1a6b4b991779282eaeb5b708abd7a", "best_bid": "0.73", "best_ask": "0.74"}], "timestamp": "1769384178931", "event_type": "price_change"}}
{"_local_timestamp": "2026-01-25T23:36:28.428417+00:00", "data": {"market": "0x09aa5f4210ff3e17e65072e73bf084a1d72246ec712b8d33c4efbc958192a435", "price_changes": [{"asset_id": "26587715511882279305915423150785410312515132578982630802567001325158618057442", "price": "0.23", "size": "0", "side": "BUY", "hash": "fee30b91ea2b09d97a402679d3d1be253409b7ff", "best_bid": "0.26", "best_ask": "0.27"}, {"asset_id": "112460056466301987895624067988030855175451380171501724318327858610989988015996", "price": "0.77", "size": "0", "side": "SELL", "hash": "2a9ee8c1c4d4af3350cca17c057031c8af10f55f", "best_bid": "0.73", "best_ask": "0.74"}], "timestamp": "1769384188351", "event_type": "price_change"}}
{"_local_timestamp": "2026-01-25T23:36:28.455330+00:00", "data": {"market": "0x09aa5f4210ff3e17e65072e73bf084a1d72246ec712b8d33c4efbc958192a435", "price_changes": [{"asset_id": "112460056466301987895624067988030855175451380171501724318327858610989988015996", "price": "0.78", "size": "210", "side": "SELL", "hash": "fed0009355ca32b6390c1036bd792d1a681ad076", "best_bid": "0.73", "best_ask": "0.74"}, {"asset_id": "26587715511882279305915423150785410312515132578982630802567001325158618057442", "price": "0.22", "size": "210", "side": "BUY", "hash": "7af22dfe017ba5c6a201cb7b56cd8aa4cf4895c3", "best_bid": "0.26", "best_ask": "0.27"}], "timestamp": "1769384188378", "event_type": "price_change"}}
{"_local_timestamp": "2026-01-25T23:36:29.164436+00:00", "data": {"market": "0x09aa5f4210ff3e17e65072e73bf084a1d72246ec712b8d33c4efbc958192a435", "price_changes": [{"asset_id": "26587715511882279305915423150785410312515132578982630802567001325158618057442", "price": "0.24", "size": "0", "side": "BUY", "hash": "9a93e2bceac3aab8b2468f5131a67ae627bf2049", "best_bid": "0.26", "best_ask": "0.27"}, {"asset_id": "112460056466301987895624067988030855175451380171501724318327858610989988015996", "price": "0.76", "size": "0", "side": "SELL", "hash": "73065fb54cff621e66177df14e939962150c896f", "best_bid": "0.73", "best_ask": "0.74"}], "timestamp": "1769384189096", "event_type": "price_change"}}
{"_local_timestamp": "2026-01-25T23:36:29.446753+00:00", "data": {"market": "0x09aa5f4210ff3e17e65072e73bf084a1d72246ec712b8d33c4efbc958192a435", "price_changes": [{"asset_id": "26587715511882279305915423150785410312515132578982630802567001325158618057442", "price": "0.23", "size": "20", "side": "BUY", "hash": "4691e9c4cedfd7e488eb8e89462d4c7cba10abb7", "best_bid": "0.26", "best_ask": "0.27"}, {"asset_id": "112460056466301987895624067988030855175451380171501724318327858610989988015996", "price": "0.77", "size": "20", "side": "SELL", "hash": "d6a29dc512cf7f31a988c41e52f0343d24d732d5", "best_bid": "0.73", "best_ask": "0.74"}], "timestamp": "1769384189362", "event_type": "price_change"}}
{"_local_timestamp": "2026-01-25T23:36:29.996554+00:00", "data": {"market": "0x09aa5f4210ff3e17e65072e73bf084a1d72246ec712b8d33c4efbc958192a435", "price_changes": [{"asset_id": "112460056466301987895624067988030855175451380171501724318327858610989988015996", "price": "0.78", "size": "200", "side": "SELL", "hash": "63ced538f17cb3a040c8723c3962e41f531d9a82", "best_bid": "0.73", "best_ask": "0.74"}, {"asset_id": "26587715511882279305915423150785410312515132578982630802567001325158618057442", "price": "0.22", "size": "200", "side": "BUY", "hash": "554e6bd534d9d7e756532665cb67d7837274796a", "best_bid": "0.26", "best_ask": "0.27"}], "timestamp": "1769384189919", "event_type": "price_change"}}
{"_local_timestamp": "2026-01-25T23:36:30.019177+00:00", "data": {"market": "0x09aa5f4210ff3e17e65072e73bf084a1d72246ec712b8d33c4efbc958192a435", "price_changes": [{"asset_id": "112460056466301987895624067988030855175451380171501724318327858610989988015996", "price": "0.78", "size": "210", "side": "SELL", "hash": "7232c3800bf14ebb0d5d9abb34ba1097f200bc20", "best_bid": "0.73", "best_ask": "0.74"}, {"asset_id": "26587715511882279305915423150785410312515132578982630802567001325158618057442", "price": "0.22", "size": "210", "side": "BUY", "hash": "52084d5e9b450319d035626fa59389f2695fae96", "best_bid": "0.26", "best_ask": "0.27"}], "timestamp": "1769384189946", "event_type": "price_change"}}
{"_local_timestamp": "2026-01-25T23:36:31.493271+00:00", "data": {"market": "0x09aa5f4210ff3e17e65072e73bf084a1d72246ec712b8d33c4efbc958192a435", "price_changes": [{"asset_id": "112460056466301987895624067988030855175451380171501724318327858610989988015996", "price": "0.78", "size": "200", "side": "SELL", "hash": "bab697bf8ca30418befe7f14baa1f5c9fb139f7d", "best_bid": "0.73", "best_ask": "0.74"}, {"asset_id": "26587715511882279305915423150785410312515132578982630802567001325158618057442", "price": "0.22", "size": "200", "side": "BUY", "hash": "319aae354ef5e6529ccf149f7a6bf5a30feaef4f", "best_bid": "0.26", "best_ask": "0.27"}], "timestamp": "1769384191423", "event_type": "price_change"}}
{"_local_timestamp": "2026-01-25T23:36:31.532091+00:00", "data": {"market": "0x09aa5f4210ff3e17e65072e73bf084a1d72246ec712b8d33c4efbc958192a435", "price_changes": [{"asset_id": "112460056466301987895624067988030855175451380171501724318327858610989988015996", "price": "0.78", "size": "210", "side": "SELL", "hash": "3949601a025f388b73bcfa68a27c62c6d8beaafc", "best_bid": "0.73", "best_ask": "0.74"}, {"asset_id": "26587715511882279305915423150785410312515132578982630802567001325158618057442", "price": "0.22", "size": "210", "side": "BUY", "hash": "f9eaba452ec789c729289526626d2bf1e600980b", "best_bid": "0.26", "best_ask": "0.27"}], "timestamp": "1769384191460", "event_type": "price_change"}}
{"_local_timestamp": "2026-01-25T23:36:32.993450+00:00", "data": {"market": "0x09aa5f4210ff3e17e65072e73bf084a1d72246ec712b8d33c4efbc958192a435", "price_changes": [{"asset_id": "112460056466301987895624067988030855175451380171501724318327858610989988015996", "price": "0.78", "size": "200", "side": "SELL", "hash": "2c11c3e02f2bd3134e151fc2cfd11ac4d8f82d2a", "best_bid": "0.73", "best_ask": "0.74"}, {"asset_id": "26587715511882279305915423150785410312515132578982630802567001325158618057442", "price": "0.22", "size": "200", "side": "BUY", "hash": "14aaced8483fdc70eed6000353af20dbc923a998", "best_bid": "0.26", "best_ask": "0.27"}], "timestamp": "1769384192919", "event_type": "price_change"}}
{"_local_timestamp": "2026-01-25T23:36:33.020501+00:00", "data": {"market": "0x09aa5f4210ff3e17e65072e73bf084a1d72246ec712b8d33c4efbc958192a435", "price_changes": [{"asset_id": "112460056466301987895624067988030855175451380171501724318327858610989988015996", "price": "0.78", "size": "210", "side": "SELL", "hash": "ba14bc2a8f9f7af86b7181b7e97417943eb24705", "best_bid": "0.73", "best_ask": "0.74"}, {"asset_id": "26587715511882279305915423150785410312515132578982630802567001325158618057442", "price": "0.22", "size": "210", "side": "BUY", "hash": "6d4f8fa28cdba7128be92f739c23f68199553e57", "best_bid": "0.26", "best_ask": "0.27"}], "timestamp": "1769384192944", "event_type": "price_change"}}
{"_local_timestamp": "2026-01-25T23:36:34.486940+00:00", "data": {"market": "0x09aa5f4210ff3e17e65072e73bf084a1d72246ec712b8d33c4efbc958192a435", "price_changes": [{"asset_id": "112460056466301987895624067988030855175451380171501724318327858610989988015996", "price": "0.78", "size": "200", "side": "SELL", "hash": "260e57539dd4421018c2cf0bf94b38944e94070a", "best_bid": "0.73", "best_ask": "0.74"}, {"asset_id": "26587715511882279305915423150785410312515132578982630802567001325158618057442", "price": "0.22", "size": "200", "side": "BUY", "hash": "b19b2aac8af55e7eba3b1e3f00e60ff05012e366", "best_bid": "0.26", "best_ask": "0.27"}], "timestamp": "1769384194418", "event_type": "price_change"}}
{"_local_timestamp": "2026-01-25T23:36:34.524532+00:00", "data": {"market": "0x09aa5f4210ff3e17e65072e73bf084a1d72246ec712b8d33c4efbc958192a435", "price_changes": [{"asset_id": "112460056466301987895624067988030855175451380171501724318327858610989988015996", "price": "0.78", "size": "210", "side": "SELL", "hash": "5fcdf5c1040f4e82068926184aa4c0894e5bea0c", "best_bid": "0.73", "best_ask": "0.74"}, {"asset_id": "26587715511882279305915423150785410312515132578982630802567001325158618057442", "price": "0.22", "size": "210", "side": "BUY", "hash": "63d7d60cc263ea544c96db01c0d120b94443bd05", "best_bid": "0.26", "best_ask": "0.27"}], "timestamp": "1769384194446", "event_type": "price_change"}}
{"_local_timestamp": "2026-01-25T23:36:35.990923+00:00", "data": {"market": "0x09aa5f4210ff3e17e65072e73bf084a1d72246ec712b8d33c4efbc958192a435", "price_changes": [{"asset_id": "112460056466301987895624067988030855175451380171501724318327858610989988015996", "price": "0.78", "size": "200", "side": "SELL", "hash": "ff36bfc91ee736505060f1cab5219205e1882f23", "best_bid": "0.73", "best_ask": "0.74"}, {"asset_id": "26587715511882279305915423150785410312515132578982630802567001325158618057442", "price": "0.22", "size": "200", "side": "BUY", "hash": "6647a8445fd592a966c2356e7240f1d77351e334", "best_bid": "0.26", "best_ask": "0.27"}], "timestamp": "1769384195917", "event_type": "price_change"}}
{"_local_timestamp": "2026-01-25T23:36:36.021770+00:00", "data": {"market": "0x09aa5f4210ff3e17e65072e73bf084a1d72246ec712b8d33c4efbc958192a435", "price_changes": [{"asset_id": "112460056466301987895624067988030855175451380171501724318327858610989988015996", "price": "0.78", "size": "210", "side": "SELL", "hash": "4f766865060fde13bd5d311e98d6dad01a02c718", "best_bid": "0.73", "best_ask": "0.74"}, {"asset_id": "26587715511882279305915423150785410312515132578982630802567001325158618057442", "price": "0.22", "size": "210", "side": "BUY", "hash": "a8876674ba110e8c662cc396f3dbce88076f8b57", "best_bid": "0.26", "best_ask": "0.27"}], "timestamp": "1769384195945", "event_type": "price_change"}}
{"_local_timestamp": "2026-01-25T23:36:37.490035+00:00", "data": {"market": "0x09aa5f4210ff3e17e65072e73bf084a1d72246ec712b8d33c4efbc958192a435", "price_changes": [{"asset_id": "112460056466301987895624067988030855175451380171501724318327858610989988015996", "price": "0.78", "size": "200", "side": "SELL", "hash": "b01fdf07e0e68a6f54b95033a37008745c5e91e7", "best_bid": "0.73", "best_ask": "0.74"}, {"asset_id": "26587715511882279305915423150785410312515132578982630802567001325158618057442", "price": "0.22", "size": "200", "side": "BUY", "hash": "fc53f1fc7521bf751f75241b650cd2d2dce2c084", "best_bid": "0.26", "best_ask": "0.27"}], "timestamp": "1769384197419", "event_type": "price_change"}}
{"_local_timestamp": "2026-01-25T23:36:37.522114+00:00", "data": {"market": "0x09aa5f4210ff3e17e65072e73bf084a1d72246ec712b8d33c4efbc958192a435", "price_changes": [{"asset_id": "112460056466301987895624067988030855175451380171501724318327858610989988015996", "price": "0.78", "size": "210", "side": "SELL", "hash": "89e9e3b6686b851b888e88ed92303f890cf06c05", "best_bid": "0.73", "best_ask": "0.74"}, {"asset_id": "26587715511882279305915423150785410312515132578982630802567001325158618057442", "price": "0.22", "size": "210", "side": "BUY", "hash": "7e11654a7cacc42385b1106f7387eff1f509c17f", "best_bid": "0.26", "best_ask": "0.27"}], "timestamp": "1769384197444", "event_type": "price_change"}}
{"_local_timestamp": "2026-01-25T23:36:38.988414+00:00", "data": {"market": "0x09aa5f4210ff3e17e65072e73bf084a1d72246ec712b8d33c4efbc958192a435", "price_changes": [{"asset_id": "112460056466301987895624067988030855175451380171501724318327858610989988015996", "price": "0.78", "size": "200", "side": "SELL", "hash": "b06a1cad39d9b62e29ab2a6050107e3f114f9b40", "best_bid": "0.73", "best_ask": "0.74"}, {"asset_id": "26587715511882279305915423150785410312515132578982630802567001325158618057442", "price": "0.22", "size": "200", "side": "BUY", "hash": "9b48e37e838d70bc73e3131467f68493a0a7db36", "best_bid": "0.26", "best_ask": "0.27"}], "timestamp": "1769384198917", "event_type": "price_change"}}
{"_local_timestamp": "2026-01-25T23:36:39.013690+00:00", "data": {"market": "0x09aa5f4210ff3e17e65072e73bf084a1d72246ec712b8d33c4efbc958192a435", "price_changes": [{"asset_id": "112460056466301987895624067988030855175451380171501724318327858610989988015996", "price": "0.78", "size": "210", "side": "SELL", "hash": "ca855840ccd304796733af51103544238c18eada", "best_bid": "0.73", "best_ask": "0.74"}, {"asset_id": "26587715511882279305915423150785410312515132578982630802567001325158618057442", "price": "0.22", "size": "210", "side": "BUY", "hash": "716def1f848fd903aee61fa4a89eb0b6c34ea370", "best_bid": "0.26", "best_ask": "0.27"}], "timestamp": "1769384198945", "event_type": "price_change"}}
{"_local_timestamp": "2026-01-25T23:36:40.517871+00:00", "data": {"market": "0x09aa5f4210ff3e17e65072e73bf084a1d72246ec712b8d33c4efbc958192a435", "price_changes": [{"asset_id": "112460056466301987895624067988030855175451380171501724318327858610989988015996", "price": "0.78", "size": "200", "side": "SELL", "hash": "5f0e31819723c8fe74fce7236d071b458e360cca", "best_bid": "0.73", "best_ask": "0.74"}, {"asset_id": "26587715511882279305915423150785410312515132578982630802567001325158618057442", "price": "0.22", "size": "200", "side": "BUY", "hash": "4f331b251e6e2608111c5b3746aa8d7052687a5c", "best_bid": "0.26", "best_ask": "0.27"}], "timestamp": "1769384200418", "event_type": "price_change"}}
{"_local_timestamp": "2026-01-25T23:36:40.530592+00:00", "data": {"market": "0x09aa5f4210ff3e17e65072e73bf084a1d72246ec712b8d33c4efbc958192a435", "price_changes": [{"asset_id": "112460056466301987895624067988030855175451380171501724318327858610989988015996", "price": "0.78", "size": "210", "side": "SELL", "hash": "06ca4d96b29ccc576e102686cb37d6aaaa93e047", "best_bid": "0.73", "best_ask": "0.74"}, {"asset_id": "26587715511882279305915423150785410312515132578982630802567001325158618057442", "price": "0.22", "size": "210", "side": "BUY", "hash": "9ecf5023bdf1f9d9cbcde623119244cbf605fdb7", "best_bid": "0.26", "best_ask": "0.27"}], "timestamp": "1769384200443", "event_type": "price_change"}}
{"_local_timestamp": "2026-01-25T23:36:42.031460+00:00", "data": {"market": "0x09aa5f4210ff3e17e65072e73bf084a1d72246ec712b8d33c4efbc958192a435", "price_changes": [{"asset_id": "112460056466301987895624067988030855175451380171501724318327858610989988015996", "price": "0.78", "size": "200", "side": "SELL", "hash": "8d9d828c1a494cfd120412c7f0c40ff35287dbe2", "best_bid": "0.73", "best_ask": "0.74"}, {"asset_id": "26587715511882279305915423150785410312515132578982630802567001325158618057442", "price": "0.22", "size": "200", "side": "BUY", "hash": "947caf0e7759b047b46e8eabbce3946237f02698", "best_bid": "0.26", "best_ask": "0.27"}], "timestamp": "1769384201917", "event_type": "price_change"}}
{"_local_timestamp": "2026-01-25T23:36:42.040023+00:00", "data": {"market": "0x09aa5f4210ff3e17e65072e73bf084a1d72246ec712b8d33c4efbc958192a435", "price_changes": [{"asset_id": "112460056466301987895624067988030855175451380171501724318327858610989988015996", "price": "0.78", "size": "210", "side": "SELL", "hash": "a065fd7963de46ea99b313f24581af6312c7544d", "best_bid": "0.73", "best_ask": "0.74"}, {"asset_id": "26587715511882279305915423150785410312515132578982630802567001325158618057442", "price": "0.22", "size": "210", "side": "BUY", "hash": "96ce6602783b30c747008717c3e270f2c14b8904", "best_bid": "0.26", "best_ask": "0.27"}], "timestamp": "1769384201943", "event_type": "price_change"}}
{"_local_timestamp": "2026-01-25T23:36:43.494704+00:00", "data": {"market": "0x09aa5f4210ff3e17e65072e73bf084a1d72246ec712b8d33c4efbc958192a435", "price_changes": [{"asset_id": "112460056466301987895624067988030855175451380171501724318327858610989988015996", "price": "0.78", "size": "200", "side": "SELL", "hash": "714a7478a9a71190e82e428c7dc7c18451650c67", "best_bid": "0.73", "best_ask": "0.74"}, {"asset_id": "26587715511882279305915423150785410312515132578982630802567001325158618057442", "price": "0.22", "size": "200", "side": "BUY", "hash": "d04c865759d82bcc4fa1d8da21e3c231e6dadd68", "best_bid": "0.26", "best_ask": "0.27"}], "timestamp": "1769384203420", "event_type": "price_change"}}
{"_local_timestamp": "2026-01-25T23:36:43.518213+00:00", "data": {"market": "0x09aa5f4210ff3e17e65072e73bf084a1d72246ec712b8d33c4efbc958192a435", "price_changes": [{"asset_id": "112460056466301987895624067988030855175451380171501724318327858610989988015996", "price": "0.78", "size": "210", "side": "SELL", "hash": "4d18d1b7ef44aef610e2c413484131757114691a", "best_bid": "0.73", "best_ask": "0.74"}, {"asset_id": "26587715511882279305915423150785410312515132578982630802567001325158618057442", "price": "0.22", "size": "210", "side": "BUY", "hash": "243d10623e7365d32c61c640e7ca304e356c8629", "best_bid": "0.26", "best_ask": "0.27"}], "timestamp": "1769384203447", "event_type": "price_change"}}
