{"_local_timestamp": "2026-01-25T23:33:46.594535+00:00", "data": [{"market": "0x7ada3db9d76b3186a49078f5afa8f018c2f7b25cdef6becd8c4784258aeb338e", "asset_id": "31381908265744283315243041893853664727636955475519202897184367975619311352185", "timestamp": "1769384025812", "hash": "1a20aa93da7cea3db3ff5850743915c816997941", "bids": [], "asks": [{"price": "0.999", "size": "99999"}, {"price": "0.998", "size": "55000"}, {"price": "0.992", "size": "155"}, {"price": "0.99", "size": "27010"}, {"price": "0.989", "size": "55710"}, {"price": "0.92", "size": "155"}, {"price": "0.903", "size": "100"}, {"price": "0.901", "size": "100"}, {"price": "0.9", "size": "3500"}, {"price": "0.899", "size": "10000"}, {"price": "0.53", "size": "100"}, {"price": "0.51", "size": "100"}, {"price": "0.503", "size": "200"}, {"price": "0.501", "size": "100"}, {"price": "0.5", "size": "176"}, {"price": "0.25", "size": "60"}, {"price": "0.233", "size": "60"}, {"price": "0.232", "size": "53"}, {"price": "0.231", "size": "60"}, {"price": "0.23", "size": "60"}, {"price": "0.229", "size": "10.47"}, {"price": "0.124", "size": "58.45"}, {"price": "0.123", "size": "53"}, {"price": "0.121", "size": "18.58"}, {"price": "0.12", "size": "5.51"}, {"price": "0.009", "size": "500"}, {"price": "0.001", "size": "100000"}], "event_type": "book", "last_trade_price": ""}, {"market": "0x7ada3db9d76b3186a49078f5afa8f018c2f7b25cdef6becd8c4784258aeb338e", "asset_id": "62325296737039765102294493917198015544179764621545135114495759327636159407189", "timestamp": "1769384025812", "hash": "f703de50002dacd9ab62eb4b9c6c3ef5d73ef4a0", "bids": [{"price": "0.001", "size": "99999"}, {"price": "0.002", "size": "55000"}, {"price": "0.008", "size": "155"}, {"price": "0.01", "size": "27010"}, {"price": "0.011", "size": "55710"}, {"price": "0.08", "size": "155"}, {"price": "0.097", "size": "100"}, {"price": "0.099", "size": "100"}, {"price": "0.1", "size": "3500"}, {"price": "0.101", "size": "10000"}, {"price": "0.47", "size": "100"}, {"price": "0.49", "size": "100"}, {"price": "0.497", "size": "200"}, {"price": "0.499", "size": "100"}, {"price": "0.5", "size": "176"}, {"price": "0.75", "size": "60"}, {"price": "0.767", "size": "60"}, {"price": "0.768", "size": "53"}, {"price": "0.769", "size": "60"}, {"price": "0.77", "size": "60"}, {"price": "0.771", "size": "10.47"}, {"price": "0.876", "size": "58.45"}, {"price": "0.877", "size": "53"}, {"price": "0.879", "size": "18.58"}, {"price": "0.88", "size": "5.51"}, {"price": "0.991", "size": "500"}, {"price": "0.999", "size": "100000"}], "asks": [], "event_type": "book", "last_trade_price": ""}, {"market": "0x577ae3a90df3bbdf5d4debd36d8a43e06cfcdc9415d40d9fa9f79c779b27aa0f", "asset_id": "103627701503078319094912608444733100124753318190587840710243681051378504205822", "timestamp": "1769384025810", "hash": "dd2d6546a6b7415c967ab4d97a8cc16967182d15", "bids": [{"price": "0.001", "size": "99999"}, {"price": "0.002", "size": "55000"}, {"price": "0.008", "size": "155"}, {"price": "0.01", "size": "27010"}, {"price": "0.011", "size": "55710"}, {"price": "0.08", "size": "155"}, {"price": "0.097", "size": "100"}, {"price": "0.099", "size": "100"}, {"price": "0.1", "size": "3500"}, {"price": "0.101", "size": "10000"}, {"price": "0.47", "size": "100"}, {"price": "0.49", "size": "100"}, {"price": "0.497", "size": "200"}, {"price": "0.499", "size": "100"}, {"price": "0.5", "size": "176"}, {"price": "0.75", "size": "60"}, {"price": "0.767", "size": "60"}, {"price": "0.768", "size": "53"}, {"price": "0.769", "size": "60"}, {"price": "0.77", "size": "60"}, {"price": "0.771", "size": "53"}, {"price": "0.772", "size": "5.51"}, {"price": "0.991", "size": "500"}, {"price": "0.992", "size": "87.5"}, {"price": "0.999", "size": "100000"}], "asks": [], "event_type": "book", "last_trade_price": ""}, {"market": "0x577ae3a90df3bbdf5d4debd36d8a43e06cfcdc9415d40d9fa9f79c779b27aa0f", "asset_id": "92234681942291201782612096964959298120784556050503876692460865106354080924791", "timestamp": "1769384025810", "hash": "826d12577ecbbf68072026743a91e2cd2463e600", "bids": [], "asks": [{"price": "0.999", "size": "99999"}, {"price": "0.998", "size": "55000"}, {"price": "0.992", "size": "155"}, {"price": "0.99", "size": "27010"}, {"price": "0.989", "size": "55710"}, {"price": "0.92", "size": "155"}, {"price": "0.903", "size": "100"}, {"price": "0.901", "size": "100"}, {"price": "0.9", "size": "3500"}, {"price": "0.899", "size": "10000"}, {"price": "0.53", "size": "100"}, {"price": "0.51", "size": "100"}, {"price": "0.503", "size": "200"}, {"price": "0.501", "size": "100"}, {"price": "0.5", "size": "176"}, {"price": "0.25", "size": "60"}, {"price": "0.233", "size": "60"}, {"price": "0.232", "size": "53"}, {"price": "0.231", "size": "60"}, {"price": "0.23", "size": "60"}, {"price": "0.229", "size": "53"}, {"price": "0.228", "size": "5.51"}, {"price": "0.009", "size": "500"}, {"price": "0.008", "size": "87.5"}, {"price": "0.001", "size": "100000"}], "event_type": "book", "last_trade_price": ""}]}
{"_local_timestamp": "2026-01-25T23:33:47.572716+00:00", "data": {"market": "0x7ada3db9d76b3186a49078f5afa8f018c2f7b25cdef6becd8c4784258aeb338e", "price_changes": [{"asset_id": "62325296737039765102294493917198015544179764621545135114495759327636159407189", "price": "0.999", "size": "102497", "side": "BUY", "hash": "b1c4c53e0b82486c61266b43ac9e5721689d626f", "best_bid": "0.999", "best_ask": "1"}, {"asset_id": "31381908265744283315243041893853664727636955475519202897184367975619311352185", "price": "0.001", "size": "102497", "side": "SELL", "hash": "8c426a06b0b7665ae255f46ba5db3a0b5b82d5f8", "best_bid": "0", "best_ask": "0.001"}], "timestamp": "1769384027501", "event_type": "price_change"}}
{"_local_timestamp": "2026-01-25T23:33:47.573457+00:00", "data": {"market": "0x577ae3a90df3bbdf5d4debd36d8a43e06cfcdc9415d40d9fa9f79c779b27aa0f", "price_changes": [{"asset_id": "103627701503078319094912608444733100124753318190587840710243681051378504205822", "price": "0.999", "size": "102497", "side": "BUY", "hash": "cd83e26dcd2211a2b5864f8e2d054f12dc498228", "best_bid": "0.999", "best_ask": "1"}, {"asset_id": "92234681942291201782612096964959298120784556050503876692460865106354080924791", "price": "0.001", "size": "102497", "side": "SELL", "hash": "510b45cea232f877dc509c88173565c3f4e71dae", "best_bid": "0", "best_ask": "0.001"}], "timestamp": "1769384027501", "event_type": "price_change"}}
{"_local_timestamp": "2026-01-25T23:33:47.977836+00:00", "data": {"market": "0x577ae3a90df3bbdf5d4debd36d8a43e06cfcdc9415d40d9fa9f79c779b27aa0f", "price_changes": [{"asset_id": "103627701503078319094912608444733100124753318190587840710243681051378504205822", "price": "0.999", "size": "104993", "side": "BUY", "hash": "f479cb4cbb093164a4ba21c4c571fe2a2fdedd65", "best_bid": "0.999", "best_ask": "1"}, {"asset_id": "92234681942291201782612096964959298120784556050503876692460865106354080924791", "price": "0.001", "size": "104993", "side": "SELL", "hash": "1c662d1886ffee0f8a23be34fe12d53917164b3f", "best_bid": "0", "best_ask": "0.001"}], "timestamp": "1769384027911", "event_type": "price_change"}}
{"_local_timestamp": "2026-01-25T23:33:47.981455+00:00", "data": {"market": "0x7ada3db9d76b3186a49078f5afa8f018c2f7b25cdef6becd8c4784258aeb338e", "price_changes": [{"asset_id": "62325296737039765102294493917198015544179764621545135114495759327636159407189", "price": "0.999", "size": "104993", "side": "BUY", "hash": "c917db9daaa6673efe65619c2f4cfb7176bb9d43", "best_bid": "0.999", "best_ask": "1"}, {"asset_id": "31381908265744283315243041893853664727636955475519202897184367975619311352185", "price": "0.001", "size": "104993", "side": "SELL", "hash": "b7079b15d2ad59dee89c43fec2ce844e46115a25", "best_bid": "0", "best_ask": "0.001"}], "timestamp": "1769384027911", "event_type": "price_change"}}
{"_local_timestamp": "2026-01-25T23:33:48.485999+00:00", "data": {"market": "0x577ae3a90df3bbdf5d4debd36d8a43e06cfcdc9415d40d9fa9f79c779b27aa0f", "price_changes": [{"asset_id": "103627701503078319094912608444733100124753318190587840710243681051378504205822", "price": "0.999", "size": "107488", "side": "BUY", "hash": "43ccfd0fca6087b031449b3899f3c261074e6ec5", "best_bid": "0.999", "best_ask": "1"}, {"asset_id": "92234681942291201782612096964959298120784556050503876692460865106354080924791", "price": "0.001", "size": "107488", "side": "SELL", "hash": "b0c0f0e880a2e61472afab391066b10df3097031", "best_bid": "0", "best_ask": "0.001"}], "timestamp": "1769384028422", "event_type": "price_change"}}
{"_local_timestamp": "2026-01-25T23:33:48.487695+00:00", "data": {"market": "0x7ada3db9d76b3186a49078f5afa8f018c2f7b25cdef6becd8c4784258aeb338e", "price_changes": [{"asset_id": "62325296737039765102294493917198015544179764621545135114495759327636159407189", "price": "0.999", "size": "107488", "side": "BUY", "hash": "ecbb81afa8a6fb6b088aba246c018f525b4a81e0", "best_bid": "0.999", "best_ask": "1"}, {"asset_id": "31381908265744283315243041893853664727636955475519202897184367975619311352185", "price": "0.001", "size": "107488", "side": "SELL", "hash": "f7092f59bddd7276addec0963e1dfcdcb2e3002a", "best_bid": "0", "best_ask": "0.001"}], "timestamp": "1769384028422", "event_type": "price_change"}}
{"_local_timestamp": "2026-01-25T23:33:49.319856+00:00", "data": {"market": "0x7ada3db9d76b3186a49078f5afa8f018c2f7b25cdef6becd8c4784258aeb338e", "price_changes": [{"asset_id": "62325296737039765102294493917198015544179764621545135114495759327636159407189", "price": "0.999", "size": "108111", "side": "BUY", "hash": "c4d88c8c66b2ce024083bd70f0c30ea32022e39a", "best_bid": "0.999", "best_ask": "1"}, {"asset_id": "31381908265744283315243041893853664727636955475519202897184367975619311352185", "price": "0.001", "size": "108111", "side": "SELL", "hash": "e3b9f12305c739b2b6d7cd88f9cac7e6f535d0ac", "best_bid": "0", "best_ask": "0.001"}], "timestamp": "1769384029236", "event_type": "price_change"}}
{"_local_timestamp": "2026-01-25T23:33:49.320371+00:00", "data": {"market": "0x577ae3a90df3bbdf5d4debd36d8a43e06cfcdc9415d40d9fa9f79c779b27aa0f", "price_changes": [{"asset_id": "103627701503078319094912608444733100124753318190587840710243681051378504205822", "price": "0.999", "size": "108111", "side": "BUY", "hash": "9ef3dd9be26a6fe43c272daeb171a2be50ea2862", "best_bid": "0.999", "best_ask": "1"}, {"asset_id": "92234681942291201782612096964959298120784556050503876692460865106354080924791", "price": "0.001", "size": "108111", "side": "SELL", "hash": "54aed1ca9d759f8648335c0416ead841f1d2cc50", "best_bid": "0", "best_ask": "0.001"}], "timestamp": "1769384029236", "event_type": "price_change"}}
{"_local_timestamp": "2026-01-25T23:33:49.795397+00:00", "data": {"market": "0x7ada3db9d76b3186a49078f5afa8f018c2f7b25cdef6becd8c4784258aeb338e", "price_changes": [{"asset_id": "62325296737039765102294493917198015544179764621545135114495759327636159407189", "price": "0.999", "size": "108733", "side": "BUY", "hash": "af5c3660c49d27e3926af20057ec6223629f5cc9", "best_bid": "0.999", "best_ask": "1"}, {"asset_id": "31381908265744283315243041893853664727636955475519202897184367975619311352185", "price": "0.001", "size": "108733", "side": "SELL", "hash": "dc729a2e6abdfeee76aadd9bc71d18100352a816", "best_bid": "0", "best_ask": "0.001"}], "timestamp": "1769384029719", "event_type": "price_change"}}
{"_local_timestamp": "2026-01-25T23:33:49.795796+00:00", "data": {"market": "0x577ae3a90df3bbdf5d4debd36d8a43e06cfcdc9415d40d9fa9f79c779b27aa0f", "price_changes": [{"asset_id": "103627701503078319094912608444733100124753318190587840710243681051378504205822", "price": "0.999", "size": "108733", "side": "BUY", "hash": "930c742628a376637fea1088340ef4c0e4124b5d", "best_bid": "0.999", "best_ask": "1"}, {"asset_id": "92234681942291201782612096964959298120784556050503876692460865106354080924791", "price": "0.001", "size": "108733", "side": "SELL", "hash": "a129731f4247aab42fb532e90d38dfbf69dfeaf3", "best_bid": "0", "best_ask": "0.001"}], "timestamp": "1769384029719", "event_type": "price_change"}}
{"_local_timestamp": "2026-01-25T23:33:51.637655+00:00", "data": {"market": "0x7ada3db9d76b3186a49078f5afa8f018c2f7b25cdef6becd8c4784258aeb338e", "price_changes": [{"asset_id": "62325296737039765102294493917198015544179764621545135114495759327636159407189", "price": "0.999", "size": "108888", "side": "BUY", "hash": "2f70db8da1e9bba6d6ad9cbd1ad83359ea104d31", "best_bid": "0.999", "best_ask": "1"}, {"asset_id": "31381908265744283315243041893853664727636955475519202897184367975619311352185", "price": "0.001", "size": "108888", "side": "SELL", "hash": "68a2d09595d7246d3aa40c9b50225c80a5cf6b6d", "best_bid": "0", "best_ask": "0.001"}], "timestamp": "1769384031554", "event_type": "price_change"}}
{"_local_timestamp": "2026-01-25T23:33:51.638229+00:00", "data": {"market": "0x577ae3a90df3bbdf5d4debd36d8a43e06cfcdc9415d40d9fa9f79c779b27aa0f", "price_changes": [{"asset_id": "103627701503078319094912608444733100124753318190587840710243681051378504205822", "price": "0.999", "size": "108888", "side": "BUY", "hash": "4bcffd7664cab2811cd8f8eef270610059b68e32", "best_bid": "0.999", "best_ask": "1"}, {"asset_id": "92234681942291201782612096964959298120784556050503876692460865106354080924791", "price": "0.001", "size": "108888", "side": "SELL", "hash": "3d4848a85e2464f2cf203b414bc5d80d8c72e9bc", "best_bid": "0", "best_ask": "0.001"}], "timestamp": "1769384031554", "event_type": "price_change"}}
{"_local_timestamp": "2026-01-25T23:33:52.606078+00:00", "data": {"market": "0x577ae3a90df3bbdf5d4debd36d8a43e06cfcdc9415d40d9fa9f79c779b27aa0f", "price_changes": [{"asset_id": "103627701503078319094912608444733100124753318190587840710243681051378504205822", "price": "0.999", "size": "109042", "side": "BUY", "hash": "81985ef527c940dc1bd49354d2cc8e2b874a1a63", "best_bid": "0.999", "best_ask": "1"}, {"asset_id": "92234681942291201782612096964959298120784556050503876692460865106354080924791", "price": "0.001", "size": "109042", "side": "SELL", "hash": "e3d3b682a51f0bf4a84e703795d1cefd3959aee3", "best_bid": "0", "best_ask": "0.001"}], "timestamp": "1769384032533", "event_type": "price_change"}}
{"_local_timestamp": "2026-01-25T23:33:52.608019+00:00", "data": {"market": "0x7ada3db9d76b3186a49078f5afa8f018c2f7b25cdef6becd8c4784258aeb338e", "price_changes": [{"asset_id": "62325296737039765102294493917198015544179764621545135114495759327636159407189", "price": "0.999", "size": "109042", "side": "BUY", "hash": "bc76227247041218fa8f669bd8ca596a1d124228", "best_bid": "0.999", "best_ask": "1"}, {"asset_id": "31381908265744283315243041893853664727636955475519202897184367975619311352185", "price": "0.001", "size": "109042", "side": "SELL", "hash": "59c74af0bdc92b66d68a02295d66c5856b0246a9", "best_bid": "0", "best_ask": "0.001"}], "timestamp": "1769384032534", "event_type": "price_change"}}
{"_local_timestamp": "2026-01-25T23:33:52.967497+00:00", "data": {"market": "0x7ada3db9d76b3186a49078f5afa8f018c2f7b25cdef6becd8c4784258aeb338e", "price_changes": [{"asset_id": "62325296737039765102294493917198015544179764621545135114495759327636159407189", "price": "0.999", "size": "109195", "side": "BUY", "hash": "0beae15c7c304e811494b95f8bdcfe31f93af96d", "best_bid": "0.999", "best_ask": "1"}, {"asset_id": "31381908265744283315243041893853664727636955475519202897184367975619311352185", "price": "0.001", "size": "109195", "side": "SELL", "hash": "0d518af8f020a9f399ce8c88e350f1c4d8edf66c", "best_bid": "0", "best_ask": "0.001"}], "timestamp": "1769384032894", "event_type": "price_change"}}
{"_local_timestamp": "2026-01-25T23:33:52.971522+00:00", "data": {"market": "0x577ae3a90df3bbdf5d4debd36d8a43e06cfcdc9415d40d9fa9f79c779b27aa0f", "price_changes": [{"asset_id": "103627701503078319094912608444733100124753318190587840710243681051378504205822", "price": "0.999", "size": "109195", "side": "BUY", "hash": "9070744418441d2cec6772f158b000e7bc2a01b0", "best_bid": "0.999", "best_ask": "1"}, {"asset_id": "92234681942291201782612096964959298120784556050503876692460865106354080924791", "price": "0.001", "size": "109195", "side": "SELL", "hash": "c2a37a02cd5da6b2d3664ae67159feb78cdbf052", "best_bid": "0", "best_ask": "0.001"}], "timestamp": "1769384032894", "event_type": "price_change"}}
{"_local_timestamp": "2026-01-25T23:33:54.594190+00:00", "data": {"market": "0x7ada3db9d76b3186a49078f5afa8f018c2f7b25cdef6becd8c4784258aeb338e", "price_changes": [{"asset_id": "62325296737039765102294493917198015544179764621545135114495759327636159407189", "price": "0.999", "size": "109232", "side": "BUY", "hash": "ee709b4e4f77da3b05680a32044333919a977379", "best_bid": "0.999", "best_ask": "1"}, {"asset_id": "31381908265744283315243041893853664727636955475519202897184367975619311352185", "price": "0.001", "size": "109232", "side": "SELL", "hash": "14444aaeb7e7eb1f3a0be0cbd7657826abd67c06", "best_bid": "0", "best_ask": "0.001"}], "timestamp": "1769384034512", "event_type": "price_change"}}
{"_local_timestamp": "2026-01-25T23:33:54.596241+00:00", "data": {"market": "0x577ae3a90df3bbdf5d4debd36d8a43e06cfcdc9415d40d9fa9f79c779b27aa0f", "price_changes": [{"asset_id": "103627701503078319094912608444733100124753318190587840710243681051378504205822", "price": "0.999", "size": "109232", "side": "BUY", "hash": "98430a47f9bc06c84a5b653b318dff87cf1e674d", "best_bid": "0.999", "best_ask": "1"}, {"asset_id": "92234681942291201782612096964959298120784556050503876692460865106354080924791", "price": "0.001", "size": "109232", "side": "SELL", "hash": "95174218c4515592fe8705bffb5a9c96e048a1bc", "best_bid": "0", "best_ask": "0.001"}], "timestamp": "1769384034512", "event_type": "price_change"}}
{"_local_timestamp": "2026-01-25T23:33:55.145207+00:00", "data": {"market": "0x577ae3a90df3bbdf5d4debd36d8a43e06cfcdc9415d40d9fa9f79c779b27aa0f", "price_changes": [{"asset_id": "103627701503078319094912608444733100124753318190587840710243681051378504205822", "price": "0.999", "size": "109268", "side": "BUY", "hash": "f90a8676fe09d4992e64934d382f435d392b67e4", "best_bid": "0.999", "best_ask": "1"}, {"asset_id": "92234681942291201782612096964959298120784556050503876692460865106354080924791", "price": "0.001", "size": "109268", "side": "SELL", "hash": "2a907d21583908f64c4726abd61145a2fdc44dd7", "best_bid": "0", "best_ask": "0.001"}], "timestamp": "1769384035077", "event_type": "price_change"}}
{"_local_timestamp": "2026-01-25T23:33:55.210946+00:00", "data": {"market": "0x7ada3db9d76b3186a49078f5afa8f018c2f7b25cdef6becd8c4784258aeb338e", "price_changes": [{"asset_id": "62325296737039765102294493917198015544179764621545135114495759327636159407189", "price": "0.999", "size": "109268", "side": "BUY", "hash": "b00eab89e27efa6c0e45a87e8227958bd4210eea", "best_bid": "0.999", "best_ask": "1"}, {"asset_id": "31381908265744283315243041893853664727636955475519202897184367975619311352185", "price": "0.001", "size": "109268", "side": "SELL", "hash": "660b603e077e9f17877c15f083658f32977107ec", "best_bid": "0", "best_ask": "0.001"}], "timestamp": "1769384035078", "event_type": "price_change"}}
{"_local_timestamp": "2026-01-25T23:33:55.601495+00:00", "data": {"market": "0x577ae3a90df3bbdf5d4debd36d8a43e06cfcdc9415d40d9fa9f79c779b27aa0f", "price_changes": [{"asset_id": "103627701503078319094912608444733100124753318190587840710243681051378504205822", "price": "0.999", "size": "109303", "side": "BUY", "hash": "94c321aaaeff8846f23a84934c745be9dd4e56ae", "best_bid": "0.999", "best_ask": "1"}, {"asset_id": "92234681942291201782612096964959298120784556050503876692460865106354080924791", "price": "0.001", "size": "109303", "side": "SELL", "hash": "1e78748a0f412850b0013129eda7ac058f262450", "best_bid": "0", "best_ask": "0.001"}], "timestamp": "1769384035528", "event_type": "price_change"}}
{"_local_timestamp": "2026-01-25T23:33:55.603197+00:00", "data": {"market": "0x7ada3db9d76b3186a49078f5afa8f018c2f7b25cdef6becd8c4784258aeb338e", "price_changes": [{"asset_id": "62325296737039765102294493917198015544179764621545135114495759327636159407189", "price": "0.999", "size": "109303", "side": "BUY", "hash": "54f2907a81a77e8478590fcb7d8e0690a33b87d8", "best_bid": "0.999", "best_ask": "1"}, {"asset_id": "31381908265744283315243041893853664727636955475519202897184367975619311352185", "price": "0.001", "size": "109303", "side": "SELL", "hash": "2e055eb44e63000a2e406ecc2ee707c358ac85c0", "best_bid": "0", "best_ask": "0.001"}], "timestamp": "1769384035528", "event_type": "price_change"}}
{"_local_timestamp": "2026-01-25T23:34:08.123618+00:00", "data": {"market": "0x7ada3db9d76b3186a49078f5afa8f018c2f7b25cdef6becd8c4784258aeb338e", "price_changes": [{"asset_id": "62325296737039765102294493917198015544179764621545135114495759327636159407189", "price": "0.999", "size": "104993", "side": "BUY", "hash": "81eecec854445b0b0f5dc92bc9b2e49ff21c7b67", "best_bid": "0.999", "best_ask": "1"}, {"asset_id": "31381908265744283315243041893853664727636955475519202897184367975619311352185", "price": "0.001", "size": "104993", "side": "SELL", "hash": "e0b19fd33aead250e16e2ef0728f854d6ef91653", "best_bid": "0", "best_ask": "0.001"}], "timestamp": "1769384047891", "event_type": "price_change"}}
{"_local_timestamp": "2026-01-25T23:34:08.144198+00:00", "data": {"market": "0x577ae3a90df3bbdf5d4debd36d8a43e06cfcdc9415d40d9fa9f79c779b27aa0f", "price_changes": [{"asset_id": "103627701503078319094912608444733100124753318190587840710243681051378504205822", "price": "0.999", "size": "104993", "side": "BUY", "hash": "5a8568199b1c688e25247404569067aa2db333ad", "best_bid": "0.999", "best_ask": "1"}, {"asset_id": "92234681942291201782612096964959298120784556050503876692460865106354080924791", "price": "0.001", "size": "104993", "side": "SELL", "hash": "122b8d4c4ef8571b33dc4ff86835a89a6bfb9c30", "best_bid": "0", "best_ask": "0.001"}], "timestamp": "1769384047890", "event_type": "price_change"}}
{"_local_timestamp": "2026-01-25T23:34:08.793713+00:00", "data": {"market": "0x7ada3db9d76b3186a49078f5afa8f018c2f7b25cdef6becd8c4784258aeb338e", "price_changes": [{"asset_id": "62325296737039765102294493917198015544179764621545135114495759327636159407189", "price": "0.999", "size": "100000", "side": "BUY", "hash": "54017c44977e23e082cec6f8dba188c50d05615f", "best_bid": "0.999", "best_ask": "1"}, {"asset_id": "31381908265744283315243041893853664727636955475519202897184367975619311352185", "price": "0.001", "size": "100000", "side": "SELL", "hash": "47933b14b90e2ade771277a4771bdfa436a3b262", "best_bid": "0", "best_ask": "0.001"}], "timestamp": "1769384048562", "event_type": "price_change"}}
{"_local_timestamp": "2026-01-25T23:34:08.825026+00:00", "data": {"market": "0x577ae3a90df3bbdf5d4debd36d8a43e06cfcdc9415d40d9fa9f79c779b27aa0f", "price_changes": [{"asset_id": "103627701503078319094912608444733100124753318190587840710243681051378504205822", "price": "0.999", "size": "100000", "side": "BUY", "hash": "6362002d43721e5207480fdc522f9fec2f830d03", "best_bid": "0.999", "best_ask": "1"}, {"asset_id": "92234681942291201782612096964959298120784556050503876692460865106354080924791", "price": "0.001", "size": "100000", "side": "SELL", "hash": "17cdeade97a37ad247e3c2c649385d1b6f4bf33b", "best_bid": "0", "best_ask": "0.001"}], "timestamp": "1769384048563", "event_type": "price_change"}}
{"_local_timestamp": "2026-01-25T23:34:09.466739+00:00", "data": {"market": "0x577ae3a90df3bbdf5d4debd36d8a43e06cfcdc9415d40d9fa9f79c779b27aa0f", "price_changes": [{"asset_id": "103627701503078319094912608444733100124753318190587840710243681051378504205822", "price": "0.999", "size": "90000", "side": "BUY", "hash": "b245e0ff0b8acbf44a5b4d9d5ab1c95ba4b8a41b", "best_bid": "0.999", "best_ask": "1"}, {"asset_id": "92234681942291201782612096964959298120784556050503876692460865106354080924791", "price": "0.001", "size": "90000", "side": "SELL", "hash": "fe7d71e5e9ef4cd6f16101247bec6a301953b224", "best_bid": "0", "best_ask": "0.001"}], "timestamp": "1769384049209", "event_type": "price_change"}}
{"_local_timestamp": "2026-01-25T23:34:09.477031+00:00", "data": {"market": "0x7ada3db9d76b3186a49078f5afa8f018c2f7b25cdef6becd8c4784258aeb338e", "price_changes": [{"asset_id": "62325296737039765102294493917198015544179764621545135114495759327636159407189", "price": "0.999", "size": "90000", "side": "BUY", "hash": "5bbdefefbc7af291232a4b3c7eb1cb86b785eba2", "best_bid": "0.999", "best_ask": "1"}, {"asset_id": "31381908265744283315243041893853664727636955475519202897184367975619311352185", "price": "0.001", "size": "90000", "side": "SELL", "hash": "2061606043c5638422dc809460f1c2d40518daf9", "best_bid": "0", "best_ask": "0.001"}], "timestamp": "1769384049209", "event_type": "price_change"}}
{"_local_timestamp": "2026-01-25T23:34:11.333457+00:00", "data": {"market": "0x577ae3a90df3bbdf5d4debd36d8a43e06cfcdc9415d40d9fa9f79c779b27aa0f", "price_changes": [{"asset_id": "103627701503078319094912608444733100124753318190587840710243681051378504205822", "price": "0.999", "size": "92500", "side": "BUY", "hash": "1eeadc0da017627c686f60da163769c684a290d8", "best_bid": "0.999", "best_ask": "1"}, {"asset_id": "92234681942291201782612096964959298120784556050503876692460865106354080924791", "price": "0.001", "size": "92500", "side": "SELL", "hash": "b4d3789df914bc1b18ba6fe28c4cb5aaf20110ed", "best_bid": "0", "best_ask": "0.001"}], "timestamp": "1769384051124", "event_type": "price_change"}}
{"_local_timestamp": "2026-01-25T23:34:11.339773+00:00", "data": {"market": "0x7ada3db9d76b3186a49078f5afa8f018c2f7b25cdef6becd8c4784258aeb338e", "price_changes": [{"asset_id": "62325296737039765102294493917198015544179764621545135114495759327636159407189", "price": "0.999", "size": "92500", "side": "BUY", "hash": "e6b8c695b4a1bc2fcf6f1d5cfad4e4eb6616f585", "best_bid": "0.999", "best_ask": "1"}, {"asset_id": "31381908265744283315243041893853664727636955475519202897184367975619311352185", "price": "0.001", "size": "92500", "side": "SELL", "hash": "91c8d823708dfacf11e41e677540136512004f0f", "best_bid": "0", "best_ask": "0.001"}], "timestamp": "1769384051124", "event_type": "price_change"}}
{"_local_timestamp": "2026-01-25T23:34:12.606025+00:00", "data": {"market": "0x7ada3db9d76b3186a49078f5afa8f018c2f7b25cdef6becd8c4784258aeb338e", "price_changes": [{"asset_id": "62325296737039765102294493917198015544179764621545135114495759327636159407189", "price": "0.999", "size": "93124", "side": "BUY", "hash": "fdcc206a76febe2e4d95a9b7d5cd9fe0c3ab4f33", "best_bid": "0.999", "best_ask": "1"}, {"asset_id": "31381908265744283315243041893853664727636955475519202897184367975619311352185", "price": "0.001", "size": "93124", "side": "SELL", "hash": "642ec33dd823ecd22a18b511bb8b982aab7ca160", "best_bid": "0", "best_ask": "0.001"}], "timestamp": "1769384052361", "event_type": "price_change"}}
{"_local_timestamp": "2026-01-25T23:34:12.606494+00:00", "data": {"market": "0x577ae3a90df3bbdf5d4debd36d8a43e06cfcdc9415d40d9fa9f79c779b27aa0f", "price_changes": [{"asset_id": "103627701503078319094912608444733100124753318190587840710243681051378504205822", "price": "0.999", "size": "93124", "side": "BUY", "hash": "9be890bb71dc703dc1fcbe0cde2bd0c232c138e9", "best_bid": "0.999", "best_ask": "1"}, {"asset_id": "92234681942291201782612096964959298120784556050503876692460865106354080924791", "price": "0.001", "size": "93124", "side": "SELL", "hash": "40620a4cbc53b1f7fa40607c631882dd15cd0f4a", "best_bid": "0", "best_ask": "0.001"}], "timestamp": "1769384052361", "event_type": "price_change"}}
{"_local_timestamp": "2026-01-25T23:34:13.735389+00:00", "data": {"market": "0x7ada3db9d76b3186a49078f5afa8f018c2f7b25cdef6becd8c4784258aeb338e", "price_changes": [{"asset_id": "62325296737039765102294493917198015544179764621545135114495759327636159407189", "price": "0.999", "size": "93279", "side": "BUY", "hash": "0b67708d04ede86bd0a0dc703e54f5e6f2fea574", "best_bid": "0.999", "best_ask": "1"}, {"asset_id": "31381908265744283315243041893853664727636955475519202897184367975619311352185", "price": "0.001", "size": "93279", "side": "SELL", "hash": "18b6163171e65371ea20a8dd9509eae4180f14dd", "best_bid": "0", "best_ask": "0.001"}], "timestamp": "1769384053419", "event_type": "price_change"}}
{"_local_timestamp": "2026-01-25T23:34:13.736198+00:00", "data": {"market": "0x577ae3a90df3bbdf5d4debd36d8a43e06cfcdc9415d40d9fa9f79c779b27aa0f", "price_changes": [{"asset_id": "103627701503078319094912608444733100124753318190587840710243681051378504205822", "price": "0.999", "size": "93279", "side": "BUY", "hash": "beffc4f33c6a6e788500807306a98ef66055b0ae", "best_bid": "0.999", "best_ask": "1"}, {"asset_id": "92234681942291201782612096964959298120784556050503876692460865106354080924791", "price": "0.001", "size": "93279", "side": "SELL", "hash": "68c28b8b4528ddf247cca96059fb34b3b48f3a38", "best_bid": "0", "best_ask": "0.001"}], "timestamp": "1769384053419", "event_type": "price_change"}}
