{"_local_timestamp": "2026-01-25T23:41:13.441666+00:00", "data": [{"market": "0x8ae921c24fc0e0463e3009f8ec68cb827ab192ff4234796fbed65778946c4bb4", "asset_id": "109890765802094520314466238764724896138445452811063729197405027280649999403861", "timestamp": "1769383872488", "hash": "bea8b97e2d200471cd388488b1e869c939fb7ccc", "bids": [{"price": "0.01", "size": "1280"}, {"price": "0.02", "size": "156.54"}, {"price": "0.03", "size": "75"}, {"price": "0.04", "size": "21.72"}, {"price": "0.13", "size": "300"}, {"price": "0.14", "size": "1044"}, {"price": "0.15", "size": "100"}, {"price": "0.16", "size": "1125"}, {"price": "0.17", "size": "575"}, {"price": "0.18", "size": "72.22"}, {"price": "0.19", "size": "57.89"}, {"price": "0.21", "size": "64.52"}, {"price": "0.22", "size": "19.51"}, {"price": "0.25", "size": "3000"}, {"price": "0.26", "size": "58.86"}], "asks": [{"price": "0.99", "size": "2989.84"}, {"price": "0.98", "size": "2250"}, {"price": "0.97", "size": "5.65"}, {"price": "0.95", "size": "2000"}, {"price": "0.94", "size": "200"}, {"price": "0.93", "size": "10.45"}, {"price": "0.88", "size": "1150"}, {"price": "0.86", "size": "50"}, {"price": "0.8", "size": "400"}, {"price": "0.73", "size": "200"}, {"price": "0.66", "size": "100"}, {"price": "0.64", "size": "300"}, {"price": "0.59", "size": "200"}, {"price": "0.56", "size": "969"}, {"price": "0.52", "size": "75"}, {"price": "0.5", "size": "80"}, {"price": "0.46", "size": "24.07"}, {"price": "0.45", "size": "20"}, {"price": "0.34", "size": "1000"}, {"price": "0.33", "size": "487.49"}], "event_type": "book", "last_trade_price": "0.670"}, {"market": "0x8ae921c24fc0e0463e3009f8ec68cb827ab192ff4234796fbed65778946c4bb4", "asset_id": "73115803407756156037600269991619321742302493462369794046920755656645489158581", "timestamp": "1769383872488", "hash": "c7677164c18a901aeedf37d41f3025c1fd36c095", "bids": [{"price": "0.01", "size": "2989.84"}, {"price": "0.02", "size": "2250"}, {"price": "0.03", "size": "5.65"}, {"price": "0.05", "size": "2000"}, {"price": "0.06", "size": "200"}, {"price": "0.07", "size": "10.45"}, {"price": "0.12", "size": "1150"}, {"price": "0.14", "size": "50"}, {"price": "0.2", "size": "400"}, {"price": "0.27", "size": "200"}, {"price": "0.34", "size": "100"}, {"price": "0.36", "size": "300"}, {"price": "0.41", "size": "200"}, {"price": "0.44", "size": "969"}, {"price": "0.48", "size": "75"}, {"price": "0.5", "size": "80"}, {"price": "0.54", "size": "24.07"}, {"price": "0.55", "size": "20"}, {"price": "0.66", "size": "1000"}, {"price": "0.67", "size": "487.49"}], "asks": [{"price": "0.99", "size": "1280"}, {"price": "0.98", "size": "156.54"}, {"price": "0.97", "size": "75"}, {"price": "0.96", "size": "21.72"}, {"price": "0.87", "size": "300"}, {"price": "0.86", "size": "1044"}, {"price": "0.85", "size": "100"}, {"price": "0.84", "size": "1125"}, {"price": "0.83", "size": "575"}, {"price": "0.82", "size": "72.22"}, {"price": "0.81", "size": "57.89"}, {"price": "0.79", "size": "64.52"}, {"price": "0.78", "size": "19.51"}, {"price": "0.75", "size": "3000"}, {"price": "0.74", "size": "58.86"}], "event_type": "book", "last_trade_price": "0.670"}]}
{"_local_timestamp": "2026-01-25T23:41:27.195197+00:00", "data": {"market": "0x8ae921c24fc0e0463e3009f8ec68cb827ab192ff4234796fbed65778946c4bb4", "price_changes": [{"asset_id": "109890765802094520314466238764724896138445452811063729197405027280649999403861", "price": "0.02", "size": "6.54", "side": "BUY", "hash": "ff4a7b2af503a998179a23a90c3d6dfaf1653234", "best_bid": "0.26", "best_ask": "0.33"}, {"asset_id": "73115803407756156037600269991619321742302493462369794046920755656645489158581", "price": "0.98", "size": "6.54", "side": "SELL", "hash": "defdc82070cb027332237ba671d8bdbfc5923414", "best_bid": "0.67", "best_ask": "0.74"}], "timestamp": "1769384487000", "event_type": "price_change"}}
{"_local_timestamp": "2026-01-25T23:41:27.256602+00:00", "data": {"market": "0x8ae921c24fc0e0463e3009f8ec68cb827ab192ff4234796fbed65778946c4bb4", "price_changes": [{"asset_id": "73115803407756156037600269991619321742302493462369794046920755656645489158581", "price": "0.02", "size": "2100", "side": "BUY", "hash": "cea2ff577c7d06b75165d52d414b53f4b2fdb408", "best_bid": "0.67", "best_ask": "0.74"}, {"asset_id": "109890765802094520314466238764724896138445452811063729197405027280649999403861", "price": "0.98", "size": "2100", "side": "SELL", "hash": "1fab42bab5443e1d266dd29e104fd21ff236036e", "best_bid": "0.26", "best_ask": "0.33"}], "timestamp": "1769384487000", "event_type": "price_change"}}
{"_local_timestamp": "2026-01-25T23:41:33.863487+00:00", "data": {"market": "0x8ae921c24fc0e0463e3009f8ec68cb827ab192ff4234796fbed65778946c4bb4", "price_changes": [{"asset_id": "73115803407756156037600269991619321742302493462369794046920755656645489158581", "price": "0.02", "size": "2250", "side": "BUY", "hash": "86993b6f83fd64b3d5627aaf3cc34a24e8115953", "best_bid": "0.67", "best_ask": "0.74"}, {"asset_id": "109890765802094520314466238764724896138445452811063729197405027280649999403861", "price": "0.98", "size": "2250", "side": "SELL", "hash": "c842bf96bbef8ca1fed30818ad0d42948bc88936", "best_bid": "0.26", "best_ask": "0.33"}], "timestamp": "1769384493763", "event_type": "price_change"}}
{"_local_timestamp": "2026-01-25T23:41:33.875624+00:00", "data": {"market": "0x8ae921c24fc0e0463e3009f8ec68cb827ab192ff4234796fbed65778946c4bb4", "price_changes": [{"asset_id": "109890765802094520314466238764724896138445452811063729197405027280649999403861", "price": "0.02", "size": "156.54", "side": "BUY", "hash": "5f8d2aa73294fdb58cb8629e08c1b347478dc70d", "best_bid": "0.26", "best_ask": "0.33"}, {"asset_id": "73115803407756156037600269991619321742302493462369794046920755656645489158581", "price": "0.98", "size": "156.54", "side": "SELL", "hash": "d1994b836a8e55044bfebe8fc4a73601b6c9a96e", "best_bid": "0.67", "best_ask": "0.74"}], "timestamp": "1769384493765", "event_type": "price_change"}}
